{"host":"2461dio7vetlq1z3","time":1607876666,"event":{"mods":["AchievementEnabler","Aspiration","BaseMod","Hermit","Lobotomy","Minty Spire (QoL Compilation)","Relic Stats","Spicy Shops","StSLib","Waifu the Spire"],"gold_per_floor":[111,111,111,111,25,25,55,55,55,55,85,10,22,37,37,111,111,129,144,155,80,95,121,121,156,156,156,156],"floor_reached":27,"playtime":934,"items_purged":["Strike_R"],"score":492,"play_id":"4311fafd-2b07-430b-91b6-b209d9a93f39","local_time":"20201213172426","is_ascension_mode":true,"campfire_choices":[{"data":"Armaments","floor":6,"key":"SMITH"},{"data":"Disarm","floor":8,"key":"SMITH"},{"data":"Inflame","floor":10,"key":"SMITH"},{"floor":15,"key":"REST"}],"circlet_count":0,"master_deck":["AscendersBane","Strike_R","Strike_R","Defend_R","Defend_R","Defend_R","Defend_R","Bash","Inflame+1","Armaments+1","Injury","Rampage+1","Disarm+1","Second Wind","Pommel Strike+1","Sever Soul+1","Immolate+1","Hemokinesis+1","Feel No Pain","True Grit","Dual Wield","Inflame"],"relics":["aspiration:RitualDagger","Molten Egg 2","Kunai","Mummified Hand","Nunchaku","Velvet Choker","aspiration:FrozenJewel","Darkstone Periapt","Akabeko"],"acts_visited":["Exordium","TheCity"],"potions_floor_usage":[11,25],"damage_taken":[{"damage":21,"enemies":"Small Slimes","floor":1,"turns":4},{"damage":44,"enemies":"Gremlin Nob","floor":7,"turns":4},{"damage":40,"enemies":"Lagavulin","floor":11,"turns":7},{"damage":22,"enemies":"Jaw Worm","floor":13,"turns":5},{"damage":13,"enemies":"2 Louse","floor":14,"turns":4},{"damage":59,"enemies":"Hexaghost","floor":16,"turns":9},{"damage":28,"enemies":"Shell Parasite","floor":18,"turns":5},{"damage":11,"enemies":"Chosen","floor":19,"turns":3},{"damage":33,"enemies":"Snecko","floor":20,"turns":5},{"damage":12,"enemies":"Centurion and Healer","floor":22,"turns":4},{"damage":19,"enemies":"Gremlin Leader","floor":23,"turns":5},{"damage":35,"enemies":"Book of Stabbing","floor":25,"turns":5},{"damage":26,"enemies":"Slavers","floor":27,"turns":1}],"seed_played":"-463770977977564643","potions_obtained":[{"floor":7,"key":"AttackPotion"},{"floor":11,"key":"SteroidPotion"},{"floor":13,"key":"AttackPotion"},{"floor":25,"key":"Weak Potion"}],"is_trial":false,"path_per_floor":["M","?","?","?","$","R","E","R","T","R","E","$","M","M","R","B",null,"M","M","M","?","M","E","?","E","T","E"],"character_chosen":"IRONCLAD","items_purchased":["Rampage+1"],"campfire_rested":1,"item_purchase_floors":[5],"current_hp_per_floor":[47,47,47,47,47,47,3,3,3,3,50,50,35,27,49,20,61,44,44,25,25,30,40,34,18,18,0,0],"gold":156,"neow_bonus":"BOSS_RELIC","is_daily":false,"chose_seed":false,"campfire_upgraded":3,"win_rate":0.0,"timestamp":1607876666,"path_taken":["M","?","?","?","$","R","E","R","T","R","E","?","M","M","R","BOSS","M","M","M","?","M","E","?","E","T","E"],"items_purchased_type":["Card"],"build_version":"2020-11-30","purchased_purges":1,"victory":false,"max_hp_per_floor":[75,75,75,75,75,75,75,75,75,75,75,75,75,75,75,75,75,75,75,75,75,75,75,75,75,75,75,75],"relic_stats":{"Darkstone Periapt":0,"Nunchaku":[7],"counters":[13,61],"Mummified Hand":[16],"Kunai":[6],"obtain_stats":[{"Darkstone Periapt":25,"Nunchaku":11,"Mummified Hand":9,"Velvet Choker":17,"Molten Egg 2":4,"aspiration:RitualDagger":0,"Kunai":7,"Burning Blood":0,"aspiration:FrozenJewel":23,"Akabeko":26},{"Darkstone Periapt":12,"Nunchaku":3,"Mummified Hand":2,"Velvet Choker":6,"Molten Egg 2":1,"aspiration:RitualDagger":0,"Kunai":2,"Burning Blood":0,"aspiration:FrozenJewel":11,"Akabeko":12},{"Darkstone Periapt":60,"Nunchaku":15,"Mummified Hand":8,"Velvet Choker":33,"Molten Egg 2":4,"aspiration:RitualDagger":0,"Kunai":8,"Burning Blood":0,"aspiration:FrozenJewel":55,"Akabeko":60}]},"card_choices":[{"not_picked":["Cleave","Havoc"],"picked":"Inflame","floor":1},{"not_picked":["Dual Wield","Rampage+1"],"picked":"Disarm","floor":7},{"not_picked":["Carnage+1","Rage"],"picked":"Second Wind","floor":11},{"not_picked":["Warcry","Searing Blow+1"],"picked":"Pommel Strike+1","floor":13},{"not_picked":["Iron Wave+1","Hemokinesis+1"],"picked":"Sever Soul+1","floor":14},{"not_picked":["Limit Break","Double Tap"],"picked":"Immolate+1","floor":16},{"not_picked":["Perfected Strike+1","Heavy Blade+1"],"picked":"Hemokinesis+1","floor":18},{"not_picked":["Sentinel","Headbutt+1"],"picked":"Feel No Pain","floor":19},{"not_picked":["Second Wind","Thunderclap+1"],"picked":"True Grit","floor":20},{"not_picked":["Heavy Blade+1","Evolve","Intimidate+1"],"picked":"SKIP","floor":22},{"not_picked":["Twin Strike+1","Reckless Charge+1"],"picked":"Dual Wield","floor":23},{"not_picked":["Thunderclap+1","Perfected Strike+1"],"picked":"Inflame","floor":25}],"player_experience":685033,"relics_obtained":[{"floor":7,"key":"Kunai"},{"floor":9,"key":"Mummified Hand"},{"floor":11,"key":"Nunchaku"},{"floor":23,"key":"aspiration:FrozenJewel"},{"floor":25,"key":"Darkstone Periapt"},{"floor":26,"key":"Akabeko"}],"event_choices":[{"damage_healed":0,"gold_gain":0,"cards_transformed":["Strike_R"],"player_choice":"Change","damage_taken":0,"max_hp_gain":0,"max_hp_loss":0,"event_name":"Living Wall","floor":2,"gold_loss":0,"cards_obtained":["Armaments"]},{"damage_healed":0,"gold_gain":0,"player_choice":"Ignored","damage_taken":0,"max_hp_gain":0,"max_hp_loss":0,"event_name":"Liars Game","floor":3,"gold_loss":0},{"cards_removed":["Strike_R"],"damage_healed":0,"gold_gain":0,"player_choice":"Gave Gold","damage_taken":0,"max_hp_gain":0,"max_hp_loss":0,"event_name":"Beggar","floor":21,"gold_loss":75},{"damage_healed":0,"gold_gain":0,"player_choice":"","damage_taken":6,"max_hp_gain":0,"max_hp_loss":0,"event_name":"Knowing Skull","floor":24,"potions_obtained":[],"gold_loss":0,"cards_obtained":[]}],"is_beta":false,"boss_relics":[{"not_picked":["SacredBark","Calling Bell"],"picked":"Velvet Choker"}],"items_purged_floors":[12],"is_endless":false,"potions_floor_spawned":[7,11,13,19,23,25],"killed_by":"Slavers","ascension_level":18}}