{"host":"e9x02d116nyd6j9y","time":1607876905,"event":{"mods":["BaseMod","Minty Spire (QoL Compilation)","SuperFastMode","everything is the same but u backflip on backflip"],"gold_per_floor":[112,112,126,126,139,139,155,174,198,198,273,292,323,323,323,423,423,412,117,117,117,130,130,155,169,169,179,199,199,199,218,218,218,218],"floor_reached":33,"playtime":997,"items_purged":[],"score":274,"play_id":"4f4b6651-8907-42c9-ad61-ce558b6d7ec6","local_time":"20201214012825","is_ascension_mode":false,"campfire_choices":[{"data":"Cleave","floor":6,"key":"SMITH"},{"data":"Anger","floor":10,"key":"SMITH"},{"floor":15,"key":"REST"},{"data":"Reaper","floor":23,"key":"SMITH"},{"data":"Body Slam","floor":30,"key":"SMITH"},{"floor":32,"key":"REST"}],"circlet_count":0,"master_deck":["Strike_R+1","Strike_R+1","Strike_R+1","Strike_R+1","Strike_R+1","Defend_R+1","Defend_R+1","Defend_R+1","Defend_R+1","Bash","Cleave+1","Iron Wave","Thunderclap","Anger+1","Wild Strike","Pommel Strike","Headbutt","Reaper+1","Shrug It Off","Wild Strike+1","Shrug It Off","Body Slam+1","Anger"],"relics":["Burning Blood","NeowsBlessing","Lantern","PreservedInsect","Nunchaku","Runic Cube","Calipers","Vajra","Pear"],"acts_visited":["Exordium","TheCity"],"potions_floor_usage":[18,33,33,33],"damage_taken":[{"damage":0,"enemies":"2 Louse","floor":1,"turns":1},{"damage":0,"enemies":"Cultist","floor":3,"turns":1},{"damage":0,"enemies":"Jaw Worm","floor":5,"turns":1},{"damage":13,"enemies":"3 Louse","floor":7,"turns":3},{"damage":0,"enemies":"Lots of Slimes","floor":8,"turns":3},{"damage":8,"enemies":"2 Fungi Beasts","floor":12,"turns":3},{"damage":21,"enemies":"Lagavulin","floor":13,"turns":5},{"damage":11,"enemies":"Slime Boss","floor":16,"turns":5},{"damage":13,"enemies":"2 Thieves","floor":18,"turns":4},{"damage":11,"enemies":"Chosen","floor":22,"turns":5},{"damage":7,"enemies":"Snecko","floor":25,"turns":4},{"damage":39,"enemies":"Snake Plant","floor":27,"turns":4},{"damage":13,"enemies":"Centurion and Healer","floor":28,"turns":7},{"damage":15,"enemies":"Snecko","floor":31,"turns":5},{"damage":121,"enemies":"Collector","floor":33,"turns":11}],"seed_played":"1140201892342872262","potions_obtained":[{"floor":3,"key":"Explosive Potion"},{"floor":7,"key":"SteroidPotion"},{"floor":12,"key":"GamblersBrew"},{"floor":13,"key":"EssenceOfSteel"},{"floor":22,"key":"Explosive Potion"}],"is_trial":false,"path_per_floor":["M","?","M","?","M","R","M","M","T","R","?","M","E","?","R","B",null,"M","$","?","$","M","R","T","M","T","M","M","?","R","M","R","B"],"character_chosen":"IRONCLAD","items_purchased":["Calipers"],"campfire_rested":2,"item_purchase_floors":[19],"current_hp_per_floor":[80,85,85,85,85,85,78,84,84,84,73,71,56,56,81,76,85,78,78,78,78,73,73,73,81,91,58,63,63,63,54,82,0,0],"gold":218,"neow_bonus":"THREE_ENEMY_KILL","is_daily":false,"chose_seed":false,"campfire_upgraded":4,"win_rate":0.0,"timestamp":1607876905,"path_taken":["M","?","M","?","M","R","M","?","T","R","?","M","E","?","R","BOSS","M","?","?","?","M","R","?","?","T","M","M","?","R","M","R","BOSS"],"items_purchased_type":["Relic"],"build_version":"2020-11-30","purchased_purges":0,"victory":false,"max_hp_per_floor":[80,85,85,85,85,85,85,85,85,85,85,85,85,85,85,85,85,85,85,85,85,85,85,85,85,95,95,95,95,95,95,95,95,95],"card_choices":[{"not_picked":["Iron Wave","Intimidate"],"picked":"Cleave","floor":1},{"not_picked":["Warcry","Pummel"],"picked":"Iron Wave","floor":3},{"not_picked":["Wild Strike","Power Through"],"picked":"Thunderclap","floor":5},{"not_picked":["Reckless Charge","Armaments"],"picked":"Anger","floor":7},{"not_picked":["Dual Wield","Flex"],"picked":"Wild Strike","floor":8},{"not_picked":["Warcry","Seeing Red"],"picked":"Pommel Strike","floor":12},{"not_picked":["Heavy Blade","Inflame"],"picked":"Headbutt","floor":13},{"not_picked":["Offering","Demon Form"],"picked":"Reaper","floor":16},{"not_picked":["Wild Strike","Twin Strike"],"picked":"Shrug It Off","floor":18},{"not_picked":["Sword Boomerang","Power Through"],"picked":"Wild Strike+1","floor":22},{"not_picked":["Fire Breathing","Thunderclap"],"picked":"Shrug It Off","floor":25},{"not_picked":["Clash","True Grit+1"],"picked":"Body Slam","floor":27},{"not_picked":["True Grit","Heavy Blade"],"picked":"Anger","floor":28},{"not_picked":["Seeing Red","Wild Strike","Perfected Strike+1"],"picked":"SKIP","floor":31}],"player_experience":13726,"relics_obtained":[{"floor":9,"key":"PreservedInsect"},{"floor":13,"key":"Nunchaku"},{"floor":24,"key":"Vajra"},{"floor":26,"key":"Pear"}],"event_choices":[{"damage_healed":0,"gold_gain":0,"player_choice":"Donut","damage_taken":0,"max_hp_gain":5,"max_hp_loss":0,"event_name":"Big Fish","floor":2,"gold_loss":0},{"damage_healed":0,"gold_gain":0,"player_choice":"Gave Potion","damage_taken":0,"relics_obtained":["Lantern"],"max_hp_gain":0,"max_hp_loss":0,"event_name":"WeMeetAgain","floor":4,"gold_loss":0},{"damage_healed":0,"gold_gain":75,"player_choice":"Gather Gold","damage_taken":11,"max_hp_gain":0,"max_hp_loss":0,"event_name":"World of Goop","floor":11,"gold_loss":0},{"damage_healed":0,"gold_gain":0,"player_choice":"Bought 0 Potions","damage_taken":0,"max_hp_gain":0,"max_hp_loss":0,"event_name":"The Woman in Blue","floor":14,"gold_loss":0},{"damage_healed":0,"gold_gain":0,"player_choice":"Ignored","damage_taken":0,"max_hp_gain":0,"max_hp_loss":0,"event_name":"Ghosts","floor":20,"gold_loss":0},{"damage_healed":0,"gold_gain":0,"player_choice":"Simplicity","damage_taken":0,"max_hp_gain":0,"max_hp_loss":0,"event_name":"Back to Basics","floor":29,"gold_loss":0,"cards_upgraded":["Strike_R","Strike_R","Strike_R","Strike_R","Strike_R","Defend_R","Defend_R","Defend_R","Defend_R"]}],"is_beta":false,"boss_relics":[{"not_picked":["Busted Crown","Coffee Dripper"],"picked":"Runic Cube"}],"items_purged_floors":[],"is_endless":false,"potions_floor_spawned":[3,7,12,13,22,31],"killed_by":"Collector","ascension_level":0}}