{"host":"y94psiiulyl24n05","time":1607860128,"event":{"mods":["AchievementEnabler","Aspiration","BaseMod","Better Altar","Better Match","Better Note","Better Sensory Stone","Better Skull","Better Third Choice","BetterRewards","Colored Map","Colored Powertips","Downfall","GifTheSpireLib","Googly Eyes","Halation","Highlight Path","Hubris","Mimic Mod","Minty Spire (QoL Compilation)","Replay The Spire","Shop Mod","Spicy Shops","StSLib","Stuff the Spire","Unceasing Turn Reminder","everything is the same but u backflip on backflip","slay the spire mod where everything is the same but ironclad has a cowboy hat"],"gold_per_floor":[111,129,142,162,162,192,206,248,288,305,305,322,322,339,339,436,436,455,380,380,89,109,144,144,155,155,155,155],"floor_reached":27,"playtime":1468,"items_purged":[],"score":237,"play_id":"ce8267ae-f0bf-46fd-8fa0-88034f3fb4ac","local_time":"20201213124848","is_ascension_mode":false,"campfire_choices":[{"data":"Armaments","floor":11,"key":"SMITH"},{"floor":15,"key":"REST"},{"data":"Sword Boomerang","floor":24,"key":"SMITH"}],"circlet_count":0,"master_deck":["Strike_R","Strike_R","Strike_R","Strike_R","Strike_R","Defend_R","Defend_R","Defend_R","Defend_R","Bash","ReplayTheSpireMod:Limb From Limb","ReplayTheSpireMod:Muscle Training+1","Rage","Armaments+1","Anger","Replay:Undeath\u0027s Touch","Sword Boomerang+1","Metallicize","Sword Boomerang","Sword Boomerang","Feed","ReplayTheSpireMod:Muscle Training","Warcry","Midas Touch","Strike_P","Armaments+1","StuffTheSpire:BloodClot","hubris:ReadiedAction"],"relics":["Burning Blood","NeowsBlessing","ReplayTheSpireMod:Spearhead","halation:AfternoonTea","Ring of Peace","Ring of Fury","aspiration:SecretTechniqueScroll","StuffTheSpire:Expresso","StuffTheSpire:Barrel","halation:SelfBoilingWater"],"acts_visited":["Exordium","TheCity"],"potions_floor_usage":[7,7,9,12,14,16,23,27],"damage_taken":[{"damage":0,"enemies":"Small Slimes","floor":1,"turns":2},{"damage":0,"enemies":"2 Louse","floor":2,"turns":1},{"damage":0,"enemies":"Jaw Worm","floor":3,"turns":1},{"damage":19,"enemies":"Blue Slaver","floor":4,"turns":4},{"damage":60,"enemies":"3 Sentries","floor":6,"turns":13},{"damage":1,"enemies":"3 Louse","floor":7,"turns":3},{"damage":2,"enemies":"Large Slime","floor":9,"turns":6},{"damage":0,"enemies":"Large Slime","floor":10,"turns":2},{"damage":17,"enemies":"Exordium Wildlife","floor":12,"turns":6},{"damage":0,"enemies":"3 Louse","floor":14,"turns":2},{"damage":34,"enemies":"Hexaghost","floor":16,"turns":10},{"damage":2,"enemies":"3 Byrds","floor":18,"turns":5},{"damage":6,"enemies":"Shell Parasite","floor":22,"turns":4},{"damage":62,"enemies":"Slavers","floor":23,"turns":7},{"damage":25,"enemies":"Centurion and Healer","floor":25,"turns":7},{"damage":25,"enemies":"3 Cultists","floor":27,"turns":5}],"seed_played":"-810129960636228405","potions_obtained":[{"floor":1,"key":"Dexterity Potion"},{"floor":3,"key":"BloodPotion"},{"floor":6,"key":"AttackPotion"},{"floor":8,"key":"Venom Potion"},{"floor":8,"key":"Doom Potion"},{"floor":12,"key":"Explosive Potion"},{"floor":14,"key":"AttackPotion"},{"floor":22,"key":"champ:CounterPotion"},{"floor":25,"key":"LifebloodPotion"}],"is_trial":false,"path_per_floor":["M","M","M","M","?","E","M","?","MIM","M","R","M","?","M","R","B",null,"M","?","?","$","M","E","R","M","T","M"],"character_chosen":"IRONCLAD","items_purchased":["StuffTheSpire:Expresso"],"campfire_rested":1,"item_purchase_floors":[21],"current_hp_per_floor":[80,80,80,67,67,13,34,34,38,44,44,33,33,39,63,50,80,84,84,84,84,87,35,35,16,16,0,0],"gold":155,"neow_bonus":"THREE_ENEMY_KILL","is_daily":false,"chose_seed":false,"campfire_upgraded":2,"win_rate":0.0,"timestamp":1607860128,"path_taken":["M","M","M","M","?","E","M","?","MIM","M","R","M","?","M","R","BOSS","M","?","?","$","?","E","R","M","T","M"],"items_purchased_type":["Relic"],"build_version":"2020-11-30","purchased_purges":0,"victory":false,"max_hp_per_floor":[80,80,80,80,80,80,80,80,80,80,80,80,80,80,80,80,80,84,84,84,84,87,91,91,91,91,91,91],"card_choices":[{"not_picked":["Spot Weakness","Carnage"],"picked":"ReplayTheSpireMod:Limb From Limb","floor":1},{"not_picked":["Replay:Undeath\u0027s Touch","Wild Strike"],"picked":"ReplayTheSpireMod:Muscle Training","floor":2},{"not_picked":["Uppercut","ReplayTheSpireMod:Strike From Hell"],"picked":"Rage","floor":3},{"not_picked":["ReplayTheSpireMod:Strike From Hell","Shockwave"],"picked":"Armaments","floor":4},{"not_picked":["ReplayTheSpireMod:Strike From Hell","Wild Strike"],"picked":"Anger","floor":6},{"not_picked":["Headbutt","hubris:SharpeningStone","Hemokinesis"],"picked":"SKIP","floor":7},{"not_picked":["Clothesline","Sever Soul"],"picked":"Replay:Undeath\u0027s Touch","floor":8},{"not_picked":["Flame Barrier","StuffTheSpire:Slingshot"],"picked":"Sword Boomerang","floor":9},{"not_picked":["Body Slam","Replay:Undeath\u0027s Touch"],"picked":"Metallicize","floor":10},{"not_picked":["Body Slam","StuffTheSpire:RockThrow"],"picked":"Sword Boomerang","floor":12},{"not_picked":["Headbutt","Sever Soul"],"picked":"Sword Boomerang","floor":14},{"not_picked":["Juggernaut","Fiend Fire"],"picked":"Feed","floor":16},{"not_picked":["ReplayTheSpireMod:Strike From Hell","Entrench"],"picked":"ReplayTheSpireMod:Muscle Training","floor":18},{"not_picked":["Wild Strike","Havoc"],"picked":"Warcry","floor":19},{"not_picked":["ReplayUltimateDefense","ReplayTheSpireMod:Necrogeddon"],"picked":"Midas Touch","floor":19},{"not_picked":["Warcry","Body Slam"],"picked":"Armaments+1","floor":22},{"not_picked":["hubris:ReadiedAction","ReplayTheSpireMod:Strike From Hell"],"picked":"StuffTheSpire:BloodClot","floor":23},{"not_picked":["True Grit","Impervious"],"picked":"hubris:ReadiedAction","floor":25}],"player_experience":145548,"relics_obtained":[{"floor":6,"key":"ReplayTheSpireMod:Spearhead"},{"floor":9,"key":"halation:AfternoonTea"},{"floor":13,"key":"Ring of Peace"},{"floor":13,"key":"Ring of Fury"},{"floor":23,"key":"StuffTheSpire:Barrel"},{"floor":26,"key":"halation:SelfBoilingWater"}],"event_choices":[{"damage_healed":0,"gold_gain":0,"player_choice":"1","damage_taken":0,"max_hp_gain":0,"max_hp_loss":0,"event_name":"betterMatch:BetterMatch","floor":19,"gold_loss":0,"cards_obtained":["betterMatch:CommonCard","betterMatch:ColorlessRareCard"]},{"cards_removed":["Strike_R"],"damage_healed":0,"gold_gain":0,"player_choice":"Take \u0026 Give","damage_taken":0,"max_hp_gain":0,"max_hp_loss":0,"event_name":"betterNote:BetterNote","floor":20,"gold_loss":0,"cards_obtained":["Strike_P"]}],"is_beta":false,"boss_relics":[{"not_picked":["aspiration:DefectSkillbook","Black Star"],"picked":"aspiration:SecretTechniqueScroll"}],"items_purged_floors":[],"is_endless":false,"potions_floor_spawned":[1,3,6,12,14,22,25],"killed_by":"3 Cultists","ascension_level":0}}