{"host":"4coy96o7l3fioe37","time":1607821784,"event":{"mods":["AchievementEnabler","Act Like it!","AlwaysNeverKeys","BaseMod","Better Altar","Better Match","Better Note","Better Sensory Stone","Better Skull","Better Third Choice","Better Vampires","BetterRewards","ChefMod","Colored Map","Disable Question Mark Monsters","Downfall","Minty Spire (QoL Compilation)","Rare Cards Sparkle","StSLib"],"gold_per_floor":[99,114,148,162,179,179,179,199,213,244,261,261,276,286,296,296,296],"floor_reached":16,"playtime":1588,"items_purged":[],"score":118,"play_id":"111680f6-9f9e-49e3-9fa3-c887c73e8382","local_time":"20201213010944","is_ascension_mode":false,"campfire_choices":[{"data":"hexamod:Sear","floor":1,"key":"SMITH"}],"circlet_count":0,"master_deck":["hexamod:Strike","hexamod:Strike","hexamod:Strike","hexamod:Strike","hexamod:Defend","hexamod:Defend","hexamod:Defend","hexamod:Defend","hexamod:Sear+1","hexamod:Float","hexamod:SoulSteal","hexamod:FastForward","hexamod:HeatMetal","hexamod:ThermalTransfer","hexamod:BurningTouch","hexamod:FirstSeal","hexamod:ExtraCrispy","hexamod:HeatShield","hexamod:ThirdSeal","hexamod:SecondSeal","hexamod:EmpoweredFlame"],"relics":["hexamod:SpiritBrand","Prayer Wheel","Question Card","FossilizedHelix"],"acts_visited":["Exordium"],"potions_floor_usage":[],"damage_taken":[{"damage":0,"enemies":"2 Louse","floor":2,"turns":3},{"damage":21,"enemies":"Lagavulin","floor":3,"turns":6},{"damage":4,"enemies":"Cultist","floor":4,"turns":4},{"damage":0,"enemies":"Small Slimes","floor":5,"turns":4},{"damage":5,"enemies":"2 Fungi Beasts","floor":8,"turns":3},{"damage":12,"enemies":"Red Slaver","floor":9,"turns":4},{"damage":26,"enemies":"3 Sentries","floor":10,"turns":6},{"damage":10,"enemies":"3 Louse","floor":11,"turns":3},{"damage":0,"enemies":"Large Slime","floor":13,"turns":3},{"damage":0,"enemies":"Exordium Wildlife","floor":14,"turns":3},{"damage":2,"enemies":"Blue Slaver","floor":15,"turns":3},{"damage":37,"enemies":"downfall:Ironclad","floor":16,"turns":9}],"seed_played":"-4001009157617424319","potions_obtained":[{"floor":2,"key":"Swift Potion"},{"floor":3,"key":"Guardian:BlockOnCardUsePotion"},{"floor":4,"key":"LiquidBronze"}],"is_trial":false,"path_per_floor":["R","M","E","M","M","?","T","M","M","E","M","?","M","M","M","B"],"character_chosen":"THE_SPIRIT","items_purchased":[],"campfire_rested":0,"item_purchase_floors":[],"current_hp_per_floor":[77,77,56,52,52,52,52,47,42,16,6,6,13,20,25,0,0],"gold":296,"neow_bonus":"TEN_PERCENT_HP_BONUS","is_daily":false,"chose_seed":false,"campfire_upgraded":1,"win_rate":0.0,"timestamp":1607821784,"path_taken":["R","M","E","M","M","?","T","?","M","E","M","?","?","M","M","BOSS"],"items_purchased_type":[],"build_version":"2020-11-30","purchased_purges":0,"victory":false,"max_hp_per_floor":[77,77,77,77,77,77,77,77,77,77,77,77,77,77,77,77,77],"card_choices":[{"not_picked":["hexamod:FlamesFromBeyond","hexamod:RecurringNightmare"],"picked":"hexamod:SoulSteal","floor":2},{"not_picked":["hexamod:FourthSeal","hexamod:StepThrough"],"picked":"hexamod:FastForward","floor":3},{"not_picked":["hexamod:Again","hexamod:StepThrough"],"picked":"hexamod:HeatMetal","floor":4},{"not_picked":["hexamod:Firestarter","hexamod:ShieldOfDarkness"],"picked":"hexamod:ThermalTransfer","floor":4},{"not_picked":["hexamod:ShieldOfDarkness","hexamod:FastForward"],"picked":"hexamod:BurningTouch","floor":5},{"not_picked":["hexamod:SpectralAdrenaline","hexamod:HeatMetal","hexamod:GhostShield"],"picked":"SKIP","floor":5},{"not_picked":["hexamod:BurningTouch","hexamod:InspiringFlames","hexamod:Hexaguard"],"picked":"hexamod:FirstSeal","floor":8},{"not_picked":["hexamod:GhostLash","hexamod:GhostOfSpirePast","hexamod:BacktrackSmack"],"picked":"hexamod:ExtraCrispy","floor":8},{"not_picked":["hexamod:NightmareStrike","hexamod:SkipABeat","hexamod:RainOfEmbers"],"picked":"hexamod:HeatShield","floor":9},{"not_picked":["hexamod:BurningTouch","hexamod:HeatMetal","hexamod:ExtraCrispy","hexamod:FirstSeal"],"picked":"SKIP","floor":9},{"not_picked":["hexamod:ParanormalForm","hexamod:SkipABeat","hexamod:NightmareGuise"],"picked":"hexamod:ThirdSeal","floor":10},{"not_picked":["hexamod:SoulSteal","hexamod:EtherealExpedition","hexamod:BurningTouch","hexamod:RecurringNightmare"],"picked":"SKIP","floor":11},{"not_picked":["hexamod:AdvancingGuard","hexamod:RainOfEmbers","hexamod:ThermalTransfer","hexamod:NightmareStrike"],"picked":"SKIP","floor":11},{"not_picked":["hexamod:GhostflameBarrier","hexamod:SwordOfDarkness","hexamod:AdvancingGuard","hexamod:GhostflameInferno"],"picked":"SKIP","floor":11},{"not_picked":["hexamod:FastForward","hexamod:DynamicBlow","hexamod:NightmareStrike","hexamod:GhostOfSpirePresent"],"picked":"SKIP","floor":13},{"not_picked":["hexamod:ThirdSeal","hexamod:SoulSteal","hexamod:BurningTouch","hexamod:AdvancingGuard"],"picked":"SKIP","floor":13},{"not_picked":["hexamod:HauntingEcho","hexamod:InspiringFlames","hexamod:RadiantFlame"],"picked":"hexamod:SecondSeal","floor":14},{"not_picked":["hexamod:SwordOfDarkness","hexamod:BurningTouch","hexamod:RadiantFlame"],"picked":"hexamod:EmpoweredFlame","floor":14},{"not_picked":["hexamod:Incineration","hexamod:ShieldOfDarkness","hexamod:GhostOfSpireFuture","hexamod:RainOfEmbers"],"picked":"SKIP","floor":14},{"not_picked":["hexamod:FastForward","hexamod:RetreatToShadows","hexamod:SkipABeat","hexamod:GhostOfSpirePresent"],"picked":"SKIP","floor":15},{"not_picked":["hexamod:RainOfEmbers","hexamod:GiftsFromTheDead","hexamod:FirstSeal","hexamod:BurningTouch"],"picked":"SKIP","floor":15}],"player_experience":262239,"relics_obtained":[{"floor":3,"key":"Prayer Wheel"},{"floor":7,"key":"Question Card"},{"floor":10,"key":"FossilizedHelix"}],"event_choices":[{"damage_healed":0,"gold_gain":1,"player_choice":"1","damage_taken":0,"max_hp_gain":0,"max_hp_loss":0,"event_name":"betterStone:BetterStone","floor":12,"gold_loss":0}],"is_beta":false,"boss_relics":[],"items_purged_floors":[],"is_endless":false,"potions_floor_spawned":[2,3,4,10,11,14],"killed_by":"downfall:Ironclad","ascension_level":0}}