{"host":"jksa5rawk3m4gilz","time":1607878291,"event":{"mods":["BaseMod","Colored Map","Highlight Path","Minty Spire (QoL Compilation)","Quick Restart"],"gold_per_floor":[119,119,49,66,78,108,108,142,142,142,154,187,207,57,57,159,159,175,175,100,113,132,132,167,167,192,224,224,224,260,284,284,284,284],"floor_reached":33,"playtime":1028,"items_purged":[],"score":578,"play_id":"28ad6708-be97-4a8b-8213-e61c171c6b10","local_time":"20201213175131","is_ascension_mode":true,"campfire_choices":[{"floor":7,"key":"REST"},{"floor":15,"key":"REST"},{"floor":23,"key":"REST"},{"floor":25,"key":"REST"},{"floor":29,"key":"REST"},{"floor":32,"key":"REST"}],"circlet_count":0,"master_deck":["AscendersBane","Strike_P","Strike_P","Strike_P","Defend_P","Defend_P","Defend_P","Defend_P","Eruption+1","Vigilance","Vengeance","ReachHeaven","TalkToTheHand","ClearTheMind","Prostrate","Devotion","Devotion","Judgement","EmptyFist+1","FlurryOfBlows+1","Pray+1","Decay","Adaptation","WaveOfTheHand+1"],"relics":["PureWater","NeowsBlessing","PreservedInsect","CloakClasp","Question Card","Blood Vial","Ancient Tea Set","DollysMirror","Cursed Key","Nilry\u0027s Codex","CaptainsWheel","Nunchaku","Ginger","CeramicFish"],"acts_visited":["Exordium","TheCity"],"potions_floor_usage":[21,21,24,27],"damage_taken":[{"damage":0,"enemies":"Small Slimes","floor":1,"turns":2},{"damage":0,"enemies":"Cultist","floor":4,"turns":1},{"damage":0,"enemies":"Jaw Worm","floor":5,"turns":1},{"damage":19,"enemies":"3 Sentries","floor":6,"turns":7},{"damage":12,"enemies":"Lagavulin","floor":8,"turns":3},{"damage":3,"enemies":"Exordium Thugs","floor":11,"turns":3},{"damage":16,"enemies":"Gremlin Nob","floor":12,"turns":3},{"damage":0,"enemies":"2 Fungi Beasts","floor":13,"turns":4},{"damage":0,"enemies":"Slime Boss","floor":16,"turns":6},{"damage":21,"enemies":"2 Thieves","floor":18,"turns":4},{"damage":3,"enemies":"3 Byrds","floor":21,"turns":3},{"damage":31,"enemies":"Snake Plant","floor":22,"turns":3},{"damage":13,"enemies":"Slavers","floor":24,"turns":3},{"damage":17,"enemies":"Gremlin Leader","floor":27,"turns":3},{"damage":25,"enemies":"Slavers","floor":30,"turns":3},{"damage":41,"enemies":"Cultist and Chosen","floor":31,"turns":8},{"damage":25,"enemies":"Automaton","floor":33,"turns":2}],"seed_played":"-7979121775776754954","potions_obtained":[{"floor":4,"key":"DistilledChaos"},{"floor":5,"key":"DuplicationPotion"},{"floor":21,"key":"Fire Potion"},{"floor":22,"key":"LiquidBronze"},{"floor":24,"key":"Swift Potion"}],"is_trial":false,"path_per_floor":["M","?","$","M","M","E","R","E","T","?","M","E","M","$","R","B",null,"M","?","?","M","M","R","E","R","T","E","?","R","E","M","R","B"],"character_chosen":"WATCHER","items_purchased":["ReachHeaven","DollysMirror"],"campfire_rested":6,"item_purchase_floors":[3,14],"current_hp_per_floor":[65,65,65,65,65,46,67,55,55,43,42,28,30,30,51,53,67,48,32,32,31,2,23,12,33,33,18,42,63,40,1,22,0,0],"gold":284,"neow_bonus":"THREE_ENEMY_KILL","is_daily":false,"chose_seed":false,"campfire_upgraded":0,"win_rate":0.0,"timestamp":1607878291,"path_taken":["M","?","$","M","?","E","R","E","T","?","M","E","M","?","R","BOSS","M","?","?","M","M","R","E","R","T","E","?","R","E","M","R","BOSS"],"items_purchased_type":["Card","Relic"],"build_version":"2020-11-30","purchased_purges":0,"victory":false,"max_hp_per_floor":[72,72,72,72,72,72,72,72,72,72,72,72,72,72,72,72,72,72,72,72,72,72,72,72,72,72,72,72,72,72,72,72,72,72],"card_choices":[{"not_picked":["CrushJoints","FlurryOfBlows"],"picked":"Vengeance","floor":1},{"not_picked":["SignatureMove","BowlingBash"],"picked":"TalkToTheHand","floor":4},{"not_picked":["EmptyFist","BowlingBash","ClearTheMind"],"picked":"SKIP","floor":5},{"not_picked":["EmptyFist","BowlingBash"],"picked":"ClearTheMind","floor":5},{"not_picked":["ThirdEye","LikeWater"],"picked":"Prostrate","floor":6},{"not_picked":["BowlingBash","CrushJoints","Halt"],"picked":"SKIP","floor":8},{"not_picked":["Crescendo","BattleHymn","FollowUp"],"picked":"Devotion","floor":11},{"not_picked":["CutThroughFate","LikeWater","Meditate","Study"],"picked":"SKIP","floor":12},{"not_picked":["CarveReality","CrushJoints","JustLucky","FollowUp"],"picked":"SKIP","floor":13},{"not_picked":["Blasphemy","ConjureBlade","Scrawl"],"picked":"Judgement","floor":16},{"not_picked":["SashWhip","Prostrate","Consecrate"],"picked":"EmptyFist+1","floor":18},{"not_picked":["PathToVictory","FlyingSleeves","ForeignInfluence","Vengeance"],"picked":"SKIP","floor":21},{"not_picked":["CrushJoints","JustLucky","ClearTheMind"],"picked":"FlurryOfBlows+1","floor":22},{"not_picked":["Sanctity","Tantrum","SashWhip"],"picked":"Pray+1","floor":24},{"not_picked":["Wireheading+1","ForeignInfluence","EmptyBody","ThirdEye"],"picked":"SKIP","floor":27},{"not_picked":["Ragnarok","Judgement","Consecrate+1"],"picked":"Adaptation","floor":30},{"not_picked":["Conclude","FlyingSleeves+1","EmptyFist"],"picked":"WaveOfTheHand+1","floor":31}],"player_experience":2029981,"relics_obtained":[{"floor":6,"key":"PreservedInsect"},{"floor":8,"key":"CloakClasp"},{"floor":9,"key":"Question Card"},{"floor":12,"key":"Ancient Tea Set"},{"floor":19,"key":"Nilry\u0027s Codex"},{"floor":24,"key":"CaptainsWheel"},{"floor":26,"key":"Nunchaku"},{"floor":27,"key":"Ginger"},{"floor":30,"key":"CeramicFish"}],"event_choices":[{"damage_healed":0,"gold_gain":0,"player_choice":"Forge","damage_taken":0,"max_hp_gain":0,"max_hp_loss":0,"event_name":"Accursed Blacksmith","floor":2,"gold_loss":0,"cards_upgraded":["Eruption"]},{"damage_healed":0,"gold_gain":0,"player_choice":"Success","damage_taken":12,"relics_obtained":["Blood Vial"],"max_hp_gain":0,"max_hp_loss":0,"event_name":"Scrap Ooze","floor":10,"gold_loss":0},{"damage_healed":0,"gold_gain":0,"player_choice":"Obtained Book","damage_taken":16,"max_hp_gain":0,"max_hp_loss":0,"event_name":"Cursed Tome","floor":19,"gold_loss":0},{"cards_removed":["Strike_P"],"damage_healed":0,"gold_gain":0,"player_choice":"Gave Gold","damage_taken":0,"max_hp_gain":0,"max_hp_loss":0,"event_name":"Beggar","floor":20,"gold_loss":75},{"damage_healed":24,"gold_gain":0,"player_choice":"Heal","damage_taken":0,"max_hp_gain":0,"max_hp_loss":0,"event_name":"The Library","floor":28,"gold_loss":0}],"is_beta":false,"boss_relics":[{"not_picked":["Tiny House","Ectoplasm"],"picked":"Cursed Key"}],"items_purged_floors":[],"is_endless":false,"potions_floor_spawned":[4,5,13,21,22,24],"killed_by":"Automaton","ascension_level":11}}