{"host":"z9grmtg2w0nmz8n1","time":1607839291,"event":{"mods":["Aspiration","BaseMod","Better Third Choice","BetterRewards","CCEM","Colored Map","GifTheSpireLib","Highlight Path","Hubris","Infinite Spire","Jedi Mod","Jorbs\u0027s Wanderer Trilogy","Minty Spire (QoL Compilation)","Permanent Neow","Replay The Spire","Spicy Shops","StSLib","Stuff the Spire","The Bug Knight"],"gold_per_floor":[114,114,114,114,134,169,169,203,203,237,257,29,47,25,25,126,126,137,154,174,174,185,185,201,201,226,236,236,236,266,286,286,381,381,392,442,456,471,471,506,556,556,610,622,667,702,719,719,719,719,719,719,173,199,199,199],"floor_reached":55,"playtime":3381,"items_purged":["Strike_G","hubris:Sloth","Doubt","Strike_G","jedi:thedog"],"score":1110,"play_id":"0b6a61ed-3c37-4f8f-a74c-be31ee3d3948","local_time":"20201213040131","is_ascension_mode":false,"campfire_choices":[{"floor":4,"key":"RECALL"},{"data":"infinitespire:SevenWalls","floor":7,"key":"SMITH"},{"floor":15,"key":"REST"},{"data":"Decay","floor":23,"key":"PURGE"},{"data":"Doubt","floor":25,"key":"PURGE"},{"data":"Strike_G","floor":39,"key":"PURGE"},{"data":"Strike_G","floor":42,"key":"PURGE"},{"data":"Strike_G","floor":49,"key":"PURGE"},{"data":"Fluid Movement","floor":52,"key":"SMITH"}],"circlet_count":0,"master_deck":["Defend_G","Defend_G","Defend_G","Defend_G","Survivor","Neutralize","Replay:Poison Smokescreen+1","Slice+1","Dagger Spray","Deadly Poison","Replay:Poison Smokescreen+1","jedi:poisonivy+1","Fluid Movement+1","Poison Darts","infinitespire:SevenWalls+1","Deadly Poison","Replay:Poison Smokescreen+1","jedi:collectorvenom+1","Bouncing Flask+1","Deadly Poison+1","Accuracy","Accuracy","jedi:pocketpoison","Backflip"],"relics":["Ring of the Serpent","jedi:arcanewood","Replay:Baseball","StuffTheSpire:Gunfinga","CCEMRelics:Pendulum","Mummified Hand","ReplayTheSpireMod:CursedCoin","Replay:Ancient Bell","StuffTheSpire:Mouthbags","Replay:Bottled Eggs","Peace Pipe","DollysMirror","Busted Crown","PreservedInsect","hubris:Towel","CCEMRelics:Barrel","Replay:Grab Bag","aspiration:FutureDiary","Coffee Dripper","SlaversCollar","Du-Vu Doll","aspiration:AnachronicSnailShell","Vajra","Ginger","Tiny House","MealTicket","Bird Faced Urn","Centennial Puzzle","CCEMRelics:DissonantTune","infinitespire:Broken Mirror"],"acts_visited":["Exordium","TheCity","TheBeyond","TheEnding"],"potions_floor_usage":[13,16,18,27,28,28,31,33,44,45,45,50],"damage_taken":[{"damage":4,"enemies":"2 Louse","floor":1,"turns":3},{"damage":2,"enemies":"Small Slimes","floor":5,"turns":3},{"damage":24,"enemies":"Lagavulin","floor":6,"turns":9},{"damage":2,"enemies":"3 Sentries","floor":8,"turns":8},{"damage":0,"enemies":"Lagavulin","floor":10,"turns":4},{"damage":0,"enemies":"Cultist","floor":11,"turns":2},{"damage":6,"enemies":"Exordium Thugs","floor":13,"turns":4},{"damage":0,"enemies":"Fading Forest","floor":16,"turns":11},{"damage":21,"enemies":"3 Byrds","floor":18,"turns":5},{"damage":0,"enemies":"Shell Parasite","floor":19,"turns":3},{"damage":18,"enemies":"Centurion and Healer","floor":20,"turns":8},{"damage":0,"enemies":"3 Cultists","floor":22,"turns":5},{"damage":9,"enemies":"Snake Plant","floor":24,"turns":3},{"damage":14,"enemies":"Sentry and Sphere","floor":27,"turns":4},{"damage":3,"enemies":"Nightmare","floor":28,"turns":4},{"damage":1,"enemies":"Book of Stabbing","floor":30,"turns":4},{"damage":3,"enemies":"Cultist and Chosen","floor":31,"turns":3},{"damage":17,"enemies":"hubris:MusketHawk","floor":33,"turns":8},{"damage":1,"enemies":"Orb Walker","floor":35,"turns":2},{"damage":10,"enemies":"Mind Bloom Boss Battle","floor":36,"turns":5},{"damage":3,"enemies":"3 Shapes","floor":37,"turns":3},{"damage":0,"enemies":"R_Hoarder","floor":40,"turns":4},{"damage":0,"enemies":"Maw","floor":44,"turns":4},{"damage":0,"enemies":"2 Orb Walkers","floor":45,"turns":4},{"damage":0,"enemies":"Giant Head","floor":46,"turns":5},{"damage":0,"enemies":"4 Shapes","floor":47,"turns":3},{"damage":0,"enemies":"hubris:GrandSnecko","floor":50,"turns":9},{"damage":15,"enemies":"Shield and Spear","floor":54,"turns":5},{"damage":72,"enemies":"The Heart","floor":55,"turns":3}],"seed_played":"-2254534930100831930","potions_obtained":[{"floor":1,"key":"SmokeBomb"},{"floor":6,"key":"jedi:wingpotion"},{"floor":10,"key":"jedi:StrikingPotion"},{"floor":11,"key":"jedi:StrikingPotion"},{"floor":16,"key":"Explosive Potion"},{"floor":19,"key":"Dexterity Potion"},{"floor":22,"key":"Weak Potion"},{"floor":27,"key":"DuplicationPotion"},{"floor":31,"key":"Weak Potion"},{"floor":33,"key":"Block Potion"},{"floor":36,"key":"AttackPotion"},{"floor":40,"key":"BlessingOfTheForge"},{"floor":46,"key":"Fire Potion"}],"is_trial":false,"path_per_floor":["M","?","?","R","M","E","R","E","T","E","M","$","M","$","R","B",null,"M","M","M","AVR","M","R","M","R","T","M","NM","?","E","M","R_BF","B",null,"M","?","M","?","R","E","AVR","R","T","M","?","E","M","?","R","B",null,"R","$","E","B"],"character_chosen":"THE_SILENT","items_purchased":["Mummified Hand","jedi:poisonivy+1","ReplayTheSpireMod:CursedCoin","Fluid Movement","Accuracy","CCEMRelics:DissonantTune","jedi:pocketpoison","Backflip"],"campfire_rested":1,"item_purchase_floors":[12,12,14,14,53,53,53,53],"current_hp_per_floor":[66,50,50,50,48,24,24,22,22,22,22,22,16,16,37,47,70,49,49,31,31,31,31,22,22,22,8,5,5,4,1,22,5,70,69,59,56,39,39,39,44,44,44,44,44,48,52,47,47,51,75,75,75,64,0,0],"gold":199,"neow_bonus":"RANDOM_COMMON_RELIC","is_daily":false,"chose_seed":false,"campfire_upgraded":2,"win_rate":0.0,"timestamp":1607839291,"path_taken":["M","?","?","?","M","E","R","E","T","E","?","$","M","$","R","BOSS","M","M","M","AVR","M","R","M","R","T","M","NM","?","E","M","R_BF","BOSS","M","?","M","?","?","E","AVR","R","T","?","?","E","M","?","R","BOSS","R","$","E","BOSS"],"items_purchased_type":["Relic","Card","Relic","Card","Card","Relic","Card","Card"],"build_version":"2020-11-30","purchased_purges":5,"victory":false,"max_hp_per_floor":[70,70,70,70,70,70,70,70,70,70,70,70,70,70,70,70,70,70,70,70,70,70,70,70,70,70,70,70,70,70,70,70,70,70,70,70,70,70,70,70,75,75,75,75,75,75,75,75,75,75,75,75,75,75,75,75],"card_choices":[{"not_picked":["Blade Dance","Setup"],"picked":"Replay:Poison Smokescreen","floor":1},{"not_picked":["infinitespire:Fortify","hubris:Rewind"],"picked":"infinitespire:SevenWalls","floor":2},{"not_picked":["StuffTheSpire:Injection","Reflex"],"picked":"Dagger Spray","floor":5},{"not_picked":["hubris:Counter","hubris:SlightOfHand","hubris:Sniper"],"picked":"SKIP","floor":6},{"not_picked":["jedi:collectorvenom","Dodge and Roll"],"picked":"Deadly Poison","floor":8},{"not_picked":["StuffTheSpire:Injection","Bullet Time","Deflect"],"picked":"SKIP","floor":10},{"not_picked":["Dagger Spray","StuffTheSpire:BrimstoneBlast"],"picked":"Replay:Poison Smokescreen","floor":11},{"not_picked":["StuffTheSpire:ClusterCrunch","jedi:studyshivs","Dagger Throw"],"picked":"SKIP","floor":13},{"not_picked":["jedi:rejectivetoxin","Malaise"],"picked":"Poison Darts","floor":16},{"not_picked":["Voices","Replay:Hysterical Blindness"],"picked":"Decay","floor":17},{"not_picked":["ReplayTheSpireMod:IOU","Looming Evil"],"picked":"Doubt","floor":17},{"not_picked":["Looming Evil","Spreading Infection"],"picked":"jedi:thedog","floor":17},{"not_picked":["jedi:unstablefumes","hubris:SlightOfHand","Acrobatics"],"picked":"SKIP","floor":18},{"not_picked":["hubris:TrickCloak","PiercingWail","Backflip"],"picked":"SKIP","floor":19},{"not_picked":["Cloak And Dagger","Dodge and Roll"],"picked":"Deadly Poison","floor":20},{"not_picked":["Doppelganger"],"picked":"SKIP","floor":22},{"not_picked":["Doppelganger"],"picked":"SKIP","floor":22},{"not_picked":["Dodge and Roll"],"picked":"SKIP","floor":24},{"not_picked":[],"picked":"jedi:collectorvenom","floor":27},{"not_picked":["Terror"],"picked":"SKIP","floor":30},{"not_picked":[],"picked":"jedi:collectorvenom","floor":31},{"not_picked":["Choke"],"picked":"SKIP","floor":35},{"not_picked":[],"picked":"Bouncing Flask+1","floor":36},{"not_picked":["StuffTheSpire:MirrorStance+1"],"picked":"SKIP","floor":37},{"not_picked":[],"picked":"jedi:collectorvenom","floor":38},{"not_picked":[],"picked":"jedi:collectorvenom","floor":40},{"not_picked":[],"picked":"jedi:collectorvenom+1","floor":44},{"not_picked":[],"picked":"jedi:collectorvenom+1","floor":45},{"not_picked":[],"picked":"jedi:collectorvenom+1","floor":46},{"not_picked":[],"picked":"Deadly Poison+1","floor":47},{"not_picked":[],"picked":"jedi:collectorvenom+1","floor":54}],"player_experience":541921,"relics_obtained":[{"floor":6,"key":"Replay:Baseball"},{"floor":8,"key":"StuffTheSpire:Gunfinga"},{"floor":10,"key":"CCEMRelics:Pendulum"},{"floor":26,"key":"PreservedInsect"},{"floor":30,"key":"CCEMRelics:Barrel"},{"floor":36,"key":"Du-Vu Doll"},{"floor":38,"key":"aspiration:AnachronicSnailShell"},{"floor":40,"key":"Vajra"},{"floor":43,"key":"MealTicket"},{"floor":45,"key":"Bird Faced Urn"},{"floor":46,"key":"Centennial Puzzle"},{"floor":54,"key":"infinitespire:Broken Mirror"}],"event_choices":[{"damage_healed":0,"gold_gain":0,"cards_transformed":["Defend_G"],"player_choice":"Transformed","damage_taken":0,"max_hp_gain":0,"max_hp_loss":0,"event_name":"Transmorgrifier","floor":3,"gold_loss":0,"cards_obtained":["Slice"]},{"damage_healed":0,"gold_gain":0,"player_choice":"Fight","damage_taken":0,"max_hp_gain":0,"max_hp_loss":0,"event_name":"MindBloom","floor":36,"gold_loss":0},{"damage_healed":0,"gold_gain":0,"player_choice":"Fight","damage_taken":0,"max_hp_gain":0,"max_hp_loss":0,"event_name":"Mysterious Sphere","floor":45,"gold_loss":0},{"damage_healed":0,"gold_gain":0,"player_choice":"Memory 2","damage_taken":5,"max_hp_gain":0,"max_hp_loss":0,"event_name":"SensoryStone","floor":48,"gold_loss":0}],"is_beta":false,"boss_relics":[{"not_picked":["aspiration:IroncladSkillbook","aspiration:SecretTechniqueScroll"],"picked":"Replay:Ancient Bell"},{"not_picked":["infinitespire:PuzzleCube","Blue Doll"],"picked":"StuffTheSpire:Mouthbags"},{"not_picked":["Paper Crane","CCEMRelics:DerglesHeadphones"],"picked":"Replay:Bottled Eggs"},{"not_picked":["Gambling Chip","hubris:BundleOfHerbs"],"picked":"Peace Pipe"},{"not_picked":["Empty Cage","ChewingGum"],"picked":"Replay:Grab Bag"},{"not_picked":["jedi:battlestandard","Cursed Key"],"picked":"aspiration:FutureDiary"},{"not_picked":["hubris:VirtuousBlindfold","StuffTheSpire:ModemDavis"],"picked":"Coffee Dripper"},{"not_picked":["Ring of Chaos","hubris:BlackHole"],"picked":"Ring of the Serpent"},{"not_picked":["Snecko Scales","aspiration:RunicSpoon"],"picked":"SlaversCollar"}],"items_purged_floors":[12,14,21,41,53],"is_endless":false,"potions_floor_spawned":[1,6,10,11,16,19,22,27,31,33,36,40,45,46],"killed_by":"The Heart","ascension_level":0}}