{"host":"u4wwrwxco60h43l5","time":1607858264,"event":{"mods":["Always Whale","BaseMod","CapriCore","Koishi","Minty Spire (QoL Compilation)","Permanent Neow","StSLib","The Immortal","¡¼?Úª?ø«¡½REMEMod"],"gold_per_floor":[117,17,31,42,61,89,54,89,89,89,101,116,116,126,126,223,223,241,253,269,194,39,39,39,64,64,114,114,132,132,132,132],"floor_reached":31,"playtime":900,"items_purged":[],"score":267,"play_id":"aedac4d5-b084-4470-97e7-f75cff36072c","local_time":"20201213201744","is_ascension_mode":false,"campfire_choices":[{"floor":13,"key":"REST"},{"floor":15,"key":"REST"},{"floor":23,"key":"REST"},{"floor":28,"key":"REST"},{"floor":30,"key":"REST"}],"circlet_count":0,"master_deck":["Strike_P","Strike_P","Strike_P","Defend_P","Defend_P","Defend_P","Defend_P","Eruption","Vigilance","Night Terror+1","CrushJoints","REME_Repentance","Tantrum","FollowUp","Evaluate","Consecrate","Ragnarok","EmptyBody","Tantrum","Judgement","FollowUp","Judgement","Consecrate"],"relics":["REME_ComplimentaryCards","Runic Dome","Singing Bowl","MealTicket","Boot","VioletLotus","Nunchaku","MutagenicStrength","Bottled Lightning","Question Card"],"acts_visited":["TheCity"],"potions_floor_usage":[6,16,16,16,25],"damage_taken":[{"damage":0.0,"enemies":"Small Slimes","floor":1.0,"turns":2.0},{"damage":7.0,"enemies":"2 Louse","floor":3.0,"turns":3.0},{"damage":0.0,"enemies":"Cultist","floor":4.0,"turns":2.0},{"damage":11.0,"enemies":"3 Louse","floor":5.0,"turns":4.0},{"damage":30,"enemies":"3 Sentries","floor":6,"turns":7},{"damage":36,"enemies":"Lagavulin","floor":8,"turns":4},{"damage":0,"enemies":"Large Slime","floor":11,"turns":2},{"damage":0,"enemies":"2 Fungi Beasts","floor":12,"turns":2},{"damage":7,"enemies":"Exordium Thugs","floor":14,"turns":4},{"damage":34,"enemies":"The Guardian","floor":16,"turns":5},{"damage":32,"enemies":"2 Thieves","floor":18,"turns":3},{"damage":9,"enemies":"Spheric Guardian","floor":19,"turns":3},{"damage":24,"enemies":"Centurion and Healer","floor":20,"turns":5},{"damage":45,"enemies":"Book of Stabbing","floor":25,"turns":4},{"damage":21,"enemies":"Snecko","floor":29,"turns":5},{"damage":35,"enemies":"Shelled Parasite and Fungi","floor":31,"turns":4}],"seed_played":"-5230789976575615248","potions_obtained":[{"floor":1.0,"key":"Fire Potion"},{"floor":4.0,"key":"ColorlessPotion"},{"floor":5.0,"key":"Swift Potion"},{"floor":8,"key":"LiquidMemories"},{"floor":18,"key":"SteroidPotion"},{"floor":19,"key":"SpeedPotion"},{"floor":20,"key":"Swift Potion"},{"floor":29,"key":"BlessingOfTheForge"}],"is_trial":false,"path_per_floor":["M","$","M","M","M","E","?","E","T","?","M","M","R","M","R","B",null,"M","M","M","?","$","R","?","E","T","?","R","M","R","M"],"character_chosen":"WATCHER","items_purchased":["CrushJoints","REME_Repentance","Nunchaku"],"campfire_rested":5,"item_purchase_floors":[2,2,22],"current_hp_per_floor":[72,72,65,65,54,24,42,6,6,6,6,6,27,22,44,10,74,44,35,13,13,28,51,51,6,6,6,29,8,31,0,0],"gold":132,"neow_bonus":"BOSS_RELIC","is_daily":false,"chose_seed":false,"campfire_upgraded":0,"win_rate":0.0,"timestamp":1607858264,"path_taken":["M","$","M","M","M","E","?","E","T","?","M","?","R","M","R","BOSS","M","M","M","?","$","R","?","E","T","?","R","M","R","?"],"items_purchased_type":["Card","Card","Relic"],"build_version":"2020-11-30","purchased_purges":0,"victory":false,"max_hp_per_floor":[72,72,72,72,72,72,72,72,72,72,72,72,72,74,74,74,74,76,76,78,78,78,78,78,78,78,78,78,78,78,78,78],"card_choices":[{"not_picked":["SashWhip","Fasting2","Crescendo"],"picked":"SKIP","floor":1.0},{"not_picked":["CutThroughFate","REME_Repentance"],"picked":"Tantrum","floor":3.0},{"not_picked":["LikeWater","FlurryOfBlows"],"picked":"FollowUp","floor":4.0},{"not_picked":["FollowUp","CutThroughFate"],"picked":"Evaluate","floor":5.0},{"not_picked":["BowlingBash","Evaluate"],"picked":"Consecrate","floor":6},{"not_picked":["Prostrate","LikeWater"],"picked":"Ragnarok","floor":8},{"not_picked":["Meditate","PathToVictory"],"picked":"EmptyBody","floor":11},{"not_picked":["JustLucky","EmptyMind"],"picked":"Tantrum","floor":12},{"not_picked":["Adaptation","EmptyFist","FlurryOfBlows"],"picked":"Singing Bowl","floor":14},{"not_picked":["Blasphemy","Brilliance"],"picked":"Judgement","floor":16},{"not_picked":["Swivel+1","Evaluate+1","CrushJoints"],"picked":"Singing Bowl","floor":18},{"not_picked":["ClearTheMind","TalkToTheHand"],"picked":"FollowUp","floor":19},{"not_picked":["CrushJoints","Fasting2","CarveReality"],"picked":"Singing Bowl","floor":20},{"not_picked":["Halt+1","Prostrate+1"],"picked":"Judgement","floor":25},{"not_picked":["CutThroughFate","SashWhip+1","WindmillStrike+1"],"picked":"Consecrate","floor":29}],"player_experience":110264,"relics_obtained":[{"floor":6,"key":"Singing Bowl"},{"floor":8,"key":"MealTicket"},{"floor":9,"key":"Boot"},{"floor":25,"key":"Bottled Lightning"},{"floor":26,"key":"Question Card"}],"event_choices":[{"damage_healed":18,"gold_gain":0,"player_choice":"Healed","damage_taken":0,"max_hp_gain":0,"max_hp_loss":0,"event_name":"The Cleric","floor":7,"gold_loss":35},{"damage_healed":0,"gold_gain":0,"player_choice":"Upgraded","damage_taken":0,"max_hp_gain":0,"max_hp_loss":0,"event_name":"Upgrade Shrine","floor":10,"gold_loss":0,"cards_upgraded":["Night Terror"]},{"cards_removed":["Strike_P"],"damage_healed":0,"gold_gain":0,"player_choice":"Gave Gold","damage_taken":0,"max_hp_gain":0,"max_hp_loss":0,"event_name":"Beggar","floor":21,"gold_loss":75},{"damage_healed":0,"gold_gain":0,"player_choice":"Inject Mutagens","damage_taken":0,"relics_obtained":["MutagenicStrength"],"max_hp_gain":0,"max_hp_loss":0,"event_name":"Drug Dealer","floor":24,"gold_loss":0},{"damage_healed":0,"gold_gain":100,"player_choice":"Bet on Murderer","damage_taken":0,"max_hp_gain":0,"max_hp_loss":0,"event_name":"The Joust","floor":27,"gold_loss":50}],"is_beta":false,"boss_relics":[{"not_picked":["Busted Crown","Snecko Eye"],"picked":"VioletLotus"}],"items_purged_floors":[],"is_endless":false,"potions_floor_spawned":[1,4,5,8,18,19,20,29],"killed_by":"Shelled Parasite and Fungi","ascension_level":0}}