{"host":"svwqvw2il1zfkkg0","time":1607874833,"event":{"mods":["AchievementEnabler","BaseMod","BetterRewards","Colored Map","Colored Powertips","Custom Start","Downfall","GifTheSpireLib","Highlight Path","Hubris","Infinite Spire","Minty Spire (QoL Compilation)","Quick Restart","Replay The Spire","Shop Mod","StSLib","SuperFastMode"],"gold_per_floor":[119,119,119,119,136,162,179,213,213,213,227,247,247,261,261,362,362,377,377,77,97,36,36,36,62,86,86,86,86,106,121,121,121,121],"floor_reached":33,"playtime":888,"items_purged":[],"score":300,"play_id":"aff04206-3cf7-42ad-98c4-0bd7cb40b8ee","local_time":"20201213075353","is_ascension_mode":false,"campfire_choices":[{"data":"Dagger Spray","floor":10,"key":"SMITH"},{"floor":13,"key":"REST"},{"data":"Cloak And Dagger","floor":15,"key":"SMITH"},{"data":"Burst","floor":23,"key":"SMITH"},{"data":"Blade Dance","floor":27,"key":"SMITH"}],"circlet_count":0,"master_deck":["Strike_G+1","Strike_G","Strike_G","Strike_G","Strike_G","Defend_G","Defend_G","Defend_G","Defend_G","Defend_G","Survivor","Neutralize","Dagger Spray+1","Hidden Blade","Flying Knee","Heel Hook","All Out Attack","Blade Dance+1","Cloak And Dagger+1","Burst+1","Dagger Spray","All Out Attack","Backstab+1","Dash","Riddle With Holes"],"relics":["Ring of the Snake","NeowsBlessing","InkBottle","The Courier","Mirror","Painkiller Herb","Gremlin Horn","infinitespire:Beetle Shell","PreservedInsect"],"acts_visited":["Exordium","TheCity"],"potions_floor_usage":[8,16,25,30,30],"damage_taken":[{"damage":0,"enemies":"Jaw Worm","floor":1,"turns":1},{"damage":0,"enemies":"Small Slimes","floor":5,"turns":1},{"damage":0,"enemies":"Lagavulin","floor":6,"turns":1},{"damage":1,"enemies":"Cultist","floor":7,"turns":4},{"damage":14,"enemies":"Replay:BlueRogue","floor":8,"turns":6},{"damage":7,"enemies":"Looter","floor":11,"turns":3},{"damage":0,"enemies":"2 Fungi Beasts","floor":12,"turns":2},{"damage":0,"enemies":"Large Slime","floor":14,"turns":5},{"damage":67,"enemies":"The Guardian","floor":16,"turns":14},{"damage":6,"enemies":"Shell Parasite","floor":18,"turns":4},{"damage":4,"enemies":"Spheric Guardian","floor":21,"turns":3},{"damage":8,"enemies":"Slavers","floor":25,"turns":3},{"damage":5,"enemies":"Shelled Parasite and Fungi","floor":30,"turns":4},{"damage":4,"enemies":"Sentry and Sphere","floor":31,"turns":3},{"damage":65,"enemies":"Pondfish","floor":33,"turns":11}],"seed_played":"723950975885204036","potions_obtained":[{"floor":6,"key":"Fire Potion"},{"floor":11,"key":"Venom Potion"},{"floor":12,"key":"Fire Potion"},{"floor":18,"key":"Weak Potion"},{"floor":21,"key":"SkillPotion"}],"is_trial":false,"path_per_floor":["M","?","?","?","M","E","M","E","T","R","M","M","R","M","R","B",null,"?","?","T","?","T","T","?","E","T","T","?","?","?","?","T","B"],"character_chosen":"THE_SILENT","items_purchased":["Gremlin Horn","Energy Potion","All Out Attack","Dash"],"campfire_rested":1,"item_purchase_floors":[20,20,20,22],"current_hp_per_floor":[70,70,70,70,70,70,69,55,55,55,48,48,69,69,69,2,70,64,64,64,60,60,60,60,52,52,52,52,52,47,43,64,0,0],"gold":121,"neow_bonus":"THREE_ENEMY_KILL","is_daily":false,"chose_seed":false,"campfire_upgraded":4,"win_rate":0.0,"timestamp":1607874833,"path_taken":["M","?","?","?","?","E","M","E","T","R","M","M","R","M","R","BOSS","?","?","T","?","T","T","?","E","T","T","?","?","?","?","T","BOSS"],"items_purchased_type":["Relic","Potion","Card","Card"],"build_version":"2020-11-30","purchased_purges":0,"victory":false,"max_hp_per_floor":[70,70,70,70,70,70,70,70,70,70,70,70,70,70,70,70,70,70,70,70,70,70,70,70,70,70,70,70,70,70,70,70,70,70],"card_choices":[{"not_picked":["Caltrops","Prepared"],"picked":"Deadly Poison","floor":1},{"not_picked":["Sucker Punch","hubris:SlightOfHand"],"picked":"Dagger Spray","floor":5},{"not_picked":["ReplayTheSpireMod:Speed Training","Deflect"],"picked":"Hidden Blade","floor":6},{"not_picked":["PiercingWail","Deadly Poison"],"picked":"Flying Knee","floor":7},{"not_picked":["Terror","Deflect"],"picked":"Heel Hook","floor":8},{"not_picked":["Outmaneuver","Concentrate"],"picked":"All Out Attack","floor":11},{"not_picked":["Infinite Blades","Slice"],"picked":"Blade Dance","floor":12},{"not_picked":["Bane","hubris:Counter"],"picked":"Cloak And Dagger","floor":14},{"not_picked":["Envenom","Tools of the Trade"],"picked":"Burst","floor":16},{"not_picked":["Backflip","Slice"],"picked":"Dagger Spray","floor":18},{"not_picked":["Caltrops","ReplayTheSpireMod:Speed Training"],"picked":"Backstab","floor":21},{"not_picked":["Acrobatics","Outmaneuver","hubris:Sniper"],"picked":"SKIP","floor":25},{"not_picked":["Deflect","Underhanded Strike"],"picked":"Riddle With Holes","floor":30},{"not_picked":["Skewer","Backflip","Deflect+1"],"picked":"SKIP","floor":31}],"player_experience":368261,"relics_obtained":[{"floor":6,"key":"InkBottle"},{"floor":8,"key":"The Courier"},{"floor":9,"key":"Mirror"},{"floor":25,"key":"infinitespire:Beetle Shell"},{"floor":26,"key":"PreservedInsect"}],"event_choices":[{"cards_removed":["Deadly Poison"],"damage_healed":5,"gold_gain":0,"player_choice":"Offered Common","damage_taken":0,"max_hp_gain":0,"max_hp_loss":0,"event_name":"Bonfire Elementals","floor":4,"gold_loss":0},{"cards_removed":["Deadly Poison"],"damage_healed":5,"gold_gain":0,"player_choice":"Offered Special","damage_taken":0,"max_hp_gain":0,"max_hp_loss":0,"event_name":"Bonfire Elementals","floor":4,"gold_loss":0},{"damage_healed":0,"gold_gain":0,"player_choice":"Ignored","damage_taken":0,"max_hp_gain":0,"max_hp_loss":0,"event_name":"Cursed Tome","floor":19,"gold_loss":0},{"damage_healed":0,"gold_gain":0,"player_choice":"Ignored","damage_taken":0,"max_hp_gain":0,"max_hp_loss":0,"event_name":"Vampires","floor":29,"gold_loss":0}],"is_beta":false,"boss_relics":[{"not_picked":["hubris:VirtuousBlindfold","Astrolabe"],"picked":"Painkiller Herb"}],"items_purged_floors":[],"is_endless":false,"potions_floor_spawned":[6,11,12,18,21],"killed_by":"Pondfish","ascension_level":0}}