{"host":"zi8o4akxlgxypwgb","time":1607889765,"event":{"mods":["BaseMod","Minty Spire (QoL Compilation)","Replay The Spire","StSLib","SuperFastMode"],"gold_per_floor":[15,32,32,52,67,102,122,122,122],"floor_reached":8,"playtime":344,"items_purged":[],"score":78,"play_id":"9d51b5d5-539a-41bd-89c2-75e9a1f598fa","local_time":"20201214040245","is_ascension_mode":true,"campfire_choices":[],"circlet_count":0,"master_deck":["Strike_G","Strike_G","Strike_G","Strike_G","Strike_G","Defend_G","Defend_G","Defend_G","Defend_G","Defend_G","Survivor","Neutralize","Backflip","Backstab","Regret","Cloak And Dagger","Acrobatics","Quick Slash","Hidden Blade","Quick Slash","Phantasmal Killer","Sucker Punch"],"relics":["Ring of the Snake","Byrd Skull","Prayer Wheel","ReplayTheSpireMod:TigerMarble"],"acts_visited":["Exordium"],"potions_floor_usage":[6,6],"damage_taken":[{"damage":5,"enemies":"Jaw Worm","floor":1,"turns":6},{"damage":1,"enemies":"Small Slimes","floor":2,"turns":4},{"damage":4,"enemies":"Cultist","floor":4,"turns":3},{"damage":1,"enemies":"2 Fungi Beasts","floor":5,"turns":4},{"damage":27,"enemies":"Lagavulin","floor":6,"turns":5},{"damage":11,"enemies":"Large Slime","floor":7,"turns":5},{"damage":22,"enemies":"3 Sentries","floor":8,"turns":8}],"seed_played":"5875299938191561885","potions_obtained":[{"floor":1,"key":"FearPotion"},{"floor":2,"key":"Flashbang"},{"floor":4,"key":"SteroidPotion"}],"is_trial":false,"path_per_floor":["M","M","?","M","M","E","M","E"],"character_chosen":"THE_SILENT","items_purchased":[],"campfire_rested":0,"item_purchase_floors":[],"current_hp_per_floor":[58,57,57,53,52,25,14,0,0],"gold":122,"neow_bonus":"ONE_RARE_RELIC","is_daily":false,"chose_seed":false,"campfire_upgraded":0,"win_rate":0.0,"timestamp":1607889765,"path_taken":["M","M","?","M","M","E","M","E"],"items_purchased_type":[],"build_version":"2020-11-30","purchased_purges":0,"victory":false,"max_hp_per_floor":[70,70,70,70,70,70,70,70,70],"card_choices":[{"not_picked":["Leg Sweep","Concentrate"],"picked":"Backflip","floor":1},{"not_picked":["Blade Dance","Well Laid Plans"],"picked":"Backstab","floor":2},{"not_picked":["Quick Slash","Blade Dance"],"picked":"Cloak And Dagger","floor":4},{"not_picked":["PiercingWail","Acrobatics","Deflect"],"picked":"SKIP","floor":4},{"not_picked":["PiercingWail","Deflect"],"picked":"Acrobatics","floor":4},{"not_picked":["Deflect","Setup"],"picked":"Quick Slash","floor":5},{"not_picked":["ReplayTheSpireMod:Shiv Toss","Concentrate"],"picked":"Hidden Blade","floor":5},{"not_picked":["Deadly Poison","Caltrops"],"picked":"Quick Slash","floor":6},{"not_picked":["Hidden Blade","PiercingWail"],"picked":"Phantasmal Killer","floor":7},{"not_picked":["All Out Attack","Draining Mist"],"picked":"Sucker Punch","floor":7}],"player_experience":304886,"relics_obtained":[{"floor":6,"key":"ReplayTheSpireMod:TigerMarble"}],"event_choices":[{"damage_healed":0,"gold_gain":0,"player_choice":"Box","damage_taken":0,"relics_obtained":["Prayer Wheel"],"max_hp_gain":0,"max_hp_loss":0,"event_name":"Big Fish","floor":3,"gold_loss":0,"cards_obtained":["Regret"]}],"is_beta":false,"boss_relics":[],"items_purged_floors":[],"is_endless":false,"potions_floor_spawned":[1,2,4],"killed_by":"3 Sentries","ascension_level":6}}