{"host":"5f8ute538gzudddu","time":1607820859,"event":{"mods":["BaseMod","Highlight Path","Minty Spire (QoL Compilation)","Relic Stats","StSLib"],"gold_per_floor":[19,29,29,29,52,52,79,79,79,114,129,167,3,24,24,117,117,130,151,172,72,95,134,134,178,205,249,249,249,275,290,290,361,361,373,248,248,98,144,144,169,169,169,194,194,241,296,296,296,356,386,386,386,1,61,61,61],"floor_reached":56,"playtime":3008,"items_purged":["Strike_P","Defend_P","Strike_P","Strike_P"],"score":2032,"play_id":"d332007e-7a72-4852-9f4b-5857d62fcdc8","local_time":"20201212165419","is_ascension_mode":true,"campfire_choices":[{"data":"FollowUp","floor":6.0,"key":"SMITH"},{"data":"CarveReality","floor":8.0,"key":"SMITH"},{"data":"Devotion","floor":15.0,"key":"SMITH"},{"data":"Eruption","floor":24.0,"key":"SMITH"},{"data":"TalkToTheHand","floor":32.0,"key":"SMITH"},{"data":"Devotion","floor":40.0,"key":"SMITH"},{"floor":42.0,"key":"RECALL"},{"data":"Vigilance","floor":45.0,"key":"SMITH"},{"floor":49.0,"key":"REST"},{"floor":53,"key":"REST"}],"circlet_count":0,"master_deck":["AscendersBane","Strike_P","Defend_P+1","Defend_P+1","Defend_P","Vigilance+1","Devotion+1","CarveReality+1","FollowUp+1","CutThroughFate","Prostrate+1","Meditate+1","ThirdEye+1","Blind+1","ClearTheMind+1","Omniscience+1","BowlingBash+1","ThirdEye+1","Halt+1","EmptyBody+1","Prostrate+1","Devotion+1","TalkToTheHand+1","Pray+1","Wish+1","ThirdEye+1","Omniscience+1","Wireheading+1","FollowUp+1","Collect+1"],"relics":["PureWater","Bloody Idol","Bag of Preparation","Matryoshka","Toxic Egg 2","Eternal Feather","Runic Pyramid","Question Card","Centennial Puzzle","Boot","Strawberry","TeardropLocket","Dream Catcher","VioletLotus","PreservedInsect","Blood Vial","War Paint","Du-Vu Doll","Bronze Scales","Strange Spoon","Pantograph"],"acts_visited":["Exordium","TheCity","TheBeyond","TheEnding"],"potions_floor_usage":[51],"damage_taken":[{"damage":9.0,"enemies":"2 Louse","floor":1.0,"turns":3.0},{"damage":0.0,"enemies":"Jaw Worm","floor":2.0,"turns":1.0},{"damage":12.0,"enemies":"Small Slimes","floor":5.0,"turns":2.0},{"damage":0.0,"enemies":"Gremlin Nob","floor":10.0,"turns":2.0},{"damage":2.0,"enemies":"2 Fungi Beasts","floor":11.0,"turns":4.0},{"damage":1.0,"enemies":"3 Sentries","floor":12.0,"turns":4.0},{"damage":3.0,"enemies":"Large Slime","floor":14.0,"turns":4.0},{"damage":2.0,"enemies":"Hexaghost","floor":16.0,"turns":7.0},{"damage":0.0,"enemies":"3 Byrds","floor":18.0,"turns":5.0},{"damage":0.0,"enemies":"Spheric Guardian","floor":19.0,"turns":2.0},{"damage":14.0,"enemies":"3 Cultists","floor":20.0,"turns":5.0},{"damage":0.0,"enemies":"Centurion and Healer","floor":22.0,"turns":4.0},{"damage":10.0,"enemies":"Gremlin Leader","floor":23.0,"turns":3.0},{"damage":13.0,"enemies":"Slavers","floor":25.0,"turns":3.0},{"damage":1.0,"enemies":"Book of Stabbing","floor":27.0,"turns":3.0},{"damage":9.0,"enemies":"Slavers","floor":30.0,"turns":4.0},{"damage":0.0,"enemies":"Chosen and Byrds","floor":31.0,"turns":5.0},{"damage":14.0,"enemies":"Champ","floor":33.0,"turns":7.0},{"damage":0.0,"enemies":"Orb Walker","floor":35.0,"turns":1.0},{"damage":0.0,"enemies":"3 Shapes","floor":39.0,"turns":4.0},{"damage":10.0,"enemies":"Reptomancer","floor":41.0,"turns":2.0},{"damage":0.0,"enemies":"Nemesis","floor":44.0,"turns":3.0},{"damage":0.0,"enemies":"Jaw Worm Horde","floor":46.0,"turns":4.0},{"damage":0.0,"enemies":"Mind Bloom Boss Battle","floor":47.0,"turns":4.0},{"damage":48,"enemies":"Donu and Deca","floor":50,"turns":7},{"damage":22,"enemies":"Awakened One","floor":51,"turns":21},{"damage":32,"enemies":"Shield and Spear","floor":55,"turns":5},{"damage":70,"enemies":"The Heart","floor":56,"turns":3}],"seed_played":"-2698989998279686608","potions_obtained":[{"floor":11.0,"key":"Fire Potion"},{"floor":12.0,"key":"LiquidBronze"},{"floor":16.0,"key":"LiquidMemories"},{"floor":23.0,"key":"StancePotion"},{"floor":30.0,"key":"SpeedPotion"},{"floor":31.0,"key":"Swift Potion"}],"is_trial":false,"path_per_floor":["M","M","$","?","M","R","T","R","T","E","M","E","$","M","R","B",null,"M","M","M","$","M","E","R","E","T","E","?","?","E","M","R","B",null,"M","$","?","$","M","R","E","R","T","E","R","M","?","?","R","B","B",null,"R","$","E","B"],"character_chosen":"WATCHER","items_purchased":["Blind+1","Bronze Scales","Strange Spoon","SteroidPotion"],"campfire_rested":2,"item_purchase_floors":[13,54,54,54],"current_hp_per_floor":[52,52,52,52,40,40,40,40,40,40,38,37,37,34,43,41,57,57,57,43,43,43,33,45,32,39,38,38,38,34,39,54,45,63,68,68,68,68,69,69,64,69,69,69,69,69,69,69,69,21,6,53,69,69,47,0,0],"gold":61,"neow_bonus":"THREE_RARE_CARDS","is_daily":false,"chose_seed":false,"campfire_upgraded":7,"win_rate":0.0,"timestamp":1607820859,"path_taken":["M","M","$","?","M","R","?","R","T","E","?","E","$","M","R","BOSS","M","M","M","$","M","E","R","E","T","E","?","?","E","M","R","BOSS","M","$","?","$","M","R","E","R","T","E","R","M","?","?","R","BOSS","BOSS","R","$","E","BOSS"],"items_purchased_type":["Card","Relic","Relic","Potion"],"build_version":"2020-11-30","purchased_purges":4,"victory":false,"max_hp_per_floor":[68,68,68,62,62,62,62,62,62,62,62,62,62,62,62,62,62,62,62,62,62,62,62,62,62,69,69,69,69,69,69,69,69,69,69,69,69,69,69,69,69,69,69,69,69,69,69,69,69,69,69,69,69,69,69,69,69],"relic_stats":{"counters":[28,122],"Eternal Feather":56,"PreservedInsect":127,"Bag of Preparation":[50],"War Paint":["Defend_P","Defend_P"],"Question Card":14,"Boot":[26],"Blood Vial":2,"Strange Spoon":[10],"Centennial Puzzle":[24],"Dream Catcher":2,"Bloody Idol":41,"Bronze Scales":[36],"Pantograph":22,"VioletLotus":[31],"obtain_stats":[{"Golden Idol":4,"Eternal Feather":12,"PreservedInsect":41,"Bag of Preparation":7,"TeardropLocket":27,"War Paint":44,"Question Card":23,"Boot":26,"Blood Vial":43,"Du-Vu Doll":47,"Strange Spoon":54,"Centennial Puzzle":25,"Dream Catcher":30,"Matryoshka":9,"Strawberry":26,"Bloody Idol":29,"Bronze Scales":54,"Pantograph":55,"VioletLotus":34,"PureWater":0,"Toxic Egg 2":10,"Runic Pyramid":17},{"Golden Idol":2,"Eternal Feather":6,"PreservedInsect":21,"Bag of Preparation":3,"TeardropLocket":15,"War Paint":22,"Question Card":13,"Boot":14,"Blood Vial":21,"Du-Vu Doll":24,"Strange Spoon":26,"Centennial Puzzle":14,"Dream Catcher":16,"Matryoshka":3,"Strawberry":14,"Bloody Idol":15,"Bronze Scales":26,"Pantograph":27,"VioletLotus":18,"PureWater":0,"Toxic Egg 2":4,"Runic Pyramid":8},{"Golden Idol":4,"Eternal Feather":16,"PreservedInsect":75,"Bag of Preparation":6,"TeardropLocket":52,"War Paint":78,"Question Card":46,"Boot":49,"Blood Vial":75,"Du-Vu Doll":86,"Strange Spoon":114,"Centennial Puzzle":49,"Dream Catcher":56,"Matryoshka":6,"Strawberry":49,"Bloody Idol":52,"Bronze Scales":114,"Pantograph":119,"VioletLotus":68,"PureWater":0,"Toxic Egg 2":8,"Runic Pyramid":27}]},"card_choices":[{"not_picked":["Vault","Alpha"],"picked":"Devotion","floor":0.0},{"not_picked":["FlyingSleeves","Meditate"],"picked":"CarveReality","floor":1.0},{"not_picked":["FlurryOfBlows","ClearTheMind"],"picked":"FollowUp","floor":2.0},{"not_picked":["WindmillStrike","SashWhip"],"picked":"CutThroughFate","floor":5.0},{"not_picked":["Brilliance","CrushJoints"],"picked":"Prostrate+1","floor":10.0},{"not_picked":["FollowUp","CrushJoints"],"picked":"Meditate+1","floor":11.0},{"not_picked":["EmptyFist","Meditate+1"],"picked":"ThirdEye+1","floor":12.0},{"not_picked":["WindmillStrike","Consecrate"],"picked":"ClearTheMind+1","floor":14.0},{"not_picked":["Alpha+1","SpiritShield+1"],"picked":"Omniscience+1","floor":16.0},{"not_picked":["Collect+1","SashWhip"],"picked":"BowlingBash+1","floor":18.0},{"not_picked":["Evaluate+1","SashWhip"],"picked":"ThirdEye+1","floor":19.0},{"not_picked":["Vengeance+1","Ragnarok"],"picked":"Halt+1","floor":20.0},{"not_picked":["Fasting2","MentalFortress"],"picked":"EmptyBody+1","floor":22.0},{"not_picked":["FlurryOfBlows","DeceiveReality+1"],"picked":"Prostrate+1","floor":23.0},{"not_picked":["WindmillStrike","Establishment","Halt+1"],"picked":"Devotion","floor":25.0},{"not_picked":["Prostrate+1","CrushJoints+1","Indignation+1"],"picked":"TalkToTheHand","floor":27.0},{"not_picked":["WheelKick","FlyingSleeves","Worship+1"],"picked":"Pray+1","floor":30.0},{"not_picked":["Halt+1","PathToVictory+1","Study","Indignation+1"],"picked":"SKIP","floor":31.0},{"not_picked":["Devotion","Establishment","DeusExMachina+1"],"picked":"Wish+1","floor":33.0},{"not_picked":["FlurryOfBlows+1","Perseverance+1","EmptyFist","BowlingBash+1"],"picked":"SKIP","floor":35.0},{"not_picked":["FlurryOfBlows+1","Wireheading","Protect+1"],"picked":"ThirdEye+1","floor":39.0},{"not_picked":["EmptyBody+1","Consecrate+1","ThirdEye+1"],"picked":"Omniscience+1","floor":41.0},{"not_picked":["Collect+1","SashWhip","Tantrum","BowlingBash+1"],"picked":"SKIP","floor":44.0},{"not_picked":["WaveOfTheHand+1","Crescendo+1","Nirvana","Prostrate+1"],"picked":"SKIP","floor":46.0},{"not_picked":["SignatureMove","MasterReality","Consecrate"],"picked":"Wireheading+1","floor":49.0},{"not_picked":["Indignation+1","EmptyBody+1","BowlingBash+1"],"picked":"FollowUp+1","floor":53},{"not_picked":["InnerPeace+1","WreathOfFlame+1","ClearTheMind+1"],"picked":"Collect+1","floor":55}],"player_experience":868635,"relics_obtained":[{"floor":7.0,"key":"Bag of Preparation"},{"floor":9.0,"key":"Matryoshka"},{"floor":10.0,"key":"Toxic Egg 2"},{"floor":12.0,"key":"Eternal Feather"},{"floor":23.0,"key":"Question Card"},{"floor":25.0,"key":"Centennial Puzzle"},{"floor":26.0,"key":"Boot"},{"floor":26.0,"key":"Strawberry"},{"floor":27.0,"key":"TeardropLocket"},{"floor":30.0,"key":"Dream Catcher"},{"floor":41.0,"key":"PreservedInsect"},{"floor":43.0,"key":"Blood Vial"},{"floor":44.0,"key":"War Paint"},{"floor":47.0,"key":"Du-Vu Doll"},{"floor":55,"key":"Pantograph"}],"event_choices":[{"damage_healed":0.0,"max_hp_gain":0.0,"max_hp_loss":6.0,"gold_gain":0.0,"event_name":"Golden Idol","player_choice":"Lose Max HP","floor":4.0,"gold_loss":0.0,"damage_taken":0.0,"relics_obtained":["Golden Idol"]},{"damage_healed":0.0,"max_hp_gain":0.0,"max_hp_loss":0.0,"gold_gain":0.0,"event_name":"Vampires","player_choice":"Ignored","floor":28.0,"gold_loss":0.0,"damage_taken":0.0},{"damage_healed":0.0,"max_hp_gain":0.0,"max_hp_loss":0.0,"gold_gain":0.0,"event_name":"Forgotten Altar","player_choice":"Gave Idol","floor":29.0,"relics_lost":["Golden Idol"],"gold_loss":0.0,"damage_taken":0.0,"relics_obtained":["Bloody Idol"]},{"cards_removed":["Eruption"],"damage_healed":0.0,"max_hp_gain":0.0,"max_hp_loss":0.0,"gold_gain":0.0,"event_name":"Falling","player_choice":"Removed Attack","floor":37.0,"gold_loss":0.0,"damage_taken":0.0},{"damage_healed":0.0,"max_hp_gain":0.0,"max_hp_loss":0.0,"gold_gain":0.0,"event_name":"MindBloom","player_choice":"Fight","floor":47.0,"gold_loss":0.0,"damage_taken":0.0},{"damage_healed":0.0,"max_hp_gain":0.0,"max_hp_loss":0.0,"gold_gain":0.0,"event_name":"Tomb of Lord Red Mask","player_choice":"Ignored","floor":48.0,"gold_loss":0.0,"damage_taken":0.0}],"is_beta":false,"boss_relics":[{"not_picked":["HolyWater","Velvet Choker"],"picked":"Runic Pyramid"},{"not_picked":["Pandora\u0027s Box","Fusion Hammer"],"picked":"VioletLotus"}],"items_purged_floors":[13,21,36,38],"is_endless":false,"potions_floor_spawned":[11,12,16,19,20,23,30,31,39,41,44],"killed_by":"The Heart","ascension_level":20}}