{"host":"90jl2h70xtuoeg0i","time":1607857640,"event":{"mods":["AchievementEnabler","BaseMod","Colored Map","Colored Powertips","Minty Spire (QoL Compilation)","Relic Stats","ojb\u0027s Better Paths Mod","ojb\u0027s Info Mod"],"gold_per_floor":[118,134,146,162,172,172,172,172],"floor_reached":7,"playtime":492,"items_purged":[],"score":81,"play_id":"66f05146-3df2-4ccc-b1b0-99fca9bb54a6","local_time":"20201213060720","is_ascension_mode":true,"campfire_choices":[{"data":"Catalyst","floor":6,"key":"SMITH"}],"circlet_count":0,"master_deck":["AscendersBane","Strike_G","Strike_G","Strike_G","Strike_G","Strike_G","Defend_G","Defend_G","Defend_G","Defend_G","Defend_G","Survivor","Neutralize","Backstab","Bane","Catalyst+1","Deadly Poison"],"relics":["Runic Dome"],"acts_visited":["Exordium"],"potions_floor_usage":[5],"damage_taken":[{"damage":4.0,"enemies":"Cultist","floor":1.0,"turns":5.0},{"damage":0,"enemies":"2 Louse","floor":2,"turns":3},{"damage":4,"enemies":"Small Slimes","floor":3,"turns":3},{"damage":11,"enemies":"Looter","floor":4,"turns":4},{"damage":3,"enemies":"3 Louse","floor":5,"turns":4},{"damage":37,"enemies":"3 Sentries","floor":7,"turns":9}],"seed_played":"8480503158649871668","potions_obtained":[{"floor":1.0,"key":"FearPotion"},{"floor":2,"key":"Swift Potion"}],"is_trial":false,"path_per_floor":["M","M","M","M","M","R","E"],"character_chosen":"THE_SILENT","items_purchased":[],"campfire_rested":0,"item_purchase_floors":[],"current_hp_per_floor":[55,55,51,40,37,37,0,0],"gold":172,"neow_bonus":"BOSS_RELIC","is_daily":false,"chose_seed":false,"campfire_upgraded":1,"win_rate":0.0,"timestamp":1607857640,"path_taken":["M","M","M","?","M","R","E"],"items_purchased_type":[],"build_version":"2020-11-30","purchased_purges":0,"victory":false,"max_hp_per_floor":[66,66,66,66,66,66,66,66],"relic_stats":{"counters":[6,28],"obtain_stats":[{"Runic Dome":0,"Ring of the Snake":0},{"Runic Dome":0,"Ring of the Snake":0},{"Runic Dome":0,"Ring of the Snake":0}]},"card_choices":[{"not_picked":["Heel Hook","Flying Knee"],"picked":"Backstab","floor":1.0},{"not_picked":["Outmaneuver","Well Laid Plans"],"picked":"Bane","floor":2},{"not_picked":["Blur","Accuracy","Acrobatics"],"picked":"SKIP","floor":3},{"not_picked":["PiercingWail","Slice"],"picked":"Catalyst","floor":4},{"not_picked":["Dagger Spray","Blade Dance"],"picked":"Deadly Poison","floor":5}],"player_experience":1268545,"relics_obtained":[],"event_choices":[],"is_beta":false,"boss_relics":[],"items_purged_floors":[],"is_endless":false,"potions_floor_spawned":[1,2],"killed_by":"3 Sentries","ascension_level":16}}