{"host":"67d7yvf7wgk1klfn","time":1607835913,"event":{"mods":["BaseMod","Filter the Spire","Minty Spire (QoL Compilation)","Relic Stats","Slay the Relics Exporter","StSLib"],"gold_per_floor":[119,132,203,214,214,249,249,266,266,266,276,276,303,317,317,392,392,409,420,437,352,16,16,48,48,48,0,0,16,45,56,56,127,127,142,152,152,172,185,210,263,290,290,316,330,362,362,362,362,362,362,362,39,70,70,70],"floor_reached":55,"playtime":2588,"items_purged":[],"score":1514,"play_id":"7dc509ae-5582-4c0e-88ee-e9bb612b5410","local_time":"20201213000513","is_ascension_mode":true,"campfire_choices":[{"data":"Neutralize","floor":10.0,"key":"SMITH"},{"floor":12.0,"key":"REST"},{"data":"Dagger Spray","floor":15,"key":"SMITH"},{"data":"Predator","floor":23,"key":"SMITH"},{"data":"Backstab","floor":25,"key":"SMITH"},{"data":"Unload","floor":28,"key":"SMITH"},{"data":"Backflip","floor":32,"key":"SMITH"},{"floor":47,"key":"RECALL"},{"data":"Survivor","floor":49,"key":"SMITH"},{"data":"Strike_G","floor":52,"key":"SMITH"}],"circlet_count":0,"master_deck":["AscendersBane","Strike_G+1","Strike_G+1","Strike_G+1","Defend_G","Defend_G","Defend_G","Defend_G","Defend_G","Survivor+1","Neutralize+1","Backflip+1","Backstab+1","Unload+1","Cloak And Dagger+1","Dagger Spray+1","Cloak And Dagger+1","Deadly Poison+1","Corpse Explosion+1","Backflip+1","Predator+1","Cloak And Dagger+1","Calculated Gamble+1","Cloak And Dagger+1","Blade Dance+1","Cloak And Dagger+1","Dodge and Roll+1","Adrenaline+1","Terror+1","Footwork+1","Escape Plan+1","PiercingWail+1","Dodge and Roll+1","Acrobatics+1","Deadly Poison+1","Backflip+1","Blade Dance+1","Noxious Fumes","Unload"],"relics":["WristBlade","Toxic Egg 2","Ornamental Fan","Orichalcum","Cursed Key","Strawberry","Torii","Mummified Hand","Eternal Feather","Black Star","Letter Opener","Ice Cream","Bird Faced Urn","Regal Pillow","Smiling Mask","Darkstone Periapt","Lantern","Bronze Scales","Bottled Tornado","Shuriken","Whetstone","Bottled Lightning"],"acts_visited":["Exordium","TheCity","TheBeyond","TheEnding"],"potions_floor_usage":[16,24,33,41,41,50,55,55],"damage_taken":[{"damage":0.0,"enemies":"Cultist","floor":1.0,"turns":3.0},{"damage":8.0,"enemies":"Small Slimes","floor":2.0,"turns":5.0},{"damage":2.0,"enemies":"Jaw Worm","floor":4.0,"turns":4.0},{"damage":22.0,"enemies":"3 Sentries","floor":6.0,"turns":11.0},{"damage":13.0,"enemies":"Blue Slaver","floor":8.0,"turns":2.0},{"damage":0.0,"enemies":"3 Louse","floor":11.0,"turns":1.0},{"damage":7.0,"enemies":"Lagavulin","floor":13.0,"turns":4.0},{"damage":0,"enemies":"Red Slaver","floor":14,"turns":4},{"damage":0,"enemies":"Slime Boss","floor":16,"turns":5},{"damage":4,"enemies":"Shell Parasite","floor":18,"turns":4},{"damage":0,"enemies":"Chosen","floor":19,"turns":4},{"damage":3,"enemies":"Centurion and Healer","floor":20,"turns":3},{"damage":0,"enemies":"Slavers","floor":24,"turns":1},{"damage":0,"enemies":"3 Cultists","floor":29,"turns":2},{"damage":19,"enemies":"Gremlin Leader","floor":30,"turns":5},{"damage":0,"enemies":"Cultist and Chosen","floor":31,"turns":3},{"damage":51,"enemies":"Automaton","floor":33,"turns":11},{"damage":0,"enemies":"Orb Walker","floor":35,"turns":2},{"damage":0,"enemies":"3 Darklings","floor":36,"turns":4},{"damage":0,"enemies":"Jaw Worm Horde","floor":38,"turns":1},{"damage":0,"enemies":"4 Shapes","floor":39,"turns":5},{"damage":10,"enemies":"Giant Head","floor":40,"turns":7},{"damage":7,"enemies":"2 Orb Walkers","floor":41,"turns":3},{"damage":2,"enemies":"Nemesis","floor":42,"turns":7},{"damage":10,"enemies":"Giant Head","floor":44,"turns":7},{"damage":7,"enemies":"Sphere and 2 Shapes","floor":45,"turns":4},{"damage":0,"enemies":"Reptomancer","floor":46,"turns":5},{"damage":67,"enemies":"Time Eater","floor":50,"turns":12},{"damage":17,"enemies":"Shield and Spear","floor":54,"turns":6},{"damage":70,"enemies":"The Heart","floor":55,"turns":5}],"seed_played":"-3071654732688312003","potions_obtained":[{"floor":2.0,"key":"EssenceOfSteel"},{"floor":6.0,"key":"LiquidMemories"},{"floor":8.0,"key":"CunningPotion"},{"floor":16,"key":"CunningPotion"},{"floor":29,"key":"EntropicBrew"},{"floor":33,"key":"Weak Potion"},{"floor":46,"key":"DistilledChaos"},{"floor":54,"key":"Dexterity Potion"}],"is_trial":false,"path_per_floor":["M","M","T","M","?","E","?","M","T","R","M","R","E","M","R","B",null,"M","M","M","?","$","R","E","R","T","$","R","M","E","M","R","B",null,"M","M","?","M","M","E","?","E","T","E","M","E","R","?","R","B",null,"R","$","E","B"],"character_chosen":"THE_SILENT","items_purchased":["Cloak And Dagger+1","Torii","Cloak And Dagger+1","Noxious Fumes","Shuriken"],"campfire_rested":1,"item_purchase_floors":[22,22,27,53,53],"current_hp_per_floor":[63,55,55,53,46,24,24,11,11,11,11,32,25,25,25,25,59,55,55,52,59,59,59,59,59,59,59,59,59,40,40,55,4,59,59,59,59,59,59,49,42,42,42,34,27,27,48,48,69,4,56,73,73,58,0,0],"gold":70,"neow_bonus":"BOSS_RELIC","is_daily":false,"chose_seed":false,"campfire_upgraded":8,"win_rate":0.0,"timestamp":1607835913,"path_taken":["M","M","?","M","?","E","?","M","T","R","M","R","E","M","R","BOSS","M","M","M","?","$","R","E","R","T","?","R","M","E","M","R","BOSS","M","M","?","M","M","E","?","E","T","E","M","E","R","?","R","BOSS","R","$","E","BOSS"],"items_purchased_type":["Card","Relic","Card","Card","Relic"],"build_version":"2020-11-30","purchased_purges":0,"victory":false,"max_hp_per_floor":[70,70,70,70,70,70,70,70,70,70,70,70,70,70,70,70,70,70,70,70,77,77,77,77,77,77,77,77,77,77,77,77,77,77,77,77,73,73,73,73,73,73,73,73,73,73,73,73,73,73,73,73,73,73,73,73],"relic_stats":{"Darkstone Periapt":0,"Regal Pillow":0,"Torii":30,"counters":[30,140],"Eternal Feather":74,"Letter Opener":[207],"Whetstone":["Strike_G","Strike_G"],"Orichalcum":[48],"Cursed Key":0,"Smiling Mask":0,"Ornamental Fan":[388],"Mummified Hand":[10],"Shuriken":[9],"Bird Faced Urn":[12],"Bronze Scales":[111],"Black Star":5,"obtain_stats":[{"Ice Cream":40,"Darkstone Periapt":44,"Regal Pillow":42,"Lantern":44,"Torii":22,"Eternal Feather":30,"Letter Opener":40,"Whetstone":54,"Orichalcum":13,"Bottled Tornado":46,"Cursed Key":17,"Smiling Mask":42,"WristBlade":0,"Ornamental Fan":9,"Mummified Hand":24,"Shuriken":53,"Strawberry":21,"Bird Faced Urn":41,"Bronze Scales":46,"Black Star":34,"Bottled Lightning":54,"Toxic Egg 2":6,"Ring of the Snake":0},{"Ice Cream":22,"Darkstone Periapt":25,"Regal Pillow":24,"Lantern":25,"Torii":12,"Eternal Feather":15,"Letter Opener":22,"Whetstone":29,"Orichalcum":7,"Bottled Tornado":27,"Cursed Key":9,"Smiling Mask":24,"WristBlade":0,"Ornamental Fan":5,"Mummified Hand":13,"Shuriken":28,"Strawberry":12,"Bird Faced Urn":23,"Bronze Scales":27,"Black Star":17,"Bottled Lightning":29,"Toxic Egg 2":4,"Ring of the Snake":0},{"Ice Cream":91,"Darkstone Periapt":108,"Regal Pillow":101,"Lantern":108,"Torii":50,"Eternal Feather":58,"Letter Opener":91,"Whetstone":135,"Orichalcum":30,"Bottled Tornado":117,"Cursed Key":39,"Smiling Mask":101,"WristBlade":0,"Ornamental Fan":25,"Mummified Hand":51,"Shuriken":129,"Strawberry":50,"Bird Faced Urn":94,"Bronze Scales":117,"Black Star":72,"Bottled Lightning":135,"Toxic Egg 2":23,"Ring of the Snake":0}]},"card_choices":[{"not_picked":["Deadly Poison","Flying Knee"],"picked":"Backflip","floor":1.0},{"not_picked":["Acrobatics","PiercingWail"],"picked":"Backstab","floor":2.0},{"not_picked":["Deflect","Deadly Poison"],"picked":"Unload","floor":4.0},{"not_picked":["Acrobatics+1","Sucker Punch"],"picked":"Cloak And Dagger+1","floor":6.0},{"not_picked":["Prepared+1","Escape Plan+1"],"picked":"Cloak And Dagger+1","floor":8.0},{"not_picked":["Choke","Flechettes","Outmaneuver+1"],"picked":"SKIP","floor":11.0},{"not_picked":["All Out Attack","Riddle With Holes","Dagger Throw"],"picked":"SKIP","floor":13.0},{"not_picked":["Flying Knee","Concentrate+1"],"picked":"Deadly Poison+1","floor":14},{"not_picked":["Doppelganger+1","Bullet Time+1"],"picked":"Corpse Explosion+1","floor":16},{"not_picked":["Accuracy","Acrobatics+1"],"picked":"Backflip+1","floor":18},{"not_picked":["Backflip+1","Bane","Sucker Punch"],"picked":"SKIP","floor":19},{"not_picked":["Blur+1","Outmaneuver+1"],"picked":"Predator","floor":20},{"not_picked":["Bane","Flying Knee+1"],"picked":"Calculated Gamble+1","floor":24},{"not_picked":["Cloak And Dagger+1","Concentrate+1"],"picked":"Blade Dance+1","floor":29},{"not_picked":["Deadly Poison+1","Poisoned Stab"],"picked":"Cloak And Dagger+1","floor":30},{"not_picked":["Deflect+1","Dagger Spray"],"picked":"Dodge and Roll+1","floor":31},{"not_picked":["Venomology+1","Tools of the Trade"],"picked":"Adrenaline+1","floor":33},{"not_picked":["Blade Dance+1","Poisoned Stab"],"picked":"Terror+1","floor":35},{"not_picked":["Deadly Poison+1","Blade Dance+1"],"picked":"Footwork+1","floor":36},{"not_picked":["Caltrops","Slice"],"picked":"Escape Plan+1","floor":38},{"not_picked":["Outmaneuver+1","Bane"],"picked":"PiercingWail+1","floor":39},{"not_picked":["Grand Finale","Concentrate+1"],"picked":"Dodge and Roll+1","floor":40},{"not_picked":["Endless Agony","Quick Slash"],"picked":"Acrobatics+1","floor":41},{"not_picked":["Riddle With Holes+1","All Out Attack+1"],"picked":"Deadly Poison+1","floor":42},{"not_picked":["Deflect+1","Slice"],"picked":"Backflip+1","floor":44},{"not_picked":["Quick Slash+1","Deflect+1","Bane"],"picked":"SKIP","floor":45},{"not_picked":["Finisher+1","Deadly Poison+1"],"picked":"Blade Dance+1","floor":46},{"not_picked":["Outmaneuver+1","Heel Hook"],"picked":"Unload","floor":54}],"player_experience":610261,"relics_obtained":[{"floor":6.0,"key":"Toxic Egg 2"},{"floor":9.0,"key":"Ornamental Fan"},{"floor":13.0,"key":"Orichalcum"},{"floor":24,"key":"Mummified Hand"},{"floor":30,"key":"Eternal Feather"},{"floor":40,"key":"Letter Opener"},{"floor":40,"key":"Ice Cream"},{"floor":41,"key":"Bird Faced Urn"},{"floor":42,"key":"Regal Pillow"},{"floor":42,"key":"Smiling Mask"},{"floor":44,"key":"Darkstone Periapt"},{"floor":44,"key":"Lantern"},{"floor":46,"key":"Bronze Scales"},{"floor":46,"key":"Bottled Tornado"},{"floor":54,"key":"Whetstone"},{"floor":54,"key":"Bottled Lightning"}],"event_choices":[{"cards_removed":["Strike_G"],"damage_healed":0.0,"max_hp_gain":0.0,"max_hp_loss":0.0,"gold_gain":0.0,"event_name":"Golden Wing","player_choice":"Card Removal","floor":5.0,"gold_loss":0.0,"damage_taken":7.0},{"damage_healed":0.0,"max_hp_gain":0.0,"max_hp_loss":0.0,"gold_gain":0.0,"cards_transformed":["Strike_G"],"event_name":"Transmorgrifier","player_choice":"Transformed","floor":7.0,"gold_loss":0.0,"damage_taken":0.0,"cards_obtained":["Dagger Spray"]},{"damage_healed":0,"gold_gain":0,"player_choice":"Paid Gold","damage_taken":0,"relics_obtained":["Strawberry"],"max_hp_gain":0,"max_hp_loss":0,"event_name":"WeMeetAgain","floor":21,"gold_loss":85},{"damage_healed":0,"gold_gain":0,"player_choice":"Max HP","damage_taken":0,"max_hp_gain":0,"max_hp_loss":4,"event_name":"Winding Halls","floor":37,"gold_loss":0},{"damage_healed":0,"gold_gain":0,"player_choice":"Fight","damage_taken":0,"max_hp_gain":0,"max_hp_loss":0,"event_name":"Mysterious Sphere","floor":41,"gold_loss":0},{"damage_healed":0,"gold_gain":0,"player_choice":"Ignored","damage_taken":0,"max_hp_gain":0,"max_hp_loss":0,"event_name":"Tomb of Lord Red Mask","floor":48,"gold_loss":0}],"is_beta":false,"boss_relics":[{"not_picked":["Philosopher\u0027s Stone","Ectoplasm"],"picked":"Cursed Key"},{"not_picked":["Empty Cage","Runic Pyramid"],"picked":"Black Star"}],"items_purged_floors":[],"is_endless":false,"potions_floor_spawned":[2,6,8,13,16,20,29,30,33,35,38,39,41,46,54],"killed_by":"The Heart","ascension_level":13}}