{"host":"ifd7sfhtlbe34qll","time":1607833449,"event":{"mods":["2.2 Compatiblity","BaseMod","Bestiary","Block Reminder","Colored Map","Filter the Spire","Highlight Path","Minty Spire (QoL Compilation)","Potion Indicator Mod","Quick Restart","Random Character Button","Relic Stats","StSLib"],"gold_per_floor":[113,133,145,220,220,220,251,251,278,310,310,103,121,140,140,229,229,254,270,283,198,198,198,227,254,254,265,274,104,113,148,148,148,148],"floor_reached":33,"playtime":1800,"items_purged":["Strike_G","Strike_G"],"score":590,"play_id":"563b4425-fba9-46c5-9055-3161a42cb08e","local_time":"20201212222409","is_ascension_mode":true,"campfire_choices":[{"floor":6,"key":"REST"},{"floor":8,"key":"REST"},{"data":"Malaise","floor":15,"key":"SMITH"},{"floor":23,"key":"REST"},{"data":"J.A.X.","floor":32,"key":"SMITH"}],"circlet_count":0,"master_deck":["AscendersBane","Strike_G+1","Strike_G","Strike_G","Defend_G","Defend_G","Defend_G","Defend_G","Defend_G","Survivor","Neutralize+1","Flying Knee","Dagger Throw","Flying Knee","Malaise+1","Flying Knee","Masterful Stab","All Out Attack","Dash","Caltrops+1","Acrobatics","Backstab","RitualDagger","Well Laid Plans","J.A.X.+1","Night Terror"],"relics":["Ring of the Snake","Bronze Scales","Orichalcum","Meat on the Bone","Bloody Idol","SacredBark","CeramicFish","Snake Skull","HornCleat","Dream Catcher"],"acts_visited":["Exordium","TheCity"],"potions_floor_usage":[10,16,19,19,24,33,33],"damage_taken":[{"damage":0,"enemies":"Cultist","floor":1,"turns":4},{"damage":4,"enemies":"Jaw Worm","floor":2,"turns":5},{"damage":0,"enemies":"2 Louse","floor":3,"turns":3},{"damage":30,"enemies":"3 Sentries","floor":7,"turns":9},{"damage":17,"enemies":"Lagavulin","floor":10,"turns":6},{"damage":1,"enemies":"Looter","floor":13,"turns":2},{"damage":3,"enemies":"Blue Slaver","floor":14,"turns":3},{"damage":11,"enemies":"Hexaghost","floor":16,"turns":11},{"damage":21,"enemies":"Spheric Guardian","floor":18,"turns":4},{"damage":7,"enemies":"2 Thieves","floor":19,"turns":4},{"damage":34,"enemies":"Sentry and Sphere","floor":20,"turns":6},{"damage":23,"enemies":"Slavers","floor":24,"turns":4},{"damage":32,"enemies":"3 Cultists","floor":25,"turns":6},{"damage":3,"enemies":"Centurion and Healer","floor":27,"turns":8},{"damage":12,"enemies":"Book of Stabbing","floor":31,"turns":5},{"damage":54,"enemies":"Automaton","floor":33,"turns":6}],"seed_played":"3007328532623892005","potions_obtained":[{"floor":3,"key":"Poison Potion"},{"floor":7,"key":"DistilledChaos"},{"floor":16,"key":"GamblersBrew"},{"floor":19,"key":"FearPotion"},{"floor":20,"key":"AttackPotion"},{"floor":27,"key":"EssenceOfSteel"},{"floor":31,"key":"Strength Potion"}],"is_trial":false,"path_per_floor":["M","M","M","?","?","R","E","R","T","E","?","$","M","M","R","B",null,"M","M","M","?","?","R","E","M","T","M","?","$","?","E","R","B"],"character_chosen":"THE_SILENT","items_purchased":["PowerPotion","Masterful Stab","Well Laid Plans"],"campfire_rested":3,"item_purchase_floors":[12,12,29],"current_hp_per_floor":[65,61,61,50,28,49,19,40,40,23,23,23,34,43,43,44,60,39,44,22,22,22,41,35,25,25,39,38,43,48,46,46,0,0],"gold":148,"neow_bonus":"TEN_PERCENT_HP_BONUS","is_daily":false,"chose_seed":false,"campfire_upgraded":2,"win_rate":0.0,"timestamp":1607833449,"path_taken":["M","M","M","?","?","R","E","R","T","E","?","$","M","M","R","BOSS","M","M","M","?","?","R","E","M","T","M","?","$","?","E","R","BOSS"],"items_purchased_type":["Potion","Card","Card"],"build_version":"2020-11-30","purchased_purges":2,"victory":false,"max_hp_per_floor":[72,72,72,72,72,72,72,72,72,72,65,65,65,65,65,65,65,65,65,65,65,65,65,65,65,65,65,65,65,65,65,65,65,65],"relic_stats":{"Dream Catcher":0,"counters":[16,86],"Bronze Scales":[212],"Bloody Idol":45,"CeramicFish":45,"Snake Skull":[0],"Orichalcum":[168],"obtain_stats":[{"Dream Catcher":31,"HornCleat":26,"Golden Idol":11,"Bronze Scales":7,"SacredBark":17,"CeramicFish":21,"Bloody Idol":22,"Snake Skull":24,"Orichalcum":9,"Ring of the Snake":0,"Meat on the Bone":10},{"Dream Catcher":15,"HornCleat":13,"Golden Idol":5,"Bronze Scales":4,"SacredBark":8,"CeramicFish":11,"Bloody Idol":11,"Snake Skull":12,"Orichalcum":4,"Ring of the Snake":0,"Meat on the Bone":5},{"Dream Catcher":80,"HornCleat":67,"Golden Idol":27,"Bronze Scales":21,"SacredBark":43,"CeramicFish":57,"Bloody Idol":57,"Snake Skull":61,"Orichalcum":21,"Ring of the Snake":0,"Meat on the Bone":27}],"Ring of the Snake":[32],"Meat on the Bone":96},"card_choices":[{"not_picked":["Dagger Throw","Caltrops"],"picked":"Flying Knee","floor":1},{"not_picked":["Underhanded Strike","Prepared"],"picked":"Dagger Throw","floor":2},{"not_picked":["Dodge and Roll","Blur"],"picked":"Flying Knee","floor":3},{"not_picked":["Sucker Punch","Footwork"],"picked":"Malaise","floor":7},{"not_picked":["Outmaneuver","Backflip"],"picked":"Flying Knee","floor":10},{"not_picked":["Flying Knee","Slice"],"picked":"All Out Attack","floor":13},{"not_picked":["Cloak And Dagger","Dagger Throw","Finisher"],"picked":"SKIP","floor":14},{"not_picked":["Dagger Spray","PiercingWail"],"picked":"Dash","floor":18},{"not_picked":["Tactician","Acrobatics"],"picked":"Caltrops+1","floor":19},{"not_picked":["Quick Slash","Dagger Spray"],"picked":"Acrobatics","floor":20},{"not_picked":["Dodge and Roll","Distraction","Masterful Stab"],"picked":"SKIP","floor":24},{"not_picked":["Escape Plan","Prepared"],"picked":"Backstab","floor":25},{"not_picked":["Underhanded Strike","Infinite Blades","Endless Agony"],"picked":"SKIP","floor":27},{"not_picked":["Flying Knee","PiercingWail"],"picked":"Night Terror","floor":31}],"player_experience":1417823,"relics_obtained":[{"floor":7,"key":"Bronze Scales"},{"floor":9,"key":"Orichalcum"},{"floor":10,"key":"Meat on the Bone"},{"floor":24,"key":"Snake Skull"},{"floor":26,"key":"HornCleat"},{"floor":31,"key":"Dream Catcher"}],"event_choices":[{"damage_healed":0,"gold_gain":75,"player_choice":"Gather Gold","damage_taken":11,"max_hp_gain":0,"max_hp_loss":0,"event_name":"World of Goop","floor":4,"gold_loss":0},{"damage_healed":0,"gold_gain":0,"player_choice":"Entered Light","damage_taken":22,"max_hp_gain":0,"max_hp_loss":0,"event_name":"Shining Light","floor":5,"gold_loss":0,"cards_upgraded":["Strike_G","Neutralize"]},{"damage_healed":0,"gold_gain":0,"player_choice":"Lose Max HP","damage_taken":0,"relics_obtained":["Golden Idol"],"max_hp_gain":0,"max_hp_loss":7,"event_name":"Golden Idol","floor":11,"gold_loss":0},{"damage_healed":0,"gold_gain":0,"player_choice":"Obtained Relic","damage_taken":0,"relics_obtained":["CeramicFish"],"max_hp_gain":0,"max_hp_loss":0,"event_name":"Addict","floor":21,"gold_loss":85},{"damage_healed":0,"gold_gain":0,"player_choice":"Gave Idol","damage_taken":0,"relics_obtained":["Bloody Idol"],"max_hp_gain":0,"max_hp_loss":0,"event_name":"Forgotten Altar","floor":22,"relics_lost":["Golden Idol"],"gold_loss":0},{"damage_healed":0,"gold_gain":0,"player_choice":"Joined the Cult","damage_taken":6,"max_hp_gain":0,"max_hp_loss":0,"event_name":"Nest","floor":28,"gold_loss":0,"cards_obtained":["RitualDagger"]},{"damage_healed":0,"gold_gain":0,"player_choice":"Obtain J.A.X.","damage_taken":0,"max_hp_gain":0,"max_hp_loss":0,"event_name":"Drug Dealer","floor":30,"gold_loss":0,"cards_obtained":["J.A.X."]}],"is_beta":false,"boss_relics":[{"not_picked":["Tiny House","SlaversCollar"],"picked":"SacredBark"}],"items_purged_floors":[12,29],"is_endless":false,"potions_floor_spawned":[3,7,16,19,20,27,31],"killed_by":"Automaton","ascension_level":20}}