{"host":"tm3ghj8mno6gwywm","time":1607839044,"event":{"mods":["2.2 Compatiblity","AchievementEnabler","Bard","BaseMod","Beaked The Cultist","Better Third Choice","Colored Map","Colored Powertips","Conspire","Downfall","Glutton Mod","GungeonMod","Halation","Hermit","Hubris","Infinite Spire","Jorbs\u0027s Wanderer Trilogy","Lobotomy","Mad Scientist","Marisa????????","Marked Mod","Mimic Mod","Minty Spire (QoL Compilation)","Potionbrewer","Quick Restart","READ ME - Guardian Mod","Replay The Spire","Shade Mod","Shop Mod","Somnambulant","Spicy Shops","StSLib","SuperFastMode","The Bug Knight","The Construct","The Cursed","The Disciple","The Factory","The Hierophant","The IronCluck","The Judge","The Jungle","The Necromancer","The Runesmith","The Servant 0.9.4","egg"],"gold_per_floor":[113,130,150,150,168,195,210,242,242,257,268,268,299,313,313,417,417,433,11,31,31,31,62,73,93,93,118,118,63,78,78,78,180,180,190,210,210,223,65,65,57,77,103,0,14,32,32,47,47,47,47,47,47,47,79,79,79],"floor_reached":56,"playtime":2770,"items_purged":[],"score":915,"play_id":"41c87c22-67ca-45cd-8a8c-0e8b876afd0f","local_time":"20201213005724","is_ascension_mode":false,"campfire_choices":[{"floor":12,"key":"REST"},{"floor":15,"key":"REST"},{"floor":28,"key":"RECALL"},{"floor":32,"key":"REST"},{"floor":40,"key":"REST"},{"floor":49,"key":"REST"},{"floor":53,"key":"REST"}],"circlet_count":0,"master_deck":["Strike_P+1","Strike_P+1","Strike_P+1","Strike_P+1","Defend_P+1","Defend_P+1","Defend_P+1","Defend_P+1","Eruption+1","Vigilance+1","LessonLearned+1","Consecrate+1","FlurryOfBlows+1","MarkedMod:FirstStrike+1","Wireheading+1","Pot Of Greed+1","Pot Of Greed+1","MarkedMod:Acupuncture+1","Halt+1","Prostrate+1","Sanctity+1","ForeignInfluence+1","Replay:Vibes+1","FollowUp+1","Devotion+1","CurseOfTheBell","Pot Of Greed+1","MarkedMod:GentlePulse+1","MarkedMod:GracefulMovements+1","Replay:SS_hec_2+1","FlurryOfBlows+1","MarkedMod:SlowDance+1","MarkedMod:Acupuncture+1","Pray+1","Replay:DivineShield+1","Omniscience+1","PathToVictory+1","LikeWater+1","Replay:Fractal Strike+1","Pot Of Greed+1","DevaForm+1","Evaluate+1","PathToVictory+1","FlurryOfBlows+1","WheelKick+1","MarkedMod:Acupuncture+1"],"relics":["PureWater","Membership Card","Quantum Egg","Frozen Egg 2","Toxic Egg 2","Molten Egg 2","Black Star","Mummified Hand","Lizard Tail","halation:WeightlessCrab","Grinning Jar","DemoMod:Metronome","DemoMod:LamentConfigurum","hubris:TenFootPole","hubris:SphereOfDissonance","Pocketwatch","Calling Bell","Lantern","Snack Pack","Gambling Chip","Strange Spoon","Bronze Scales","Blood Vial","Replay:Wax Seal","infinitespire:PuzzleCube","Garlic","hubris:BottledRain","Replay:PocketPolymizer","Du-Vu Doll","sneckomod:SneckoTalon","Cauldron","halation:Yufonium","DemoMod:Orange","Anchor","Red Mask","Boot","hubris:MedicalManual"],"acts_visited":["Exordium","TheCity","TheBeyond","TheEnding"],"potions_floor_usage":[8,13,13,16,38,50,50,50],"damage_taken":[{"damage":0,"enemies":"Cultist","floor":1,"turns":2},{"damage":0,"enemies":"Small Slimes","floor":2,"turns":3},{"damage":1,"enemies":"infinitespire:Voidling","floor":3,"turns":3},{"damage":0,"enemies":"3 Louse","floor":5,"turns":2},{"damage":21,"enemies":"HollowMod:MossKnight","floor":6,"turns":10},{"damage":8,"enemies":"Red Slaver","floor":7,"turns":4},{"damage":0,"enemies":"Gremlin Nob","floor":8,"turns":1},{"damage":11,"enemies":"Exordium Thugs","floor":10,"turns":4},{"damage":6,"enemies":"Lots of Slimes","floor":11,"turns":4},{"damage":10,"enemies":"Lagavulin","floor":13,"turns":5},{"damage":0,"enemies":"Exordium Wildlife","floor":14,"turns":3},{"damage":0,"enemies":"Slime Boss","floor":16,"turns":4},{"damage":14,"enemies":"2 Thieves","floor":18,"turns":4},{"damage":0,"enemies":"3 Byrds","floor":20,"turns":3},{"damage":5,"enemies":"Book of Stabbing","floor":23,"turns":5},{"damage":6,"enemies":"Snake Plant","floor":24,"turns":3},{"damage":0,"enemies":"Centurion and Healer","floor":25,"turns":3},{"damage":25,"enemies":"Slavers","floor":27,"turns":4},{"damage":16,"enemies":"conspire:HollyBat","floor":30,"turns":8},{"damage":10,"enemies":"conspire:MysteriousRune","floor":33,"turns":5},{"damage":2,"enemies":"3 Darklings","floor":35,"turns":3},{"damage":8,"enemies":"3 Shapes","floor":36,"turns":3},{"damage":0,"enemies":"3 Darklings","floor":38,"turns":4},{"damage":0,"enemies":"Writhing Mass","floor":42,"turns":5},{"damage":8,"enemies":"Sphere and 2 Shapes","floor":45,"turns":6},{"damage":11,"enemies":"3 Darklings","floor":46,"turns":6},{"damage":18,"enemies":"4 Shapes","floor":48,"turns":5},{"damage":71,"enemies":"Awakened One","floor":50,"turns":11},{"damage":18,"enemies":"Shield and Spear","floor":55,"turns":5},{"damage":138,"enemies":"The Heart","floor":56,"turns":6}],"seed_played":"-705739323409412274","potions_obtained":[{"floor":1,"key":"potionbrewer:FreezingPotion"},{"floor":3,"key":"AttackPotion"},{"floor":5,"key":"Dexterity Potion"},{"floor":11,"key":"Languid Potion"},{"floor":14,"key":"sneckomod:MuddlingPotion"},{"floor":20,"key":"Energy Potion"},{"floor":37,"key":"ColorlessPotion"},{"floor":37,"key":"Swift Potion"},{"floor":42,"key":"Swift Potion"}],"is_trial":false,"path_per_floor":["M","M","M","?","M","E","M","E","T","M","M","R","E","M","R","B",null,"M","$","M","?","$","E","M","M","T","E","R","?","M","?","R","B",null,"M","M","AVR","M","$","R","$","M","T","?","M","M","?","M","R","B",null,null,"R","$","E","B"],"character_chosen":"WATCHER","items_purchased":["MarkedMod:GracefulMovements+1","Replay:SS_hec_2+1","Strange Spoon","Bronze Scales","Blood Vial","Replay:Wax Seal","champ:CounterPotion","infinitespire:PuzzleCube","DemoMod:Orange","DevaForm+1"],"campfire_rested":6,"item_purchase_floors":[19,19,19,19,19,19,19,19,39,41],"current_hp_per_floor":[72,72,71,71,71,50,42,42,42,31,25,46,36,36,57,57,72,60,60,64,64,64,67,65,72,72,52,52,72,65,65,75,71,75,75,69,69,75,87,87,87,87,87,87,82,81,81,65,87,34,34,87,87,87,77,0,0],"gold":79,"neow_bonus":"ONE_RANDOM_RARE_CARD","is_daily":false,"chose_seed":false,"campfire_upgraded":0,"win_rate":0.0,"timestamp":1607839044,"path_taken":["M","?","M","?","?","E","M","E","T","M","M","R","E","M","R","BOSS","M","$","M","?","?","E","?","M","T","E","R","?","M","?","R","BOSS","M","M","AVR","M","$","R","$","M","T","?","M","M","?","?","R","BOSS","R","$","E","BOSS"],"items_purchased_type":["Card","Card","Relic","Relic","Relic","Relic","Potion","Relic","Relic","Card"],"build_version":"2020-11-30","purchased_purges":0,"victory":false,"max_hp_per_floor":[72,72,72,72,72,72,72,72,72,72,72,72,72,72,72,72,72,72,72,72,72,72,72,72,75,75,75,75,75,75,75,75,75,75,75,75,75,75,87,87,87,87,87,87,87,87,87,87,87,87,87,87,87,87,87,87,87],"card_choices":[{"not_picked":["Replay:Anticipation+1","TalkToTheHand+1"],"picked":"Consecrate+1","floor":1},{"not_picked":["Consecrate+1","Swivel+1"],"picked":"FlurryOfBlows+1","floor":2},{"not_picked":["Swivel+1","Halt+1"],"picked":"MarkedMod:FirstStrike+1","floor":3},{"not_picked":["Tantrum+1","LessonLearned+1"],"picked":"Wireheading+1","floor":5},{"not_picked":["FearNoEvil+1","Protect+1"],"picked":"MarkedMod:Acupuncture+1","floor":6},{"not_picked":["FollowUp+1","MarkedMod:FirstStrike+1"],"picked":"Halt+1","floor":7},{"not_picked":["SashWhip+1","Replay:Hum+1"],"picked":"Prostrate+1","floor":8},{"not_picked":["BattleHymn+1","FollowUp+1"],"picked":"Sanctity+1","floor":10},{"not_picked":["ThirdEye+1","FlyingSleeves+1"],"picked":"ForeignInfluence+1","floor":11},{"not_picked":["Crescendo+1","TalkToTheHand+1"],"picked":"Replay:Vibes+1","floor":13},{"not_picked":["Consecrate+1","CutThroughFate+1"],"picked":"FollowUp+1","floor":14},{"not_picked":["Establishment+1","Vault+1"],"picked":"Devotion+1","floor":16},{"not_picked":["Replay:ManipulateFuture+1","CutThroughFate+1"],"picked":"MarkedMod:GentlePulse+1","floor":18},{"not_picked":["LikeWater+1","Replay:ManipulateFuture+1"],"picked":"FlurryOfBlows+1","floor":20},{"not_picked":["Halt+1","Tantrum+1"],"picked":"MarkedMod:SlowDance+1","floor":23},{"not_picked":["Vengeance+1","Evaluate+1"],"picked":"MarkedMod:Acupuncture+1","floor":24},{"not_picked":["Replay:AtTheReady+1","FollowUp+1","Wireheading+1"],"picked":"SKIP","floor":25},{"not_picked":["SashWhip+1","ClearTheMind+1"],"picked":"Pray+1","floor":27},{"not_picked":["Evaluate+1","Tantrum+1"],"picked":"Replay:DivineShield+1","floor":30},{"not_picked":["Ragnarok+1","Vault+1"],"picked":"Omniscience+1","floor":33},{"not_picked":["EmptyBody+1","Crescendo+1"],"picked":"PathToVictory+1","floor":35},{"not_picked":["EmptyFist+1","CrushJoints+1"],"picked":"LikeWater+1","floor":36},{"not_picked":["FearNoEvil+1","Prostrate+1","EmptyBody+1"],"picked":"SKIP","floor":38},{"not_picked":["Perseverance+1","BowlingBash+1"],"picked":"Evaluate+1","floor":42},{"not_picked":["Replay:LoomingThreat+1","FollowUp+1"],"picked":"PathToVictory+1","floor":45},{"not_picked":["BowlingBash+1","Halt+1"],"picked":"FlurryOfBlows+1","floor":46},{"not_picked":["CutThroughFate+1","Indignation+1"],"picked":"WheelKick+1","floor":48},{"not_picked":["Adaptation+1","Evaluate+1"],"picked":"MarkedMod:Acupuncture+1","floor":55}],"player_experience":758624,"relics_obtained":[{"floor":4,"key":"halation:WeightlessCrab"},{"floor":6,"key":"Grinning Jar"},{"floor":6,"key":"DemoMod:Metronome"},{"floor":8,"key":"DemoMod:LamentConfigurum"},{"floor":8,"key":"hubris:TenFootPole"},{"floor":13,"key":"hubris:SphereOfDissonance"},{"floor":13,"key":"Pocketwatch"},{"floor":17,"key":"Lantern"},{"floor":17,"key":"Snack Pack"},{"floor":17,"key":"Gambling Chip"},{"floor":23,"key":"Garlic"},{"floor":26,"key":"hubris:BottledRain"},{"floor":27,"key":"Replay:PocketPolymizer"},{"floor":27,"key":"Du-Vu Doll"},{"floor":43,"key":"Anchor"},{"floor":55,"key":"Boot"},{"floor":55,"key":"hubris:MedicalManual"}],"event_choices":[{"damage_healed":0,"gold_gain":0,"player_choice":"Relic","damage_taken":0,"max_hp_gain":0,"max_hp_loss":0,"event_name":"Wheel of Change","floor":4,"gold_loss":0},{"damage_healed":0,"gold_gain":0,"player_choice":"Ignored","damage_taken":0,"max_hp_gain":0,"max_hp_loss":0,"event_name":"Accursed Blacksmith","floor":21,"gold_loss":0},{"damage_healed":0,"gold_gain":0,"player_choice":"Got Potions","damage_taken":0,"max_hp_gain":0,"max_hp_loss":0,"event_name":"Lab","floor":31,"gold_loss":0},{"damage_healed":0,"gold_gain":0,"player_choice":"Paid","damage_taken":0,"relics_obtained":["Red Mask"],"max_hp_gain":0,"max_hp_loss":0,"event_name":"Tomb of Lord Red Mask","floor":44,"gold_loss":103},{"damage_healed":0,"gold_gain":0,"player_choice":"Leave","damage_taken":0,"max_hp_gain":0,"max_hp_loss":0,"event_name":"conspire:Investor","floor":47,"gold_loss":0}],"is_beta":false,"boss_relics":[{"not_picked":["hubris:GrandSneckoEye","conspire:RoyalGoblet"],"picked":"Calling Bell"},{"not_picked":["Replay:Drink Me","halation:PlatinumPhoenix"],"picked":"sneckomod:SneckoTalon"}],"items_purged_floors":[],"is_endless":false,"potions_floor_spawned":[1,3,5,7,11,14,20,24,25,33,35,42,46],"killed_by":"The Heart","ascension_level":0}}