{"host":"d9m9v0h6vo0edadb","time":1607860824,"event":{"mods":["BaseMod","Hermit","Keyboard Shortcuts","Minty Spire (QoL Compilation)","StSLib","SuperFastMode","The Cursed"],"gold_per_floor":[110,125,142,142,167,167,208,224,224,224,243,243,284,121,121,214,214,234,134,134,134,134,134,134,134],"floor_reached":24,"playtime":440,"items_purged":["Strike_B","Strike_B"],"score":398,"play_id":"7896a642-4e52-4733-8957-f25f0921251b","local_time":"20201213210024","is_ascension_mode":true,"campfire_choices":[{"data":"Streamline","floor":6,"key":"SMITH"},{"data":"Consume","floor":10,"key":"SMITH"},{"data":"Darkness","floor":12,"key":"SMITH"},{"data":"Recycle","floor":15,"key":"SMITH"},{"data":"Coolheaded","floor":23,"key":"SMITH"}],"circlet_count":0,"master_deck":["AscendersBane","Strike_B","Strike_B","Defend_B","Defend_B","Defend_B","Defend_B","Zap","Dualcast","Streamline+1","Hologram","Chill","Glacier","Consume+1","Darkness+1","Seek","FTL","Recycle+1","Echo Form","Coolheaded+1"],"relics":["Cracked Core","Golden Idol","Blood Vial","Darkstone Periapt","Happy Flower","Inserter"],"acts_visited":["Exordium","TheCity"],"potions_floor_usage":[7,16],"damage_taken":[{"damage":4,"enemies":"Jaw Worm","floor":1,"turns":3},{"damage":1,"enemies":"2 Louse","floor":2,"turns":3},{"damage":2,"enemies":"Small Slimes","floor":3,"turns":4},{"damage":3,"enemies":"3 Louse","floor":5,"turns":4},{"damage":8,"enemies":"3 Sentries","floor":7,"turns":11},{"damage":7,"enemies":"2 Fungi Beasts","floor":8,"turns":5},{"damage":13,"enemies":"Large Slime","floor":11,"turns":6},{"damage":10,"enemies":"Lagavulin","floor":13,"turns":5},{"damage":17,"enemies":"The Guardian","floor":16,"turns":10},{"damage":10,"enemies":"Spheric Guardian","floor":18,"turns":6},{"damage":52,"enemies":"Slavers","floor":24,"turns":4}],"seed_played":"3704602651689897152","potions_obtained":[{"floor":3,"key":"Strength Potion"},{"floor":5,"key":"BlessingOfTheForge"},{"floor":8,"key":"Weak Potion"},{"floor":18,"key":"Dexterity Potion"}],"is_trial":false,"path_per_floor":["M","M","M","?","M","R","E","M","T","R","M","R","E","$","R","B",null,"M","$","?","?","?","R","E"],"character_chosen":"DEFECT","items_purchased":["Recycle"],"campfire_rested":0,"item_purchase_floors":[14],"current_hp_per_floor":[60,59,57,57,54,54,46,41,41,41,30,30,22,22,22,7,50,42,42,42,42,42,42,0,0],"gold":134,"neow_bonus":"THREE_CARDS","is_daily":false,"chose_seed":false,"campfire_upgraded":5,"win_rate":0.0,"timestamp":1607860824,"path_taken":["M","M","M","?","M","R","E","M","T","R","M","R","E","$","R","BOSS","M","$","?","?","?","R","E"],"items_purchased_type":["Card"],"build_version":"2020-11-30","purchased_purges":2,"victory":false,"max_hp_per_floor":[71,71,71,64,64,64,64,64,64,64,64,64,64,64,64,64,64,64,64,64,64,64,64,64,64],"card_choices":[{"not_picked":["Steam","Stack"],"picked":"Streamline","floor":0},{"not_picked":["Barrage","Tempest"],"picked":"Hologram","floor":1},{"not_picked":["Reprogram","Hologram","Steam Power"],"picked":"SKIP","floor":2},{"not_picked":["Go for the Eyes","Hologram"],"picked":"Chill","floor":3},{"not_picked":["Steam","Tempest"],"picked":"Glacier","floor":5},{"not_picked":["Go for the Eyes","Redo"],"picked":"Consume","floor":7},{"not_picked":["Hologram","Steam"],"picked":"Darkness","floor":8},{"not_picked":["Sweeping Beam","Ball Lightning"],"picked":"Seek","floor":11},{"not_picked":["Turbo","Conserve Battery"],"picked":"FTL","floor":13},{"not_picked":["Machine Learning","Hyperbeam"],"picked":"Echo Form","floor":16},{"not_picked":["Compile Driver","Steam","Consume+1"],"picked":"SKIP","floor":18}],"player_experience":932841,"relics_obtained":[{"floor":7,"key":"Blood Vial"},{"floor":9,"key":"Darkstone Periapt"},{"floor":13,"key":"Happy Flower"}],"event_choices":[{"damage_healed":0,"gold_gain":0,"player_choice":"Lose Max HP","damage_taken":0,"relics_obtained":["Golden Idol"],"max_hp_gain":0,"max_hp_loss":7,"event_name":"Golden Idol","floor":4,"gold_loss":0},{"damage_healed":0,"gold_gain":0,"player_choice":"Ignored","damage_taken":0,"max_hp_gain":0,"max_hp_loss":0,"event_name":"Cursed Tome","floor":20,"gold_loss":0},{"damage_healed":0,"gold_gain":0,"player_choice":"Read","damage_taken":0,"max_hp_gain":0,"max_hp_loss":0,"event_name":"The Library","floor":21,"gold_loss":0,"cards_obtained":["Coolheaded"]},{"damage_healed":0,"gold_gain":0,"player_choice":"Ignored","damage_taken":0,"max_hp_gain":0,"max_hp_loss":0,"event_name":"Vampires","floor":22,"gold_loss":0}],"is_beta":false,"boss_relics":[{"not_picked":["SacredBark","Calling Bell"],"picked":"Inserter"}],"items_purged_floors":[14,19],"is_endless":false,"potions_floor_spawned":[3,5,8,13,18],"killed_by":"Slavers","ascension_level":19}}