{"host":"x1qj4d8ympd5jdqh","time":1607851721,"event":{"mods":["AchievementEnabler","AlwaysNeverKeys","BaseMod","Colored Map","Custom Start","DeckTracker","Highlight Path","Minty Spire (QoL Compilation)","StSLib","SuperFastMode"],"gold_per_floor":[114,189,189,189,203,230,230,246,246,264,264,291,305,177,177,177,177],"floor_reached":16,"playtime":337,"items_purged":["Defend_G"],"score":270,"play_id":"667e1f43-d55d-438a-a6d0-053740270d88","local_time":"20201213182841","is_ascension_mode":true,"campfire_choices":[{"data":"Neutralize","floor":7,"key":"SMITH"},{"data":"Terror","floor":11,"key":"SMITH"},{"floor":15,"key":"REST"}],"circlet_count":0,"master_deck":["AscendersBane","Strike_G","Strike_G","Strike_G","Strike_G","Defend_G","Defend_G","Defend_G","Defend_G","Survivor","Neutralize+1","Dagger Spray+1","Backflip","Dash","Terror+1","Venomology","Acrobatics"],"relics":["Ring of the Snake","NeowsBlessing","White Beast Statue","HornCleat","PreservedInsect"],"acts_visited":["Exordium"],"potions_floor_usage":[10,10,13,13,16,16],"damage_taken":[{"damage":0,"enemies":"Cultist","floor":1,"turns":1},{"damage":0,"enemies":"Jaw Worm","floor":5,"turns":1},{"damage":0,"enemies":"3 Sentries","floor":6,"turns":1},{"damage":2,"enemies":"Small Slimes","floor":8,"turns":4},{"damage":8,"enemies":"Exordium Thugs","floor":10,"turns":4},{"damage":18,"enemies":"Gremlin Nob","floor":12,"turns":4},{"damage":0,"enemies":"Large Slime","floor":13,"turns":4},{"damage":23,"enemies":"Slime Boss","floor":16,"turns":5}],"seed_played":"-5781136483606634328","potions_obtained":[{"floor":1,"key":"SkillPotion"},{"floor":8,"key":"SkillPotion"},{"floor":10,"key":"LiquidMemories"},{"floor":12,"key":"Explosive Potion"},{"floor":13,"key":"DistilledChaos"}],"is_trial":false,"path_per_floor":["M","?","?","?","M","E","R","M","T","M","R","E","M","$","R","B"],"character_chosen":"THE_SILENT","items_purchased":["Fire Potion"],"campfire_rested":1,"item_purchase_floors":[14],"current_hp_per_floor":[59,48,41,41,41,41,41,39,39,31,31,13,13,13,32,9,9],"gold":177,"neow_bonus":"THREE_ENEMY_KILL","is_daily":false,"chose_seed":false,"campfire_upgraded":2,"win_rate":0.0,"timestamp":1607851721,"path_taken":["M","?","?","?","M","E","R","M","T","?","R","E","M","$","R","BOSS"],"items_purchased_type":["Potion"],"build_version":"2020-11-30","purchased_purges":1,"victory":false,"max_hp_per_floor":[66,66,66,66,66,66,66,66,66,66,66,66,66,66,66,66,66],"card_choices":[{"not_picked":["Well Laid Plans","Dodge and Roll"],"picked":"Dagger Spray","floor":1},{"not_picked":["Dodge and Roll","Distraction"],"picked":"Backflip","floor":5},{"not_picked":["Deflect","Endless Agony","Predator"],"picked":"SKIP","floor":6},{"not_picked":["Deflect","Blade Dance"],"picked":"Dash","floor":8},{"not_picked":["Flying Knee","Bane"],"picked":"Terror","floor":10},{"not_picked":["Crippling Poison","Choke"],"picked":"Venomology","floor":12},{"not_picked":["Flying Knee","Deflect"],"picked":"Acrobatics","floor":13}],"player_experience":1210153,"relics_obtained":[{"floor":6,"key":"White Beast Statue"},{"floor":9,"key":"HornCleat"},{"floor":12,"key":"PreservedInsect"}],"event_choices":[{"damage_healed":0,"gold_gain":75,"player_choice":"Gather Gold","damage_taken":11,"max_hp_gain":0,"max_hp_loss":0,"event_name":"World of Goop","floor":2,"gold_loss":0},{"cards_removed":["Strike_G"],"damage_healed":0,"gold_gain":0,"player_choice":"Card Removal","damage_taken":7,"max_hp_gain":0,"max_hp_loss":0,"event_name":"Golden Wing","floor":3,"gold_loss":0},{"damage_healed":0,"gold_gain":0,"player_choice":"Forge","damage_taken":0,"max_hp_gain":0,"max_hp_loss":0,"event_name":"Accursed Blacksmith","floor":4,"gold_loss":0,"cards_upgraded":["Dagger Spray"]}],"is_beta":false,"boss_relics":[],"items_purged_floors":[14],"is_endless":false,"potions_floor_spawned":[1,8,10,12,13],"killed_by":"Slime Boss","ascension_level":20}}