{"host":"Ilker","time":1607873479,"event":{"mods":["BaseMod","Bestiary","Block Reminder","Colored Map","DeckTracker","Highlight Path","Minty Spire (QoL Compilation)","Quick Restart","Relic Sorter","Relic Stats"],"gold_per_floor":[113,113,124,137,8,8,33,51,74,74,74],"floor_reached":10,"playtime":327,"items_purged":["Defend_R"],"score":136,"play_id":"13e59db5-a4e1-4ad0-a210-c40433499c53","local_time":"20201213183119","is_ascension_mode":true,"campfire_choices":[{"data":"Rampage","floor":6,"key":"SMITH"}],"circlet_count":0,"master_deck":["AscendersBane","Strike_R","Strike_R","Strike_R","Strike_R","Defend_R","Defend_R","Defend_R","Bash","Rampage+1","Warcry","True Grit","Headbutt","Evolve","Headbutt","Shame"],"relics":["Cursed Key","Pen Nib","Tiny Chest"],"acts_visited":["Exordium"],"potions_floor_usage":[7,8,10],"damage_taken":[{"damage":7,"enemies":"Jaw Worm","floor":1,"turns":2},{"damage":1,"enemies":"Cultist","floor":3,"turns":3},{"damage":1,"enemies":"2 Louse","floor":4,"turns":2},{"damage":28,"enemies":"Lagavulin","floor":7,"turns":4},{"damage":0,"enemies":"Exordium Wildlife","floor":8,"turns":2},{"damage":31,"enemies":"Gremlin Nob","floor":10,"turns":3}],"seed_played":"9140928928122787009","potions_obtained":[{"floor":1,"key":"FearPotion"},{"floor":3,"key":"Fire Potion"},{"floor":7,"key":"Energy Potion"}],"is_trial":false,"path_per_floor":["M","?","M","M","$","R","E","M","T","E"],"character_chosen":"IRONCLAD","items_purchased":["Headbutt"],"campfire_rested":0,"item_purchase_floors":[5],"current_hp_per_floor":[61,61,60,59,59,59,31,31,31,0,0],"gold":74,"neow_bonus":"BOSS_RELIC","is_daily":false,"chose_seed":false,"campfire_upgraded":1,"win_rate":0.0,"timestamp":1607873479,"path_taken":["M","?","M","M","$","R","E","?","T","E"],"items_purchased_type":["Card"],"build_version":"2020-12-07","purchased_purges":1,"victory":false,"max_hp_per_floor":[75,75,75,75,75,75,75,75,75,75,75],"relic_stats":{"counters":[6,16],"Tiny Chest":0,"Pen Nib":[1],"Cursed Key":1,"obtain_stats":[{"Tiny Chest":9,"Pen Nib":7,"Cursed Key":0,"Burning Blood":0},{"Tiny Chest":5,"Pen Nib":4,"Cursed Key":0,"Burning Blood":0},{"Tiny Chest":13,"Pen Nib":11,"Cursed Key":0,"Burning Blood":0}]},"card_choices":[{"not_picked":["Wild Strike","Metallicize"],"picked":"Rampage","floor":1},{"not_picked":["Perfected Strike","Havoc"],"picked":"Warcry","floor":3},{"not_picked":["Brutality","Entrench"],"picked":"True Grit","floor":4},{"not_picked":["Sword Boomerang","Power Through"],"picked":"Evolve","floor":7},{"not_picked":["Shrug It Off","Sever Soul"],"picked":"Headbutt","floor":8}],"player_experience":1666431,"relics_obtained":[{"floor":7,"key":"Pen Nib"},{"floor":9,"key":"Tiny Chest"}],"event_choices":[{"cards_removed":["Strike_R"],"damage_healed":0,"gold_gain":0,"player_choice":"Offered Basic","damage_taken":0,"max_hp_gain":0,"max_hp_loss":0,"event_name":"Bonfire Elementals","floor":2,"gold_loss":0}],"is_beta":true,"boss_relics":[],"items_purged_floors":[5],"is_endless":false,"potions_floor_spawned":[1,3,7],"killed_by":"Gremlin Nob","ascension_level":20}}