{"host":"sst22apzgpn07t8v","time":1607826160,"event":{"mods":["Act Like it!","BaseMod","Downfall","Hallownest","HololiveMod","Lobotomy","LobotomyExtend","Minty Spire (QoL Compilation)","Replay The Spire","Shop Mod","StSLib"],"gold_per_floor":[66,66,126,51,51,51,102,102,27,37,49,34,54,54,74,171,171,171,171,171],"floor_reached":19,"playtime":757,"items_purged":[],"score":203,"play_id":"fac17f6c-88d6-49b2-add8-4c677611f4ae","local_time":"20201213102240","is_ascension_mode":false,"campfire_choices":[{"floor":1,"key":"RECALL"},{"data":"Hololive_CallShiroganeNoel","floor":4,"key":"SMITH"},{"data":"Hololive_CallShiranuiFlare","floor":9,"key":"SMITH"},{"data":"Hololive_CallTokinoSora","floor":18,"key":"SMITH"}],"circlet_count":0,"master_deck":["Hololive_CallHoushouMarine","Hololive_CallShiroganeNoel+1","Hololive_CallUruhaRushia","Hololive_CallShiranuiFlare+1","Hololive_CallUsadaPekora","Hololive_StrengthChampion","Hololive_Defend","Hololive_CocoNews","Hololive_CallTokinoSora+1","Hololive_StrengthChampion","Hololive_CallFriendA","Hololive_Psychosis","Hololive_CallInugamiKorone","Hololive_CocoNews","Hololive_CallFriendA","Hololive_Nanodesu","Hololive_Spy+1","Hololive_OpenUp+1","Hololive_CallShiranuiFlare+1"],"relics":["Hololive_TheStar","downfall:HeartsMalice","Meat on the Bone","downfall:HeartBlessingRed","Pen Nib","downfall:HeartBlessingBlue","Nunchaku","Astrolabe"],"acts_visited":["Exordium","TheCity"],"potions_floor_usage":[16,16,16,16],"damage_taken":[{"damage":0,"enemies":"Small Slimes","floor":2,"turns":1},{"damage":0,"enemies":"Lagavulin Event","floor":3,"turns":1},{"damage":0,"enemies":"2 Louse","floor":8,"turns":1},{"damage":0,"enemies":"Cultist","floor":10,"turns":2},{"damage":0,"enemies":"Gremlin Gang","floor":11,"turns":3},{"damage":0,"enemies":"downfall:FleeingMerchant","floor":12,"turns":4},{"damage":0,"enemies":"Exordium Thugs","floor":13,"turns":3},{"damage":0,"enemies":"Large Slime","floor":15,"turns":4},{"damage":0,"enemies":"downfall:Watcher","floor":16,"turns":4},{"damage":26,"enemies":"3 Byrds","floor":19,"turns":4}],"seed_played":"320167595638451798","potions_obtained":[{"floor":3,"key":"LifebloodPotion"},{"floor":13,"key":"EntropicBrew"},{"floor":15,"key":"Explosive Potion"},{"floor":16,"key":"EssenceOfSteel"}],"is_trial":false,"path_per_floor":["R","M","?","R","?","?","T","M","R","M","M","$","M","T","M","B",null,"R","M"],"character_chosen":"Hololive_HololiveCharacter","items_purchased":[],"campfire_rested":0,"item_purchase_floors":[],"current_hp_per_floor":[35,35,35,35,2,2,2,14,24,24,24,24,24,24,24,36,45,45,19,19],"gold":171,"neow_bonus":"THREE_ENEMY_KILL","is_daily":false,"chose_seed":false,"campfire_upgraded":3,"win_rate":0.0,"timestamp":1607826160,"path_taken":["R","M","?","R","?","?","T","?","R","M","?","?","M","?","M","BOSS","R","M"],"items_purchased_type":[],"build_version":"2020-11-30","purchased_purges":0,"victory":false,"max_hp_per_floor":[35,35,35,35,35,35,35,35,45,45,45,45,45,45,45,45,45,45,45,45],"card_choices":[{"not_picked":["Hololive_Drill","Hololive_LuckPotion","Hololive_StrengthChampion"],"picked":"Hololive_CocoNews","floor":2},{"not_picked":["Hololive_RevenueBasedLive","Hololive_StrengthChampion","Hololive_OvertimeWork"],"picked":"Hololive_CallTokinoSora","floor":3},{"not_picked":["Hololive_RevenueBasedLive","Hololive_OvertimeWork","Hololive_CallTsunomakiWatame"],"picked":"Hololive_StrengthChampion","floor":8},{"not_picked":["Hololive_RevenueBasedLive","Hololive_Nanodesu","Hololive_CallSakuraMiko"],"picked":"Hololive_CallFriendA","floor":10},{"not_picked":["Hololive_OvertimeWork","Hololive_StrengthChampion","Hololive_CallSakuraMiko"],"picked":"Hololive_Psychosis","floor":11},{"not_picked":["Hololive_Rebound","Hololive_DevilCharm","Hololive_RevenueBasedLive"],"picked":"Hololive_CallInugamiKorone","floor":12},{"not_picked":["Hololive_RevenueBasedLive","Hololive_HuntDinosaur","Hololive_FlyingPonyTail"],"picked":"Hololive_CocoNews","floor":13},{"not_picked":["Hololive_CallTokoyamiTowa","Hololive_Psychosis","Hololive_Sequa"],"picked":"Hololive_CallFriendA","floor":15},{"not_picked":["Hololive_IdolExercise","Hololive_DiamondStrike","Hololive_DurableLive"],"picked":"Hololive_Nanodesu","floor":16}],"player_experience":130262,"relics_obtained":[{"floor":3,"key":"Meat on the Bone"},{"floor":14,"key":"Nunchaku"}],"event_choices":[{"damage_healed":0,"gold_gain":0,"player_choice":"Success","damage_taken":33,"relics_obtained":["Pen Nib"],"max_hp_gain":0,"max_hp_loss":0,"event_name":"Scrap Ooze","floor":5,"gold_loss":0},{"damage_healed":0,"gold_gain":0,"player_choice":"Ignored","damage_taken":0,"max_hp_gain":0,"max_hp_loss":0,"event_name":"Purifier","floor":6,"gold_loss":0}],"is_beta":false,"boss_relics":[{"not_picked":["Replay:Drink Me","Hololive_ChaosS"],"picked":"Astrolabe"}],"items_purged_floors":[],"is_endless":false,"potions_floor_spawned":[3,13,15,16],"killed_by":"3 Byrds","ascension_level":0}}