{"host":"x6nowcojk5kpg2sb","time":1607820923,"event":{"mods":["BaseMod","Colored Powertips","Downfall","Friendly Minions","Minty Spire (QoL Compilation)","Rare Cards Sparkle","StSLib","Unceasing Turn Reminder","WarShipGirlsR/????R mod"],"gold_per_floor":[110,75,75,75,86,86,120,120,168,185,205,218,251,251,251,354,354,364,289,75,92,29,42,53,70,70,70,70],"floor_reached":27,"playtime":2317,"items_purged":[],"score":225,"play_id":"f40f95d9-841f-4746-8ad2-e3f11e6db1c9","local_time":"20201212195523","is_ascension_mode":false,"campfire_choices":[{"data":"rmod:diaomin","floor":6,"key":"SMITH"},{"data":"rmod:bulid","floor":8,"key":"SMITH"},{"floor":15,"key":"REST"}],"circlet_count":0,"master_deck":["rmod:strick","rmod:strick","rmod:strick","rmod:defend","rmod:defend","rmod:defend","rmod:defend","rmod:basicallowance+1","rmod:maingunfire","rmod:diaomin+1","rmod:firesupport","rmod:bulid+1","rmod:victimresponsibility","rmod:ammunitionsupply","rmod:unsinkable","rmod:expedition","rmod:acesubmarine","rmod:fletcherpendant","rmod:firesupport","expansioncontent:Flail","rmod:salvage+1","rmod:fletcherpendant","rmod:fletcherpendant+1","rmod:diamondstrike","rmod:diamondstrike+1"],"relics":["rmod:firstchargereward","Torii","Orichalcum","Bronze Scales","Philosopher\u0027s Stone","Mummified Hand","Matryoshka"],"acts_visited":["Exordium","TheCity"],"potions_floor_usage":[10,17,24,24,27,27,27,27,27],"damage_taken":[{"damage":0,"enemies":"2 Louse","floor":1,"turns":3},{"damage":4,"enemies":"Jaw Worm","floor":5,"turns":4},{"damage":19,"enemies":"Gremlin Nob","floor":7,"turns":4},{"damage":0,"enemies":"Cultist","floor":10,"turns":4},{"damage":7,"enemies":"Blue Slaver","floor":11,"turns":3},{"damage":1,"enemies":"Exordium Thugs","floor":12,"turns":3},{"damage":10,"enemies":"Lagavulin","floor":13,"turns":5},{"damage":15,"enemies":"Slime Boss","floor":16,"turns":12},{"damage":2,"enemies":"Chosen","floor":18,"turns":4},{"damage":1,"enemies":"Spheric Guardian","floor":21,"turns":4},{"damage":34,"enemies":"Snake Plant","floor":23,"turns":5},{"damage":11,"enemies":"Shelled Parasite and Fungi","floor":24,"turns":4},{"damage":23,"enemies":"Chosen and Byrds","floor":25,"turns":6},{"damage":16,"enemies":"Book of Stabbing","floor":27,"turns":2}],"seed_played":"-6529091711225676638","potions_obtained":[{"floor":1,"key":"Weak Potion"},{"floor":10,"key":"ColorlessPotion"},{"floor":11,"key":"BlessingOfTheForge"},{"floor":16,"key":"Fruit Juice"},{"floor":24,"key":"SteroidPotion"}],"is_trial":false,"path_per_floor":["M","?","?","?","M","R","E","R","T","M","M","M","E","?","R","B",null,"M","?","$","M","?","M","M","M","T","E"],"character_chosen":"PRAEFECT","items_purchased":["EntropicBrew","rmod:firesupport","expansioncontent:Flail"],"campfire_rested":1,"item_purchase_floors":[20,20,20],"current_hp_per_floor":[82,82,82,74,70,70,51,51,51,51,44,43,33,33,57,42,87,85,85,85,84,84,50,39,16,16,0,0],"gold":70,"neow_bonus":"TEN_PERCENT_HP_BONUS","is_daily":false,"chose_seed":false,"campfire_upgraded":2,"win_rate":0.0,"timestamp":1607820923,"path_taken":["M","?","?","?","M","R","E","R","T","M","M","?","E","?","R","BOSS","M","?","$","M","?","M","?","M","T","E"],"items_purchased_type":["Potion","Card","Card"],"build_version":"2020-11-30","purchased_purges":0,"victory":false,"max_hp_per_floor":[82,82,82,82,82,82,82,82,82,82,82,82,82,82,82,82,87,87,87,87,87,87,87,87,87,87,87,87],"card_choices":[{"not_picked":["rmod:ammunitionsupply","rmod:garrisonisland"],"picked":"rmod:diaomin","floor":1},{"not_picked":["rmod:punchline","rmod:aluminumsupply"],"picked":"rmod:firesupport","floor":5},{"not_picked":["rmod:salvage","rmod:firesupport"],"picked":"rmod:bulid","floor":7},{"not_picked":["rmod:luckystar","rmod:diaomin"],"picked":"rmod:victimresponsibility","floor":10},{"not_picked":["rmod:gendarmerie","rmod:goodfighter"],"picked":"rmod:ammunitionsupply","floor":11},{"not_picked":["rmod:fuelsupply","rmod:garrisonisland"],"picked":"rmod:unsinkable","floor":12},{"not_picked":["rmod:goodsister","rmod:timeschanged"],"picked":"rmod:expedition","floor":13},{"not_picked":["rmod:supriseattacks","rmod:highspeedmaneuver"],"picked":"rmod:acesubmarine","floor":16},{"not_picked":["rmod:rockthrower","rmod:victimresponsibility+1"],"picked":"rmod:fletcherpendant","floor":18},{"not_picked":["rmod:victimresponsibility","rmod:diaomin"],"picked":"rmod:salvage+1","floor":21},{"not_picked":["rmod:victimresponsibility","rmod:steelsupply"],"picked":"rmod:fletcherpendant","floor":23},{"not_picked":["rmod:luckystar","rmod:tearstotiara"],"picked":"rmod:diamondstrike","floor":24},{"not_picked":["rmod:diaomin","rmod:goodfighter+1"],"picked":"rmod:diamondstrike+1","floor":25}],"player_experience":454818,"relics_obtained":[{"floor":7,"key":"Torii"},{"floor":9,"key":"Orichalcum"},{"floor":13,"key":"Bronze Scales"},{"floor":26,"key":"Matryoshka"}],"event_choices":[{"damage_healed":20,"gold_gain":0,"player_choice":"Healed","damage_taken":0,"max_hp_gain":0,"max_hp_loss":0,"event_name":"The Cleric","floor":2,"gold_loss":35},{"damage_healed":0,"gold_gain":0,"player_choice":"Grow","damage_taken":0,"max_hp_gain":0,"max_hp_loss":0,"event_name":"Living Wall","floor":3,"gold_loss":0,"cards_upgraded":["rmod:basicallowance"]},{"damage_healed":0,"gold_gain":0,"player_choice":"Damaged","damage_taken":8,"max_hp_gain":0,"max_hp_loss":0,"event_name":"Wheel of Change","floor":4,"gold_loss":0},{"damage_healed":0,"gold_gain":0,"player_choice":"Ignored","damage_taken":0,"max_hp_gain":0,"max_hp_loss":0,"event_name":"Liars Game","floor":14,"gold_loss":0},{"cards_removed":["rmod:strick"],"damage_healed":0,"gold_gain":0,"player_choice":"Gave Gold","damage_taken":0,"max_hp_gain":0,"max_hp_loss":0,"event_name":"Beggar","floor":19,"gold_loss":75},{"damage_healed":0,"gold_gain":0,"player_choice":"Paid Gold","damage_taken":0,"relics_obtained":["Mummified Hand"],"max_hp_gain":0,"max_hp_loss":0,"event_name":"WeMeetAgain","floor":22,"gold_loss":63}],"is_beta":false,"boss_relics":[{"not_picked":["Pandora\u0027s Box","SlaversCollar"],"picked":"Philosopher\u0027s Stone"}],"items_purged_floors":[],"is_endless":false,"potions_floor_spawned":[1,10,11,16,21,23,24],"killed_by":"Book of Stabbing","ascension_level":0}}