{"host":"sst22apzgpn07t8v","time":1607840103,"event":{"mods":["Act Like it!","BaseMod","Downfall","Hallownest","HololiveMod","Lobotomy","LobotomyExtend","Minty Spire (QoL Compilation)","Replay The Spire","Shop Mod","StSLib"],"gold_per_floor":[99,54,54,154,79,79,79,4,27,27,12,31,47,47,60,160,160,160,184,198,198,198,198,224,259,273,273,273],"floor_reached":27,"playtime":1710,"items_purged":[],"score":242,"play_id":"cf414859-46e9-443d-9d9a-a3f12a60c59b","local_time":"20201213141503","is_ascension_mode":false,"campfire_choices":[{"floor":1,"key":"RECALL"},{"data":"hexamod:Float","floor":5,"key":"SMITH"},{"data":"hexamod:Sear","floor":8,"key":"SMITH"},{"data":"hexamod:HeatCrush","floor":10,"key":"SMITH"},{"data":"hexamod:VolcanoVisage","floor":18,"key":"SMITH"},{"floor":22,"key":"REST"}],"circlet_count":0,"master_deck":["hexamod:Strike","hexamod:Strike","hexamod:Strike","hexamod:Strike","hexamod:Defend","hexamod:Defend","hexamod:Defend","hexamod:Defend","hexamod:Sear+1","hexamod:Float+1","hexamod:ThirdSeal","hexamod:HauntingEcho","hexamod:GhostShield","hexamod:SpectersWail","hexamod:HeatCrush+1","hexamod:RadiantFlame","hexamod:EtherealExpedition","hexamod:FastForward+1","hexamod:WildfireWeapon","hexamod:SpectersWail","hexamod:RainOfEmbers+1","hexamod:SecondSeal","hexamod:ParanormalForm","hexamod:VolcanoVisage+1","hexamod:ParanormalForm","hexamod:NightmareGuise","hexamod:HauntingEcho","hexamod:SixthSeal","hexamod:HexaLevel","hexamod:DynamicBlow","hexamod:SpectersWail"],"relics":["hexamod:SpiritBrand","downfall:HeartsMalice","downfall:HeartBlessingRed","downfall:HeartBlessingBlue","Odd Mushroom","Vajra","Tiny Chest"],"acts_visited":["Exordium","TheCity"],"potions_floor_usage":[9,27],"damage_taken":[{"damage":0,"enemies":"downfall:FleeingMerchant","floor":2,"turns":1},{"damage":0,"enemies":"Cultist","floor":3,"turns":1},{"damage":0,"enemies":"Small Slimes","floor":6,"turns":1},{"damage":0,"enemies":"The Mushroom Lair","floor":9,"turns":4},{"damage":0,"enemies":"downfall:FleeingMerchant","floor":11,"turns":4},{"damage":0,"enemies":"2 Louse","floor":12,"turns":2},{"damage":14,"enemies":"Exordium Wildlife","floor":13,"turns":4},{"damage":0,"enemies":"Large Slime","floor":15,"turns":3},{"damage":21,"enemies":"downfall:Watcher","floor":16,"turns":9},{"damage":28,"enemies":"Spheric Guardian","floor":19,"turns":5},{"damage":10,"enemies":"Chosen","floor":20,"turns":4},{"damage":10,"enemies":"Replay:Snechameleon","floor":25,"turns":7},{"damage":54,"enemies":"3 Cultists","floor":26,"turns":6},{"damage":42,"enemies":"Book of Stabbing","floor":27,"turns":5}],"seed_played":"262625787354703371","potions_obtained":[{"floor":9,"key":"Fruit Juice"},{"floor":13,"key":"SkillPotion"},{"floor":15,"key":"FairyPotion"},{"floor":16,"key":"DuplicationPotion"},{"floor":23,"key":"Doom Potion"},{"floor":23,"key":"Block Potion"}],"is_trial":false,"path_per_floor":["R","$","M","?","R","M","T","R","?","R","$","M","M","?","M","B",null,"R","M","M","?","R","?","T","E","M","E"],"character_chosen":"THE_SPIRIT","items_purchased":["hexamod:HauntingEcho"],"campfire_rested":1,"item_purchase_floors":[2],"current_hp_per_floor":[70,70,70,70,70,70,70,80,85,85,85,85,71,71,71,50,85,85,57,47,47,72,72,72,62,8,0,0],"gold":273,"neow_bonus":"THREE_ENEMY_KILL","is_daily":false,"chose_seed":false,"campfire_upgraded":4,"win_rate":0.0,"timestamp":1607840103,"path_taken":["R","$","?","?","R","M","T","R","?","R","?","M","M","?","M","BOSS","R","M","?","?","R","?","T","E","?","E"],"items_purchased_type":["Card"],"build_version":"2020-11-30","purchased_purges":0,"victory":false,"max_hp_per_floor":[70,70,70,70,70,70,70,80,85,85,85,85,85,85,85,85,85,85,85,85,85,85,85,85,85,85,85,85],"card_choices":[{"not_picked":["hexamod:GhostLash","hexamod:NightmareGuise"],"picked":"hexamod:ThirdSeal","floor":2},{"not_picked":["hexamod:ShieldOfDarkness","hexamod:InspiringFlames"],"picked":"hexamod:GhostShield","floor":3},{"not_picked":["hexamod:Haunt","hexamod:SoulSteal"],"picked":"hexamod:SpectersWail","floor":6},{"not_picked":["hexamod:GhostShield","hexamod:Haunt"],"picked":"hexamod:HeatCrush","floor":9},{"not_picked":["hexamod:SoulSteal","hexamod:RetreatToShadows"],"picked":"hexamod:RadiantFlame","floor":9},{"not_picked":["hexamod:AdvancingGuard","hexamod:InspiringFlames"],"picked":"hexamod:EtherealExpedition","floor":11},{"not_picked":["hexamod:RecurringNightmare","hexamod:NightmareGuise"],"picked":"hexamod:FastForward","floor":11},{"not_picked":["hexamod:SwordOfDarkness","hexamod:AdvancingGuard"],"picked":"hexamod:WildfireWeapon","floor":12},{"not_picked":["hexamod:AdvancingGuard","hexamod:GhostShield"],"picked":"hexamod:SpectersWail","floor":13},{"not_picked":["hexamod:SpectersWail","hexamod:ThermalTransfer"],"picked":"hexamod:RainOfEmbers","floor":13},{"not_picked":["hexamod:BacktrackSmack","hexamod:AdvancingGuard"],"picked":"hexamod:SecondSeal","floor":15},{"not_picked":["hexamod:EmpoweredFlame","hexamod:NightmareGuise"],"picked":"hexamod:ParanormalForm","floor":15},{"not_picked":["hexamod:FifthSeal","hexamod:UnleashSpirits"],"picked":"hexamod:VolcanoVisage","floor":16},{"not_picked":["hexamod:UnleashSpirits","hexamod:TimeOfNeed"],"picked":"hexamod:ParanormalForm","floor":16},{"not_picked":["hexamod:FastForward","hexamod:RetreatToShadows"],"picked":"hexamod:NightmareGuise","floor":19},{"not_picked":["hexamod:FastForward","hexamod:DynamicBlow","hexamod:NightmareStrike"],"picked":"SKIP","floor":19},{"not_picked":["hexamod:InspiringFlames","hexamod:ShieldOfDarkness"],"picked":"hexamod:HauntingEcho","floor":20},{"not_picked":["hexamod:SkipABeat+1","hexamod:GhostLash"],"picked":"hexamod:SixthSeal","floor":25},{"not_picked":["hexamod:AdvancingGuard","hexamod:SpectralAdrenaline"],"picked":"hexamod:HexaLevel","floor":25},{"not_picked":["hexamod:Firestarter","hexamod:Hexaguard"],"picked":"hexamod:DynamicBlow","floor":26},{"not_picked":["hexamod:Hexaguard","hexamod:GhostOfSpirePresent"],"picked":"hexamod:SpectersWail","floor":26}],"player_experience":133097,"relics_obtained":[{"floor":9,"key":"Odd Mushroom"},{"floor":24,"key":"Vajra"},{"floor":25,"key":"Tiny Chest"}],"event_choices":[{"damage_healed":0,"gold_gain":0,"player_choice":"Fought Mushrooms","damage_taken":0,"max_hp_gain":0,"max_hp_loss":0,"event_name":"Mushrooms","floor":9,"gold_loss":0},{"damage_healed":0,"gold_gain":0,"player_choice":"Forge","damage_taken":0,"max_hp_gain":0,"max_hp_loss":0,"event_name":"Accursed Blacksmith","floor":14,"gold_loss":0,"cards_upgraded":["hexamod:RainOfEmbers"]},{"damage_healed":0,"gold_gain":0,"player_choice":"Got Potions","damage_taken":0,"max_hp_gain":0,"max_hp_loss":0,"event_name":"Lab","floor":23,"gold_loss":0}],"is_beta":false,"boss_relics":[{"not_picked":["Hololive_ChaosS","Hololive_TopUpMoneyS","Velvet Choker"]}],"items_purged_floors":[],"is_endless":false,"potions_floor_spawned":[9,13,15,16,20,26],"killed_by":"Book of Stabbing","ascension_level":0}}