{"host":"1pcwcurc8qazgtt6","time":1607875866,"event":{"mods":["AchievementEnabler","BaseMod","BetterRewards","Colored Map","Curses Come First","GungeonMod","Hubris","Infinite Spire","Minty Spire (QoL Compilation)","Replay The Spire","StSLib","The Blue Laboratory"],"gold_per_floor":[113,133,133,433,433,457,457,501,501,426,439,477,502,522,522,522,522],"floor_reached":16,"playtime":876,"items_purged":["Injury"],"score":137,"play_id":"49a8f8f5-38de-4831-9569-471bd1e4f933","local_time":"20201213101106","is_ascension_mode":false,"campfire_choices":[{"data":"Neutralize","floor":7,"key":"SMITH"},{"data":"Malaise","floor":15,"key":"SMITH"}],"circlet_count":0,"master_deck":["Strike_G","Strike_G","Strike_G","Strike_G","Strike_G","Defend_G","Defend_G","Defend_G","Defend_G","Defend_G","Survivor","Neutralize+1","Toxin Wave","Blade Dance","Prepared","Malaise+1","ReplayTheSpireMod:Speed Training"],"relics":["Ring of the Snake","Golden Idol","Old Coin","hubris:Icosahedron","Sundial","DemoMod:Bottle","Letter Opener","DemoMod:GlassGuonStoneRelic"],"acts_visited":["Exordium"],"potions_floor_usage":[8,12,16],"damage_taken":[{"damage":0,"enemies":"2 Louse","floor":1,"turns":2},{"damage":0,"enemies":"Small Slimes","floor":2,"turns":4},{"damage":0,"enemies":"Cultist","floor":6,"turns":4},{"damage":38,"enemies":"Gremlin Nob","floor":8,"turns":5},{"damage":15,"enemies":"Exordium Wildlife","floor":11,"turns":6},{"damage":0,"enemies":"3 Sentries","floor":12,"turns":7},{"damage":0,"enemies":"Gremlin Gang","floor":13,"turns":3},{"damage":1,"enemies":"Looter","floor":14,"turns":3},{"damage":17,"enemies":"Slime Boss","floor":16,"turns":3}],"seed_played":"-4793327391325509618","potions_obtained":[{"floor":1,"key":"infinitespire:BlackPotion"},{"floor":11,"key":"blueLaboratory:StoneskinPotion"},{"floor":14,"key":"Strength Potion"}],"is_trial":false,"path_per_floor":["M","M","?","?","?","M","R","E","T","$","M","E","M","M","R","B"],"character_chosen":"THE_SILENT","items_purchased":[],"campfire_rested":0,"item_purchase_floors":[],"current_hp_per_floor":[70,70,70,58,58,58,58,20,20,20,5,5,5,4,4,0,0],"gold":522,"neow_bonus":"THREE_CARDS","is_daily":false,"chose_seed":false,"campfire_upgraded":2,"win_rate":0.0,"timestamp":1607875866,"path_taken":["M","M","?","?","?","M","R","E","T","$","M","E","M","M","R","BOSS"],"items_purchased_type":[],"build_version":"2020-11-30","purchased_purges":1,"victory":false,"max_hp_per_floor":[70,70,70,70,70,70,70,70,70,70,70,70,70,70,70,70,70],"card_choices":[{"not_picked":["Riddle With Holes","PiercingWail"],"picked":"Toxin Wave","floor":0},{"not_picked":["Infinite Blades","Concentrate","Slice"],"picked":"SKIP","floor":1},{"not_picked":["Sucker Punch","Concentrate"],"picked":"Blade Dance","floor":2},{"not_picked":["ReplayTheSpireMod:Tripwire","Predator"],"picked":"Prepared","floor":6},{"not_picked":["Backflip","Eviscerate"],"picked":"Malaise","floor":8},{"not_picked":["Reflex","Predator","PiercingWail"],"picked":"SKIP","floor":11},{"not_picked":["Endless Agony","Riddle With Holes","Caltrops"],"picked":"SKIP","floor":12},{"not_picked":["Quick Slash","Reflex","Bane"],"picked":"SKIP","floor":13},{"not_picked":["Dagger Spray","Quick Slash"],"picked":"ReplayTheSpireMod:Speed Training","floor":14}],"player_experience":160848,"relics_obtained":[{"floor":8,"key":"Sundial"},{"floor":9,"key":"DemoMod:Bottle"},{"floor":12,"key":"Letter Opener"}],"event_choices":[{"damage_healed":0,"gold_gain":0,"player_choice":"Take Wound","damage_taken":0,"relics_obtained":["Golden Idol"],"max_hp_gain":0,"max_hp_loss":0,"event_name":"Golden Idol","floor":3,"gold_loss":0,"cards_obtained":["Injury"]},{"damage_healed":0,"gold_gain":0,"player_choice":"Success","damage_taken":12,"relics_obtained":["Old Coin"],"max_hp_gain":0,"max_hp_loss":0,"event_name":"Scrap Ooze","floor":4,"gold_loss":0}],"is_beta":false,"boss_relics":[],"items_purged_floors":[10],"is_endless":false,"potions_floor_spawned":[1,11,14],"killed_by":"Slime Boss","ascension_level":0}}