{"host":"fcahl3eoq3wyk5ji","time":1607886101,"event":{"mods":["Alarm Clock","BaseMod","Highlight Path","Minty Spire (QoL Compilation)","Quick Restart","StSLib","The Poker Player","The Senshi","TheBandit","Thieving Mod"],"gold_per_floor":[117,42,57,72,40,40,40,69,69,69,87,106,106,118,118,213,213,233,251,7,7,25,43,43,43,120,120,138,138,154,166,166,261,261,274,50,0,0,13,13,25,25,25,37,48,48,48,66,66,66],"floor_reached":51,"playtime":4297,"items_purged":["Defend_G","Defend_G"],"score":630,"play_id":"4d659942-0e9d-4b37-afc1-eabe5f989ae8","local_time":"20201214040141","is_ascension_mode":false,"campfire_choices":[{"data":"Quick Slash","floor":6.0,"key":"SMITH"},{"data":"Dodge and Roll","floor":10.0,"key":"SMITH"},{"data":"Bouncing Flask","floor":13.0,"key":"SMITH"},{"data":"Well Laid Plans","floor":15.0,"key":"SMITH"},{"floor":24.0,"key":"REST"},{"floor":27.0,"key":"REST"},{"data":"Survivor","floor":29.0,"key":"SMITH"},{"data":"Dodge and Roll","floor":32.0,"key":"SMITH"},{"data":"Skewer","floor":40.0,"key":"SMITH"},{"data":"Footwork","floor":42.0,"key":"SMITH"},{"data":"Doppelganger","floor":47.0,"key":"SMITH"},{"data":"Well Laid Plans","floor":49,"key":"SMITH"}],"circlet_count":0,"master_deck":["Strike_G","Strike_G","Strike_G","Strike_G","Strike_G","Defend_G","Defend_G","Defend_G","Survivor+1","Neutralize","Outmaneuver","Dodge and Roll+1","Outmaneuver","Quick Slash+1","Die Die Die","Bouncing Flask+1","Well Laid Plans+1","Doppelganger+1","Flechettes+1","Flechettes","Dodge and Roll+1","Night Terror","Well Laid Plans+1","Footwork+1","Skewer+1","Backflip","Flechettes"],"relics":["Velvet Choker","Ornamental Fan","Eternal Feather","Sozu","TwistedFunnel","Mercury Hourglass","Philosopher\u0027s Stone","Oddly Smooth Stone","Red Mask","Juzu Bracelet"],"acts_visited":["TheBeyond"],"potions_floor_usage":[],"damage_taken":[{"damage":4.0,"enemies":"Cultist","floor":1.0,"turns":4.0},{"damage":2.0,"enemies":"2 Louse","floor":3.0,"turns":3.0},{"damage":3.0,"enemies":"Jaw Worm","floor":4.0,"turns":4.0},{"damage":17.0,"enemies":"Exordium Thugs","floor":5.0,"turns":5.0},{"damage":0.0,"enemies":"3 Sentries","floor":8.0,"turns":4.0},{"damage":0.0,"enemies":"3 Louse","floor":11.0,"turns":3.0},{"damage":1.0,"enemies":"Large Slime","floor":12.0,"turns":5.0},{"damage":0.0,"enemies":"Looter","floor":14.0,"turns":2.0},{"damage":10.0,"enemies":"The Guardian","floor":16.0,"turns":9.0},{"damage":21.0,"enemies":"Spheric Guardian","floor":18.0,"turns":6.0},{"damage":24.0,"enemies":"2 Thieves","floor":19.0,"turns":4.0},{"damage":16.0,"enemies":"Shelled Parasite and Fungi","floor":22.0,"turns":4.0},{"damage":7.0,"enemies":"Snake Plant","floor":23.0,"turns":3.0},{"damage":2.0,"enemies":"3 Cultists","floor":28.0,"turns":4.0},{"damage":3.0,"enemies":"Cultist and Chosen","floor":30.0,"turns":4.0},{"damage":14.0,"enemies":"Centurion and Healer","floor":31.0,"turns":3.0},{"damage":14.0,"enemies":"Automaton","floor":33.0,"turns":11.0},{"damage":2.0,"enemies":"Orb Walker","floor":35.0,"turns":3.0},{"damage":34.0,"enemies":"3 Darklings","floor":39.0,"turns":5.0},{"damage":18.0,"enemies":"Transient","floor":41.0,"turns":5.0},{"damage":26.0,"enemies":"Writhing Mass","floor":44.0,"turns":8.0},{"damage":5.0,"enemies":"3 Darklings","floor":45.0,"turns":6.0},{"damage":15,"enemies":"Sphere and 2 Shapes","floor":48,"turns":6},{"damage":53,"enemies":"Donu and Deca","floor":50,"turns":10}],"seed_played":"8786613124966477245","potions_obtained":[{"floor":3.0,"key":"Strength Potion"},{"floor":5.0,"key":"Strength Potion"},{"floor":11.0,"key":"Block Potion"},{"floor":12.0,"key":"Dexterity Potion"},{"floor":16.0,"key":"SpeedPotion"}],"is_trial":false,"path_per_floor":["M","$","M","M","M","R","?","E","T","R","M","M","R","M","R","B",null,"M","M","$","?","M","M","R","?","T","R","M","R","M","M","R","B",null,"M","$","?","?","M","R","M","R","T","M","M","?","R","M","R","B",null],"character_chosen":"THE_SILENT","items_purchased":["TwistedFunnel","Footwork","Oddly Smooth Stone"],"campfire_rested":2,"item_purchase_floors":[20,36,36],"current_hp_per_floor":[66,66,64,61,44,44,44,44,44,53,53,52,61,61,70,60,70,49,25,25,25,9,2,32,32,32,62,60,69,66,52,64,50,70,68,68,68,66,32,47,29,44,44,18,13,58,58,43,58,5],"gold":66,"neow_bonus":"BOSS_RELIC","is_daily":false,"chose_seed":false,"campfire_upgraded":10,"win_rate":0.0,"timestamp":1607886101,"path_taken":["M","$","?","M","M","R","?","E","T","R","?","M","R","M","R","BOSS","M","M","$","?","M","M","R","?","T","R","M","R","M","M","R","BOSS","M","$","?","?","M","R","M","R","T","M","M","?","R","M","R","BOSS"],"items_purchased_type":["Relic","Card","Relic"],"build_version":"2020-11-30","purchased_purges":2,"victory":true,"max_hp_per_floor":[70,70,70,70,70,70,70,70,70,70,70,70,70,70,70,70,70,70,70,70,70,70,70,70,70,70,70,70,70,70,70,70,70,70,70,70,70,66,66,66,66,66,66,66,66,58,58,58,58,58],"card_choices":[{"not_picked":["Slice","Dodge and Roll"],"picked":"Outmaneuver","floor":1.0},{"not_picked":["Choke","Deadly Poison"],"picked":"Dodge and Roll","floor":3.0},{"not_picked":["Quick Slash","Heel Hook"],"picked":"Outmaneuver","floor":4.0},{"not_picked":["Expertise","Dagger Throw"],"picked":"Quick Slash","floor":5.0},{"not_picked":["Backflip","Calculated Gamble","Poisoned Stab"],"picked":"SKIP","floor":8.0},{"not_picked":["Poisoned Stab","Distraction"],"picked":"Bouncing Flask","floor":11.0},{"not_picked":["Dagger Throw","Backflip","Flechettes"],"picked":"SKIP","floor":12.0},{"not_picked":["Glass Knife","PiercingWail"],"picked":"Well Laid Plans","floor":14.0},{"not_picked":["Bullet Time","After Image"],"picked":"Doppelganger","floor":16.0},{"not_picked":["Deflect","Quick Slash","Dagger Throw+1"],"picked":"SKIP","floor":18.0},{"not_picked":["Underhanded Strike","PiercingWail","Tactician"],"picked":"SKIP","floor":19.0},{"not_picked":["After Image","Finisher+1","Underhanded Strike"],"picked":"SKIP","floor":22.0},{"not_picked":["Heel Hook","Acrobatics","Poisoned Stab"],"picked":"SKIP","floor":23.0},{"not_picked":["Flying Knee+1","Sucker Punch"],"picked":"Flechettes+1","floor":28.0},{"not_picked":["Endless Agony+1","Deflect"],"picked":"Flechettes","floor":30.0},{"not_picked":["Well Laid Plans","Calculated Gamble+1"],"picked":"Dodge and Roll","floor":31.0},{"not_picked":["Adrenaline","Glass Knife"],"picked":"Night Terror","floor":33.0},{"not_picked":["Eviscerate","Blade Dance"],"picked":"Well Laid Plans","floor":35.0},{"not_picked":["Blade Dance+1","Acrobatics+1"],"picked":"Skewer","floor":39.0},{"not_picked":["Prepared+1","Poisoned Stab","Heel Hook"],"picked":"SKIP","floor":41.0},{"not_picked":["Poisoned Stab+1","Deflect"],"picked":"Backflip","floor":44.0},{"not_picked":["Tactician+1","Eviscerate+1"],"picked":"Flechettes","floor":45.0},{"not_picked":["Prepared+1","Choke+1","Underhanded Strike+1"],"picked":"SKIP","floor":48}],"player_experience":6073,"relics_obtained":[{"floor":8.0,"key":"Ornamental Fan"},{"floor":9.0,"key":"Eternal Feather"},{"floor":26.0,"key":"Mercury Hourglass"},{"floor":43.0,"key":"Juzu Bracelet"}],"event_choices":[{"damage_healed":0.0,"max_hp_gain":0.0,"max_hp_loss":0.0,"gold_gain":0.0,"event_name":"Match and Keep!","player_choice":"1 cards matched","floor":7.0,"gold_loss":0.0,"damage_taken":0.0,"cards_obtained":["Die Die Die"]},{"damage_healed":0.0,"max_hp_gain":0.0,"max_hp_loss":0.0,"gold_gain":0.0,"event_name":"Cursed Tome","player_choice":"Ignored","floor":21.0,"gold_loss":0.0,"damage_taken":0.0},{"damage_healed":0.0,"max_hp_gain":0.0,"max_hp_loss":0.0,"gold_gain":0.0,"event_name":"Lab","player_choice":"Got Potions","floor":25.0,"gold_loss":0.0,"damage_taken":0.0},{"damage_healed":0.0,"max_hp_gain":0.0,"max_hp_loss":0.0,"gold_gain":0.0,"event_name":"Tomb of Lord Red Mask","player_choice":"Paid","floor":37.0,"gold_loss":50.0,"damage_taken":0.0,"relics_obtained":["Red Mask"]},{"damage_healed":0.0,"max_hp_gain":0.0,"max_hp_loss":4.0,"gold_gain":0.0,"event_name":"Winding Halls","player_choice":"Max HP","floor":38.0,"gold_loss":0.0,"damage_taken":0.0},{"damage_healed":58.0,"max_hp_gain":0.0,"max_hp_loss":8.0,"gold_gain":0.0,"event_name":"The Moai Head","player_choice":"Heal","floor":46.0,"gold_loss":0.0,"damage_taken":0.0}],"is_beta":false,"boss_relics":[{"not_picked":["Runic Dome","Coffee Dripper"],"picked":"Sozu"},{"not_picked":["HoveringKite","Tiny House"],"picked":"Philosopher\u0027s Stone"}],"items_purged_floors":[2,20],"is_endless":false,"potions_floor_spawned":[3,5,11,12,16,28,30,31,41,44],"ascension_level":0}}