{"host":"x0ovlu53kkkog8rv","time":1607839544,"event":{"mods":["BaseMod","Colored Map","Minty Spire (QoL Compilation)","Quick Restart","SuperFastMode"],"gold_per_floor":[119,119,129,129,143,169,169,185,185,209,209,224,244,261,261,366,366,377,4,4,15,27,27,27,39,62,62,62],"floor_reached":27,"playtime":931,"items_purged":["Strike_P"],"score":280,"play_id":"4dd7b8d4-adcf-4c71-87dc-9267aa765398","local_time":"20201213150544","is_ascension_mode":true,"campfire_choices":[{"floor":7,"key":"REST"},{"floor":11,"key":"REST"},{"floor":15,"key":"REST"},{"floor":23,"key":"REST"}],"circlet_count":0,"master_deck":["Strike_P","Strike_P","Defend_P","Defend_P","Defend_P","Defend_P","Eruption","Vigilance","CrushJoints+1","WreathOfFlame","CutThroughFate","BowlingBash","FearNoEvil","Adaptation","ReachHeaven","Prostrate","PathToVictory","Ragnarok","WreathOfFlame+1","WreathOfFlame+1","Ragnarok","Decay","TalkToTheHand+1"],"relics":["PureWater","Vajra","Pantograph","Letter Opener","Odd Mushroom","Black Star","Orichalcum","Oddly Smooth Stone","Bronze Scales"],"acts_visited":["Exordium","TheCity"],"potions_floor_usage":[14,16,16,16,21,22,22,25],"damage_taken":[{"damage":0,"enemies":"Small Slimes","floor":1,"turns":2},{"damage":12,"enemies":"Cultist","floor":3,"turns":3},{"damage":5,"enemies":"2 Louse","floor":5,"turns":2},{"damage":35,"enemies":"3 Sentries","floor":6,"turns":9},{"damage":16,"enemies":"Red Slaver","floor":8,"turns":3},{"damage":18,"enemies":"The Mushroom Lair","floor":10,"turns":3},{"damage":8,"enemies":"3 Louse","floor":12,"turns":3},{"damage":5,"enemies":"Looter","floor":13,"turns":2},{"damage":1,"enemies":"Lots of Slimes","floor":14,"turns":3},{"damage":0,"enemies":"Slime Boss","floor":16,"turns":5},{"damage":46,"enemies":"2 Thieves","floor":18,"turns":4},{"damage":6,"enemies":"Shell Parasite","floor":21,"turns":2},{"damage":3,"enemies":"3 Cultists","floor":22,"turns":4},{"damage":0,"enemies":"Snecko","floor":25,"turns":2},{"damage":56,"enemies":"Gremlin Leader","floor":27,"turns":5}],"seed_played":"1345864057128111090","potions_obtained":[{"floor":6,"key":"LiquidBronze"},{"floor":8,"key":"AttackPotion"},{"floor":13,"key":"LiquidMemories"},{"floor":14,"key":"SneckoOil"},{"floor":16,"key":"Fruit Juice"},{"floor":18,"key":"BlessingOfTheForge"},{"floor":21,"key":"DistilledChaos"},{"floor":22,"key":"StancePotion"}],"is_trial":false,"path_per_floor":["M","?","M","?","M","E","R","M","T","?","R","M","M","M","R","B",null,"M","$","?","M","M","R","?","M","T","E"],"character_chosen":"WATCHER","items_purchased":["Orichalcum","Oddly Smooth Stone"],"campfire_rested":4,"item_purchase_floors":[19,19],"current_hp_per_floor":[72,72,60,60,55,20,41,25,25,7,28,20,15,14,35,65,77,31,31,31,25,22,45,45,45,45,0,0],"gold":62,"neow_bonus":"RANDOM_COMMON_RELIC","is_daily":false,"chose_seed":false,"campfire_upgraded":0,"win_rate":0.0,"timestamp":1607839544,"path_taken":["M","?","?","?","?","E","R","M","T","?","R","M","M","M","R","BOSS","M","$","?","M","M","R","?","M","T","E"],"items_purchased_type":["Relic","Relic"],"build_version":"2020-11-30","purchased_purges":1,"victory":false,"max_hp_per_floor":[72,72,72,72,72,72,72,72,72,72,72,72,72,72,72,77,77,77,77,77,77,77,77,77,77,77,77,77],"card_choices":[{"not_picked":["JustLucky","PathToVictory"],"picked":"CrushJoints","floor":1},{"not_picked":["Vengeance","Wireheading"],"picked":"WreathOfFlame","floor":3},{"not_picked":["SashWhip","EmptyFist"],"picked":"CutThroughFate","floor":5},{"not_picked":["Sanctity","WaveOfTheHand"],"picked":"BowlingBash","floor":6},{"not_picked":["Fasting2","Consecrate"],"picked":"FearNoEvil","floor":8},{"not_picked":["Evaluate","EmptyBody"],"picked":"Adaptation","floor":10},{"not_picked":["Fasting2","Nirvana"],"picked":"ReachHeaven","floor":12},{"not_picked":["Vengeance","FlyingSleeves"],"picked":"Prostrate","floor":13},{"not_picked":["FlurryOfBlows","SpiritShield"],"picked":"PathToVictory","floor":14},{"not_picked":["Omniscience","SpiritShield"],"picked":"Ragnarok","floor":16},{"not_picked":["InnerPeace+1","Protect+1"],"picked":"WreathOfFlame+1","floor":18},{"not_picked":["Consecrate","Evaluate"],"picked":"WreathOfFlame+1","floor":21},{"not_picked":["FollowUp","CutThroughFate"],"picked":"Ragnarok","floor":22},{"not_picked":["EmptyFist","DeceiveReality+1"],"picked":"TalkToTheHand+1","floor":25}],"player_experience":197108,"relics_obtained":[{"floor":6,"key":"Pantograph"},{"floor":9,"key":"Letter Opener"},{"floor":10,"key":"Odd Mushroom"},{"floor":26,"key":"Bronze Scales"}],"event_choices":[{"cards_removed":["Strike_P"],"damage_healed":0,"gold_gain":0,"player_choice":"Offered Basic","damage_taken":0,"max_hp_gain":0,"max_hp_loss":0,"event_name":"Bonfire Elementals","floor":2,"gold_loss":0},{"damage_healed":0,"gold_gain":0,"player_choice":"Forge","damage_taken":0,"max_hp_gain":0,"max_hp_loss":0,"event_name":"Accursed Blacksmith","floor":4,"gold_loss":0,"cards_upgraded":["CrushJoints"]},{"damage_healed":0,"gold_gain":0,"player_choice":"Fought Mushrooms","damage_taken":0,"max_hp_gain":0,"max_hp_loss":0,"event_name":"Mushrooms","floor":10,"gold_loss":0},{"damage_healed":0,"gold_gain":0,"player_choice":"Ignored","damage_taken":0,"max_hp_gain":0,"max_hp_loss":0,"event_name":"Ghosts","floor":20,"gold_loss":0},{"damage_healed":0,"gold_gain":0,"player_choice":"Smashed Altar","damage_taken":0,"max_hp_gain":0,"max_hp_loss":0,"event_name":"Forgotten Altar","floor":24,"gold_loss":0,"cards_obtained":["Decay"]}],"is_beta":false,"boss_relics":[{"not_picked":["Tiny House","Busted Crown"],"picked":"Black Star"}],"items_purged_floors":[19],"is_endless":false,"potions_floor_spawned":[6,8,13,14,16,18,21,22],"killed_by":"Gremlin Leader","ascension_level":1}}