{"host":"fhq3k2nq5elnbks3","time":1607896099,"event":{"mods":["2.2 Compatiblity","AchievementEnabler","Act Like it!","AlwaysNeverKeys","Aspiration","Astrologer","Bard","Bartender","BaseMod","Better Altar","Better Skull","Better Vampires","Better-Laid Plans","CCEM","CapriCore","Card Filter","CatGirl Mod","Chen","Colored Powertips","Displayed Cursed Tome","Ekko","Eldritch Tears","Emptier Cage","Fiend Mod","Fireblade Mod","Friendly Minions","FutureSeer","GifTheSpireLib","Gremlin Skip","Hermit","HololiveMod","Hunter ??","JesterMod","Koishi","Mad Scientist","Mathematician","Mathemortician","Minty Spire (QoL Compilation)","Onozuka Komachi Mod","Permanent Neow","Potionbrewer","Prisma Mod","QueenMod","Quick Restart","READ ME - Guardian Mod","Reimu??????","Relic Filter","Robot Space Explorer","Ruin Mod","SOS???????","Shop Mod","Somnambulant","Spikes Relics","StSLib","SuperFastMode","The Animator","The Blackbeard","The Bladedancer","The Bug Knight","The Clintock","The Construct","The Cursed","The Dragon Tamer","The Exordian Avenger","The Forsaken","The Gatherer","The Hierophant","The Immortal","The Necromancer","The Runesmith","The Servant 0.9.4","The Trickster","The Wild Card","TheBandit","TheFirefly","Transform Curses","Uncapped","Unknown Chances","Virulent Crown","Yohane!","Yuri Mod","thorton","vexMod"],"gold_per_floor":[115,115,115,129,145,145,145,145,145,172,162,162,177,196,196,196,196],"floor_reached":16,"playtime":828,"items_purged":[],"score":127,"play_id":"047481b3-df30-4ba5-a769-363f6a268b41","local_time":"20201213154819","is_ascension_mode":false,"campfire_choices":[{"data":"QueenMod:Reinforcements","floor":6,"key":"SMITH"},{"data":"QueenMod:QuickJabs","floor":8,"key":"SMITH"},{"data":"QueenMod:HoneycombSmash","floor":12,"key":"SMITH"},{"data":"QueenMod:Defend","floor":15,"key":"SMITH"}],"circlet_count":0,"master_deck":["QueenMod:Strike","QueenMod:Strike","QueenMod:Strike","QueenMod:Defend","QueenMod:Defend","QueenMod:Defend","QueenMod:Defend+1","QueenMod:QuickJabs+1","QueenMod:Recruit+1","QueenMod:HoneycombSmash+1","QueenMod:Reinforcements+1"],"relics":["QueenMod:QueensBanner","The Courier","construct:FoamFinger"],"acts_visited":["Exordium"],"potions_floor_usage":[],"damage_taken":[{"damage":1,"enemies":"Jaw Worm","floor":1,"turns":3},{"damage":0,"enemies":"Cultist","floor":4,"turns":5},{"damage":5,"enemies":"Small Slimes","floor":5,"turns":4},{"damage":0,"enemies":"Lagavulin","floor":10,"turns":8},{"damage":12,"enemies":"Exordium Thugs","floor":11,"turns":4},{"damage":0,"enemies":"Lots of Slimes","floor":13,"turns":4},{"damage":5,"enemies":"3 Louse","floor":14,"turns":3},{"damage":12,"enemies":"Hexaghost","floor":16,"turns":10}],"seed_played":"-6792625430930417740","potions_obtained":[{"floor":5,"key":"potionbrewer:DiscountPotion"},{"floor":11,"key":"potionbrewer:NoxiousPotion"},{"floor":13,"key":"Explosive Potion"}],"is_trial":false,"path_per_floor":["M","?","$","M","M","R","$","R","T","E","M","R","M","M","R","B"],"character_chosen":"THE_QUEEN","items_purchased":[],"campfire_rested":0,"item_purchase_floors":[],"current_hp_per_floor":[74,74,74,74,69,69,69,69,69,69,57,57,57,52,52,40,40],"gold":196,"neow_bonus":"UPGRADE_CARD","is_daily":false,"chose_seed":false,"campfire_upgraded":4,"win_rate":0.0,"timestamp":1607896099,"path_taken":["M","?","?","M","M","R","$","R","T","E","?","R","M","M","R","BOSS"],"items_purchased_type":[],"build_version":"2020-11-30","purchased_purges":0,"victory":false,"max_hp_per_floor":[75,75,75,75,75,75,75,75,75,75,75,75,75,75,75,75,75],"card_choices":[{"not_picked":["QueenMod:HoldPosition","QueenMod:AttackOrder"],"picked":"QueenMod:HoneycombSmash","floor":1},{"not_picked":["QueenMod:CrossGuard","QueenMod:SwarmingStrike","QueenMod:HexGuard"],"picked":"SKIP","floor":4},{"not_picked":["QueenMod:Assimilate","QueenMod:HoneyTrap"],"picked":"QueenMod:Reinforcements","floor":5},{"not_picked":["QueenMod:KillerBee","QueenMod:WarBuzz","QueenMod:Rally"],"picked":"SKIP","floor":10},{"not_picked":["QueenMod:Flyby","QueenMod:Honeyblaster","QueenMod:Ravage"],"picked":"SKIP","floor":11},{"not_picked":["QueenMod:SplitStrike","QueenMod:HoldPosition","QueenMod:Fleche"],"picked":"SKIP","floor":13},{"not_picked":["QueenMod:ChainStrike","QueenMod:PheremoneSwap","QueenMod:Regroup"],"picked":"SKIP","floor":14}],"player_experience":529450,"relics_obtained":[{"floor":9,"key":"The Courier"},{"floor":10,"key":"construct:FoamFinger"}],"event_choices":[],"is_beta":false,"boss_relics":[],"items_purged_floors":[],"is_endless":false,"potions_floor_spawned":[5,11,13,14],"killed_by":"Hexaghost","ascension_level":0}}