{"host":"t7mx8yfj1no5p62f","time":1607885548,"event":{"mods":["BaseMod","Colored Map","Colored Powertips","Filter the Spire","Minty Spire (QoL Compilation)","Relic Stats","StSLib"],"gold_per_floor":[117,132,187,187,187,187,216,1,28,45,64,97,108,139,139,214,214,226,25,25,25,35,35,69,69,69,69,84,100,131,145,145,217,217,236,246,60,76,1075,1109,1109,1109,1109],"floor_reached":42,"playtime":2242,"items_purged":["Heavy Blade","Cleave"],"score":1097,"play_id":"5bfa69ae-8744-4875-8fdd-8451f26d49d1","local_time":"20201213135228","is_ascension_mode":true,"campfire_choices":[{"data":"Uppercut","floor":6,"key":"SMITH"},{"data":"Juggernaut","floor":15,"key":"SMITH"},{"data":"Shockwave","floor":23,"key":"SMITH"},{"data":"RitualDagger","floor":27,"key":"SMITH"},{"data":"Flame Barrier","floor":32,"key":"SMITH"},{"data":"Disarm","floor":41,"key":"SMITH"}],"circlet_count":0,"master_deck":["AscendersBane","Bash","Corruption","Iron Wave","Flame Barrier+1","Dark Embrace","Uppercut+1","Rage","Power Through","True Grit+1","Disarm+1","Juggernaut+1","Exhume","Anger","Reaper","Shockwave+1","RitualDagger+1","Shrug It Off","Entrench","Rage","Dual Wield","Body Slam","Impervious","Dual Wield+1","Sentinel","Normality","Normality","Disarm"],"relics":["Pandora\u0027s Box","Bird Faced Urn","Happy Flower","Akabeko","Nunchaku","Ancient Tea Set","Bronze Scales","Runic Dome","Membership Card","MutagenicStrength","Eternal Feather","Turnip","Blood Vial","Cursed Key","Letter Opener","Meat on the Bone"],"acts_visited":["Exordium","TheCity","TheBeyond"],"potions_floor_usage":[12,14,24,30,33,40,40],"damage_taken":[{"damage":0,"enemies":"2 Louse","floor":1,"turns":2},{"damage":0,"enemies":"Cultist","floor":2,"turns":3},{"damage":32,"enemies":"Gremlin Nob","floor":7,"turns":5},{"damage":0,"enemies":"Small Slimes","floor":10,"turns":3},{"damage":0,"enemies":"Looter","floor":11,"turns":3},{"damage":15,"enemies":"3 Sentries","floor":12,"turns":5},{"damage":0,"enemies":"Lots of Slimes","floor":13,"turns":4},{"damage":0,"enemies":"Lagavulin","floor":14,"turns":7},{"damage":34,"enemies":"Slime Boss","floor":16,"turns":8},{"damage":24,"enemies":"3 Byrds","floor":18,"turns":3},{"damage":22,"enemies":"Chosen","floor":22,"turns":4},{"damage":8,"enemies":"Book of Stabbing","floor":24,"turns":4},{"damage":0,"enemies":"Snake Plant","floor":28,"turns":3},{"damage":19,"enemies":"Shelled Parasite and Fungi","floor":29,"turns":5},{"damage":12,"enemies":"Gremlin Leader","floor":30,"turns":7},{"damage":18,"enemies":"Cultist and Chosen","floor":31,"turns":6},{"damage":75,"enemies":"Automaton","floor":33,"turns":7},{"damage":15,"enemies":"3 Darklings","floor":35,"turns":3},{"damage":0,"enemies":"3 Shapes","floor":36,"turns":3},{"damage":0,"enemies":"Maw","floor":38,"turns":6},{"damage":82,"enemies":"Giant Head","floor":40,"turns":9},{"damage":66,"enemies":"Reptomancer","floor":42,"turns":2}],"seed_played":"2760679116560983488","potions_obtained":[{"floor":2,"key":"Energy Potion"},{"floor":7,"key":"SkillPotion"},{"floor":13,"key":"Strength Potion"},{"floor":18,"key":"GamblersBrew"},{"floor":28,"key":"SteroidPotion"},{"floor":29,"key":"Regen Potion"},{"floor":31,"key":"Strength Potion"},{"floor":36,"key":"SkillPotion"},{"floor":40,"key":"Dexterity Potion"}],"is_trial":false,"path_per_floor":["M","M","?","?","?","R","E","$","T","M","M","E","M","E","R","B",null,"M","$","?","?","M","R","E","?","T","R","M","M","E","M","R","B",null,"M","M","$","M","?","E","R","E"],"character_chosen":"IRONCLAD","items_purchased":["Akabeko","Explosive Potion","Membership Card","Letter Opener"],"campfire_rested":0,"item_purchase_floors":[8,8,19,37],"current_hp_per_floor":[68,68,68,68,68,68,38,38,38,38,38,27,29,35,35,7,58,43,43,37,37,23,23,21,21,21,33,52,45,75,57,69,20,61,75,75,75,75,75,37,52,0,0],"gold":1109,"neow_bonus":"BOSS_RELIC","is_daily":false,"chose_seed":false,"campfire_upgraded":6,"win_rate":0.0,"timestamp":1607885548,"path_taken":["M","M","?","?","?","R","E","$","T","M","M","E","?","E","R","BOSS","M","$","?","?","M","R","E","?","T","R","M","M","E","?","R","BOSS","M","M","$","?","?","E","R","E"],"items_purchased_type":["Relic","Potion","Relic","Relic"],"build_version":"2020-11-30","purchased_purges":2,"victory":false,"max_hp_per_floor":[75,75,75,75,75,75,75,75,75,75,75,75,75,75,75,75,75,75,75,75,75,75,75,75,75,75,75,75,75,75,75,75,75,75,75,75,75,75,75,75,75,75,75],"relic_stats":{"Happy Flower":[30],"counters":[22,102],"Eternal Feather":39,"Letter Opener":[60],"Cursed Key":0,"Blood Vial":6,"Nunchaku":[16],"Bird Faced Urn":[64],"Bronze Scales":[200],"Pandora\u0027s Box":["Corruption","Wild Strike","Iron Wave","Heavy Blade","Flame Barrier","Dark Embrace","Uppercut","Cleave","Rage"],"Turnip":[9],"obtain_stats":[{"Happy Flower":7,"Eternal Feather":24,"Letter Opener":37,"Ancient Tea Set":12,"Cursed Key":34,"Burning Blood":0,"Akabeko":8,"Blood Vial":30,"Runic Dome":17,"Nunchaku":9,"Bird Faced Urn":5,"Bronze Scales":14,"MutagenicStrength":21,"Pandora\u0027s Box":0,"Turnip":26,"Membership Card":19,"Meat on the Bone":40},{"Happy Flower":3,"Eternal Feather":12,"Letter Opener":19,"Ancient Tea Set":6,"Cursed Key":17,"Burning Blood":0,"Akabeko":3,"Blood Vial":15,"Runic Dome":9,"Nunchaku":3,"Bird Faced Urn":2,"Bronze Scales":8,"MutagenicStrength":10,"Pandora\u0027s Box":0,"Turnip":12,"Membership Card":10,"Meat on the Bone":21},{"Happy Flower":10,"Eternal Feather":51,"Letter Opener":85,"Ancient Tea Set":21,"Cursed Key":79,"Burning Blood":0,"Akabeko":10,"Blood Vial":66,"Runic Dome":40,"Nunchaku":10,"Bird Faced Urn":5,"Bronze Scales":32,"MutagenicStrength":43,"Pandora\u0027s Box":0,"Turnip":51,"Membership Card":43,"Meat on the Bone":100}],"Meat on the Bone":0},"card_choices":[{"not_picked":["Warcry","Heavy Blade"],"picked":"Power Through","floor":1},{"not_picked":["Wild Strike","Flex"],"picked":"True Grit","floor":2},{"not_picked":["Intimidate","Clothesline"],"picked":"Disarm","floor":7},{"not_picked":["Twin Strike","Clash"],"picked":"Juggernaut","floor":10},{"not_picked":["Flex","Warcry","Pommel Strike"],"picked":"SKIP","floor":11},{"not_picked":["Perfected Strike","Rage"],"picked":"Exhume","floor":12},{"not_picked":["Sever Soul","Cleave","True Grit"],"picked":"SKIP","floor":13},{"not_picked":["Whirlwind","Power Through"],"picked":"Anger","floor":14},{"not_picked":["Limit Break","Immolate"],"picked":"Reaper","floor":16},{"not_picked":["Metallicize","Uppercut"],"picked":"Shockwave","floor":18},{"not_picked":["Armaments","Wild Strike"],"picked":"Shrug It Off","floor":22},{"not_picked":["Warcry","Fire Breathing"],"picked":"Entrench","floor":24},{"not_picked":["Clash","Heavy Blade","Perfected Strike"],"picked":"SKIP","floor":28},{"not_picked":["Entrench","Wild Strike"],"picked":"Rage","floor":29},{"not_picked":["Iron Wave","Metallicize"],"picked":"Dual Wield","floor":30},{"not_picked":["Carnage","Thunderclap"],"picked":"Body Slam","floor":31},{"not_picked":["Reaper","Brutality"],"picked":"Impervious","floor":33},{"not_picked":["Heavy Blade","Rage"],"picked":"Dual Wield+1","floor":35},{"not_picked":["Sword Boomerang","Flex+1"],"picked":"Sentinel","floor":36},{"not_picked":["Pommel Strike","Inflame+1","Combust"],"picked":"SKIP","floor":38},{"not_picked":["Thunderclap","Clothesline"],"picked":"Disarm","floor":40}],"player_experience":1542823,"relics_obtained":[{"floor":7,"key":"Happy Flower"},{"floor":9,"key":"Nunchaku"},{"floor":12,"key":"Ancient Tea Set"},{"floor":14,"key":"Bronze Scales"},{"floor":24,"key":"Eternal Feather"},{"floor":26,"key":"Turnip"},{"floor":30,"key":"Blood Vial"},{"floor":40,"key":"Meat on the Bone"}],"event_choices":[{"damage_healed":0,"gold_gain":55,"player_choice":"Gained Gold","damage_taken":0,"max_hp_gain":0,"max_hp_loss":0,"event_name":"Golden Wing","floor":3,"gold_loss":0},{"damage_healed":0,"gold_gain":0,"player_choice":"Grow","damage_taken":0,"max_hp_gain":0,"max_hp_loss":0,"event_name":"Living Wall","floor":4,"gold_loss":0,"cards_upgraded":["True Grit"]},{"damage_healed":0,"gold_gain":0,"player_choice":"Gave Potion","damage_taken":0,"relics_obtained":["Bird Faced Urn"],"max_hp_gain":0,"max_hp_loss":0,"event_name":"WeMeetAgain","floor":5,"gold_loss":0},{"damage_healed":0,"gold_gain":0,"player_choice":"Joined the Cult","damage_taken":6,"max_hp_gain":0,"max_hp_loss":0,"event_name":"Nest","floor":20,"gold_loss":0,"cards_obtained":["RitualDagger"]},{"damage_healed":0,"gold_gain":0,"player_choice":"Inject Mutagens","damage_taken":0,"relics_obtained":["MutagenicStrength"],"max_hp_gain":0,"max_hp_loss":0,"event_name":"Drug Dealer","floor":21,"gold_loss":0},{"cards_removed":["Wild Strike"],"damage_healed":0,"gold_gain":0,"player_choice":"Card Removal","damage_taken":0,"max_hp_gain":0,"max_hp_loss":0,"event_name":"Wheel of Change","floor":25,"gold_loss":0},{"damage_healed":0,"gold_gain":999,"player_choice":"Gold","damage_taken":0,"max_hp_gain":0,"max_hp_loss":0,"event_name":"MindBloom","floor":39,"gold_loss":0,"cards_obtained":["Normality","Normality"]}],"is_beta":false,"boss_relics":[{"not_picked":["Black Star","Ectoplasm"],"picked":"Runic Dome"},{"not_picked":["Mark of Pain","Runic Cube"],"picked":"Cursed Key"}],"items_purged_floors":[19,37],"is_endless":false,"potions_floor_spawned":[2,7,11,13,18,28,29,31,36,40],"killed_by":"Reptomancer","ascension_level":20}}