{"host":"4cz9gr89nglr7k8k","time":1607899770,"event":{"mods":["BaseMod","Minty Spire (QoL Compilation)","Relic Stats","Slay-I"],"gold_per_floor":[112,37,37,37,187,187,3,3,77,106,106,106,118,149,149,227,227,241,260,260,0,0,12,24,24],"floor_reached":24,"playtime":477,"items_purged":[],"score":435,"play_id":"4d19cc5e-4bcf-436d-a265-dd7d1eb6f264","local_time":"20201213234930","is_ascension_mode":true,"campfire_choices":[{"floor":6,"key":"REST"},{"data":"Swift Strike","floor":12,"key":"SMITH"},{"floor":15,"key":"REST"},{"floor":23,"key":"REST"}],"circlet_count":0,"master_deck":["AscendersBane","Strike_G","Strike_G","Strike_G","Strike_G","Strike_G","Defend_G+1","Defend_G","Defend_G","Defend_G","Survivor","Neutralize","Bouncing Flask+1","Doubt","Die Die Die","Swift Strike+1","Catalyst","Parasite","Slice","Slice","After Image","Blade Dance","Choke","Shame"],"relics":["Ring of the Snake","NeowsBlessing","Question Card","Matryoshka","Eternal Feather","Black Star","MutagenicStrength","MawBank"],"acts_visited":["Exordium","TheCity"],"potions_floor_usage":[14,19,24],"damage_taken":[{"damage":0,"enemies":"Cultist","floor":1,"turns":1},{"damage":0,"enemies":"3 Sentries","floor":10,"turns":1},{"damage":0,"enemies":"2 Louse","floor":13,"turns":1},{"damage":38,"enemies":"Gremlin Nob","floor":14,"turns":4},{"damage":50,"enemies":"The Guardian","floor":16,"turns":10},{"damage":17,"enemies":"Chosen","floor":18,"turns":5},{"damage":19,"enemies":"Shell Parasite","floor":19,"turns":4},{"damage":52,"enemies":"Gremlin Leader","floor":24,"turns":6}],"seed_played":"-2516494619752033960","potions_obtained":[{"floor":10,"key":"Swift Potion"},{"floor":13,"key":"SpeedPotion"},{"floor":16,"key":"CunningPotion"},{"floor":19,"key":"Poison Potion"}],"is_trial":false,"path_per_floor":["M","?","?","$","?","R","$","$","T","E","?","R","M","E","R","B",null,"M","M","?","?","?","R","E"],"character_chosen":"THE_SILENT","items_purchased":["Die Die Die","Swift Strike"],"campfire_rested":3,"item_purchase_floors":[7,7],"current_hp_per_floor":[59,59,39,39,39,58,58,58,58,58,66,66,66,28,59,9,52,35,16,16,16,16,47,0,0],"gold":24,"neow_bonus":"THREE_ENEMY_KILL","is_daily":false,"chose_seed":false,"campfire_upgraded":1,"win_rate":0.0,"timestamp":1607899770,"path_taken":["M","?","?","$","?","R","?","$","T","E","?","R","?","E","R","BOSS","M","M","?","?","?","R","E"],"items_purchased_type":["Card","Card"],"build_version":"2020-11-30","purchased_purges":0,"victory":false,"max_hp_per_floor":[66,66,66,66,66,66,66,66,66,66,66,66,66,66,66,66,66,66,66,66,66,66,66,66,66],"relic_stats":{"counters":[8,32],"Eternal Feather":24,"Black Star":0,"Question Card":6,"MawBank":24,"obtain_stats":[{"Matryoshka":10,"NeowsBlessing":0,"MutagenicStrength":20,"Eternal Feather":14,"Black Star":17,"Question Card":9,"MawBank":22,"Ring of the Snake":0},{"Matryoshka":2,"NeowsBlessing":0,"MutagenicStrength":7,"Eternal Feather":4,"Black Star":5,"Question Card":1,"MawBank":7,"Ring of the Snake":0},{"Matryoshka":2,"NeowsBlessing":0,"MutagenicStrength":26,"Eternal Feather":7,"Black Star":17,"Question Card":1,"MawBank":26,"Ring of the Snake":0}],"Ring of the Snake":[16]},"card_choices":[{"not_picked":["Deadly Poison","Outmaneuver"],"picked":"Bouncing Flask","floor":1},{"not_picked":["Tactician","Eviscerate","Flying Knee"],"picked":"Catalyst","floor":10},{"not_picked":["PiercingWail","Deadly Poison","Deflect"],"picked":"Slice","floor":13},{"not_picked":["Outmaneuver","Concentrate","Quick Slash"],"picked":"Slice","floor":14},{"not_picked":["Adrenaline","Doppelganger","Storm of Steel"],"picked":"After Image","floor":16},{"not_picked":["Dagger Throw","Acrobatics","Cloak And Dagger+1"],"picked":"Blade Dance","floor":18},{"not_picked":["Slice","Deflect","Backflip"],"picked":"Choke","floor":19}],"player_experience":1440254,"relics_obtained":[{"floor":9,"key":"Question Card"},{"floor":10,"key":"Matryoshka"},{"floor":14,"key":"Eternal Feather"}],"event_choices":[{"cards_removed":["Defend_G"],"damage_healed":0,"gold_gain":0,"player_choice":"Card Removal","damage_taken":0,"max_hp_gain":0,"max_hp_loss":0,"event_name":"The Cleric","floor":2,"gold_loss":75},{"damage_healed":0,"gold_gain":0,"player_choice":"Entered Light","damage_taken":20,"max_hp_gain":0,"max_hp_loss":0,"event_name":"Shining Light","floor":3,"gold_loss":0,"cards_upgraded":["Bouncing Flask","Defend_G"]},{"damage_healed":0,"gold_gain":150,"player_choice":"AGREE","damage_taken":0,"max_hp_gain":0,"max_hp_loss":0,"event_name":"Liars Game","floor":5,"gold_loss":0,"cards_obtained":["Doubt"]},{"damage_healed":16,"gold_gain":0,"player_choice":"Healed and dodged fight","damage_taken":0,"max_hp_gain":0,"max_hp_loss":0,"event_name":"Mushrooms","floor":11,"gold_loss":0,"cards_obtained":["Parasite"]},{"damage_healed":0,"gold_gain":0,"player_choice":"Inject Mutagens","damage_taken":0,"relics_obtained":["MutagenicStrength"],"max_hp_gain":0,"max_hp_loss":0,"event_name":"Drug Dealer","floor":20,"gold_loss":0},{"damage_healed":0,"gold_gain":0,"player_choice":"Paid Fearfully","damage_taken":0,"max_hp_gain":0,"max_hp_loss":0,"event_name":"Masked Bandits","floor":21,"gold_loss":260},{"damage_healed":0,"gold_gain":0,"player_choice":"Stole Relic","damage_taken":0,"relics_obtained":["MawBank"],"max_hp_gain":0,"max_hp_loss":0,"event_name":"Addict","floor":22,"gold_loss":0,"cards_obtained":["Shame"]}],"is_beta":false,"boss_relics":[{"not_picked":["Philosopher\u0027s Stone","HoveringKite"],"picked":"Black Star"}],"items_purged_floors":[],"is_endless":false,"potions_floor_spawned":[10,13,16,19],"killed_by":"Gremlin Leader","ascension_level":19}}