{"host":"2pffx5rqbod9ds0c","time":1607835173,"event":{"mods":["BaseMod","Better Altar","Better Match","Better Note","Better Sensory Stone","Better Skull","Better Third Choice","Custom Start","Hubris","Minty Spire (QoL Compilation)","Quick Restart","Relic Stats","Robot Space Explorer","Spicy Shops","StSLib"],"gold_per_floor":[114,114,134,134,153,153,185,196,196,221,146,164,176,195,195,297,297,312,312,74,88,102,102,134,148,148,182,198,198,73,88,88,189,189,201,201,219,519,529,563,563,593,620,22,22,57,74,93,93,93,93,93,93,93],"floor_reached":53,"playtime":1113,"items_purged":["RobotSpaceExplorer:Strike","Writhe","RobotSpaceExplorer:Strike","RobotSpaceExplorer:Defend"],"score":1076,"play_id":"084dd1db-e6a2-4535-ae98-8fabb187cb7a","local_time":"20201212205253","is_ascension_mode":true,"campfire_choices":[{"data":"RobotSpaceExplorer:ShovelStrike","floor":6.0,"key":"SMITH"},{"data":"RobotSpaceExplorer:LuckyStrike","floor":15.0,"key":"SMITH"},{"data":"RobotSpaceExplorer:ScrapMissile","floor":23.0,"key":"SMITH"},{"data":"RobotSpaceExplorer:Strike","floor":29.0,"key":"SMITH"},{"data":"RobotSpaceExplorer:Scan","floor":32.0,"key":"SMITH"},{"floor":41.0,"key":"RECALL"},{"data":"RobotSpaceExplorer:Defend","floor":49.0,"key":"SMITH"},{"data":"RobotSpaceExplorer:Defend","floor":52,"key":"SMITH"}],"circlet_count":0,"master_deck":["RobotSpaceExplorer:Strike+1","RobotSpaceExplorer:Defend","RobotSpaceExplorer:Defend+1","RobotSpaceExplorer:Defend+1","RobotSpaceExplorer:Scan+1","RobotSpaceExplorer:MiniLasers+1","RobotSpaceExplorer:ShovelStrike+1","RobotSpaceExplorer:LuckyStrike+1","RobotSpaceExplorer:ScrapMissile+1","RobotSpaceExplorer:LaserBurst+1"],"relics":["RobotSpaceExplorer:RoboCore","TungstenRod","RobotSpaceExplorer:FoglandsKnife","hubris:MysteriousPyramids","hubris:Metronome","Coffee Dripper","Bronze Scales","hubris:TenFootPole","Bag of Marbles","hubris:TinFlute","hubris:Teleporter","Philosopher\u0027s Stone","hubris:Towel","MealTicket","Akabeko","Pen Nib","RobotSpaceExplorer:SlideRule","Orichalcum","hubris:SlimyHat"],"acts_visited":["Exordium","TheCity","TheBeyond","TheEnding"],"potions_floor_usage":[50,50],"damage_taken":[{"damage":0.0,"enemies":"Jaw Worm","floor":1.0,"turns":3.0},{"damage":0.0,"enemies":"Cultist","floor":3.0,"turns":3.0},{"damage":0.0,"enemies":"2 Louse","floor":5.0,"turns":2.0},{"damage":5.0,"enemies":"3 Sentries","floor":7.0,"turns":7.0},{"damage":0.0,"enemies":"Looter","floor":8.0,"turns":1.0},{"damage":0.0,"enemies":"Gremlin Nob","floor":10.0,"turns":1.0},{"damage":0.0,"enemies":"Gremlin Gang","floor":12.0,"turns":1.0},{"damage":0.0,"enemies":"Exordium Thugs","floor":13.0,"turns":1.0},{"damage":0.0,"enemies":"Looter","floor":14.0,"turns":1.0},{"damage":0.0,"enemies":"Hexaghost","floor":16.0,"turns":2.0},{"damage":0.0,"enemies":"2 Thieves","floor":18.0,"turns":2.0},{"damage":0.0,"enemies":"3 Byrds","floor":21.0,"turns":1.0},{"damage":0.0,"enemies":"Cultist and Chosen","floor":22.0,"turns":1.0},{"damage":0.0,"enemies":"Slavers","floor":24.0,"turns":1.0},{"damage":3.0,"enemies":"Snake Plant","floor":25.0,"turns":2.0},{"damage":0.0,"enemies":"Book of Stabbing","floor":27.0,"turns":1.0},{"damage":0.0,"enemies":"3 Cultists","floor":28.0,"turns":1.0},{"damage":0.0,"enemies":"Chosen and Byrds","floor":31.0,"turns":1.0},{"damage":3.0,"enemies":"Automaton","floor":33.0,"turns":3.0},{"damage":0.0,"enemies":"3 Darklings","floor":35.0,"turns":2.0},{"damage":0.0,"enemies":"3 Shapes","floor":37.0,"turns":1.0},{"damage":0.0,"enemies":"Transient","floor":39.0,"turns":5.0},{"damage":0.0,"enemies":"Nemesis","floor":40.0,"turns":1.0},{"damage":0.0,"enemies":"Giant Head","floor":42.0,"turns":1.0},{"damage":0.0,"enemies":"Nemesis","floor":46.0,"turns":1.0},{"damage":0.0,"enemies":"Sphere and 2 Shapes","floor":47.0,"turns":1.0},{"damage":0.0,"enemies":"Writhing Mass","floor":48.0,"turns":1.0},{"damage":0,"enemies":"Awakened One","floor":50,"turns":2}],"seed_played":"5023542669472932341","potions_obtained":[{"floor":1.0,"key":"SteroidPotion"},{"floor":3.0,"key":"FearPotion"},{"floor":7.0,"key":"DuplicationPotion"}],"is_trial":false,"path_per_floor":["M","?","M","?","M","R","E","M","T","E","$","M","M","M","R","B",null,"M","?","$","M","M","R","E","M","T","E","M","R","$","M","R","B",null,"M","?","M","?","M","E","R","E","T","$","?","E","M","M","R","B",null,"R","$"],"character_chosen":"RobotSpaceExplorer","items_purchased":["Bronze Scales","hubris:TenFootPole","Pen Nib","RobotSpaceExplorer:SlideRule","Orichalcum"],"campfire_rested":0,"item_purchase_floors":[20,20,44,44,44],"current_hp_per_floor":[54,54,54,48,48,48,43,43,43,43,43,43,43,43,43,43,75,75,75,75,75,75,75,75,72,72,72,72,72,72,72,72,69,75,75,75,75,75,75,75,75,75,75,75,78,78,78,78,78,78,78,78,78,78],"gold":93,"neow_bonus":"ONE_RARE_RELIC","is_daily":false,"chose_seed":false,"campfire_upgraded":7,"win_rate":0.0,"timestamp":1607835173,"path_taken":["M","?","?","?","M","R","E","M","T","E","$","M","M","M","R","BOSS","M","?","?","M","M","R","E","?","T","E","M","R","$","M","R","BOSS","M","?","M","?","?","E","R","E","T","$","?","E","M","M","R","BOSS","R","$"],"items_purchased_type":["Relic","Relic","Relic","Relic","Relic"],"build_version":"2020-11-30","purchased_purges":4,"victory":false,"max_hp_per_floor":[75,75,75,75,75,75,75,75,75,75,75,75,75,75,75,75,75,75,75,75,75,75,75,75,75,75,75,75,75,75,75,75,75,75,75,75,75,75,75,75,75,75,75,75,78,78,78,78,78,78,78,78,78,78],"relic_stats":{"counters":[28,50],"Bronze Scales":[30],"MealTicket":0,"Pen Nib":[2],"Orichalcum":[12],"obtain_stats":[{"hubris:Metronome":10,"hubris:Teleporter":27,"RobotSpaceExplorer:SlideRule":44,"RobotSpaceExplorer:RoboCore":0,"Pen Nib":44,"hubris:SlimyHat":46,"hubris:MysteriousPyramids":9,"hubris:Towel":36,"Orichalcum":44,"Akabeko":42,"RobotSpaceExplorer:FoglandsKnife":7,"Bronze Scales":20,"Philosopher\u0027s Stone":34,"MealTicket":40,"Coffee Dripper":17,"hubris:TenFootPole":20,"Bag of Marbles":24,"TungstenRod":0,"hubris:TinFlute":26},{"hubris:Metronome":6,"hubris:Teleporter":16,"RobotSpaceExplorer:SlideRule":24,"RobotSpaceExplorer:RoboCore":0,"Pen Nib":24,"hubris:SlimyHat":25,"hubris:MysteriousPyramids":5,"hubris:Towel":20,"Orichalcum":24,"Akabeko":24,"RobotSpaceExplorer:FoglandsKnife":4,"Bronze Scales":11,"Philosopher\u0027s Stone":19,"MealTicket":23,"Coffee Dripper":10,"hubris:TenFootPole":11,"Bag of Marbles":14,"TungstenRod":0,"hubris:TinFlute":15},{"hubris:Metronome":17,"hubris:Teleporter":30,"RobotSpaceExplorer:SlideRule":45,"RobotSpaceExplorer:RoboCore":0,"Pen Nib":45,"hubris:SlimyHat":46,"hubris:MysteriousPyramids":16,"hubris:Towel":37,"Orichalcum":45,"Akabeko":45,"RobotSpaceExplorer:FoglandsKnife":15,"Bronze Scales":24,"Philosopher\u0027s Stone":35,"MealTicket":44,"Coffee Dripper":22,"hubris:TenFootPole":24,"Bag of Marbles":27,"TungstenRod":0,"hubris:TinFlute":29}],"TungstenRod":7},"card_choices":[{"not_picked":["RobotSpaceExplorer:Calculate","RobotSpaceExplorer:Probe","RobotSpaceExplorer:FranticSearch"],"picked":"SKIP","floor":1.0},{"not_picked":["RobotSpaceExplorer:SwiftStep","RobotSpaceExplorer:FreezingShield","RobotSpaceExplorer:FrostMissile"],"picked":"SKIP","floor":3.0},{"not_picked":["RobotSpaceExplorer:LuckyStrike","RobotSpaceExplorer:DualCore"],"picked":"RobotSpaceExplorer:ShovelStrike","floor":5.0},{"not_picked":["RobotSpaceExplorer:StunGrenade","RobotSpaceExplorer:ShockKick"],"picked":"RobotSpaceExplorer:LuckyStrike","floor":7.0},{"not_picked":["RobotSpaceExplorer:MiniDrones","RobotSpaceExplorer:TurboDodge"],"picked":"RobotSpaceExplorer:ScrapMissile","floor":8.0},{"not_picked":["RobotSpaceExplorer:ScrapToss","RobotSpaceExplorer:DoubleFind","RobotSpaceExplorer:ShockKick"],"picked":"SKIP","floor":10.0},{"not_picked":["RobotSpaceExplorer:DoubleFind","RobotSpaceExplorer:ExhaustFan","RobotSpaceExplorer:GlueShot"],"picked":"SKIP","floor":12.0},{"not_picked":["RobotSpaceExplorer:PlasmaMissile","RobotSpaceExplorer:FrostMissile","RobotSpaceExplorer:DoubleBlock"],"picked":"SKIP","floor":13.0},{"not_picked":["RobotSpaceExplorer:PowerGlove","RobotSpaceExplorer:MetalStrike","RobotSpaceExplorer:GlueShot"],"picked":"SKIP","floor":14.0},{"not_picked":["RobotSpaceExplorer:Pulsar+1","RobotSpaceExplorer:MiniDrones"],"picked":"RobotSpaceExplorer:LaserBurst+1","floor":18.0},{"not_picked":["RobotSpaceExplorer:FreezeRay","RobotSpaceExplorer:Smokescreen","RobotSpaceExplorer:MiniDrones"],"picked":"SKIP","floor":21.0},{"not_picked":["RobotSpaceExplorer:Ammunition","RobotSpaceExplorer:SwiftStep","RobotSpaceExplorer:ExhaustFan"],"picked":"SKIP","floor":22.0},{"not_picked":["RobotSpaceExplorer:Counterblock","RobotSpaceExplorer:ToxicBomb","RobotSpaceExplorer:FranticSearch"],"picked":"SKIP","floor":24.0},{"not_picked":["RobotSpaceExplorer:DoubleBlock","RobotSpaceExplorer:StunGrenade+1","RobotSpaceExplorer:MiniDrones+1"],"picked":"SKIP","floor":25.0},{"not_picked":["RobotSpaceExplorer:Comet","RobotSpaceExplorer:Counterblock","RobotSpaceExplorer:ScrapShield+1"],"picked":"SKIP","floor":27.0},{"not_picked":["RobotSpaceExplorer:Comet","RobotSpaceExplorer:Counterblock","RobotSpaceExplorer:ScrapShield+1"],"picked":"SKIP","floor":27.0},{"not_picked":["RobotSpaceExplorer:JunkDive+1","RobotSpaceExplorer:ImprovisedAttack","RobotSpaceExplorer:PowerCollector"],"picked":"SKIP","floor":28.0},{"not_picked":["RobotSpaceExplorer:FranticSearch","RobotSpaceExplorer:StunGrenade+1","RobotSpaceExplorer:MiniDrones"],"picked":"SKIP","floor":31.0},{"not_picked":["RobotSpaceExplorer:RigExplosive+1","RobotSpaceExplorer:Pulsar+1","RobotSpaceExplorer:SurgingShield+1"],"picked":"SKIP","floor":35.0},{"not_picked":["RobotSpaceExplorer:Probe+1","RobotSpaceExplorer:ScrapShield","RobotSpaceExplorer:StarDust+1"],"picked":"SKIP","floor":37.0},{"not_picked":["RobotSpaceExplorer:Ammunition","RobotSpaceExplorer:SlimeMissile","RobotSpaceExplorer:ExhaustFan+1"],"picked":"SKIP","floor":39.0},{"not_picked":["RobotSpaceExplorer:Ammunition+1","RobotSpaceExplorer:Reload+1","RobotSpaceExplorer:FrostMissile"],"picked":"SKIP","floor":40.0},{"not_picked":["RobotSpaceExplorer:ShockKick+1","RobotSpaceExplorer:Ammunition+1","RobotSpaceExplorer:GearShield"],"picked":"SKIP","floor":42.0},{"not_picked":["RobotSpaceExplorer:MetalStrike+1","RobotSpaceExplorer:Counterblock","RobotSpaceExplorer:FreezeRay+1"],"picked":"SKIP","floor":46.0},{"not_picked":["RobotSpaceExplorer:Counterblock","RobotSpaceExplorer:StunGrenade","RobotSpaceExplorer:IronShell+1"],"picked":"SKIP","floor":47.0},{"not_picked":["RobotSpaceExplorer:ShockKick+1","RobotSpaceExplorer:Ammunition+1","RobotSpaceExplorer:ScrapMissile+1"],"picked":"SKIP","floor":48.0},{"not_picked":["RobotSpaceExplorer:ShockKick+1","RobotSpaceExplorer:Ammunition+1","RobotSpaceExplorer:ScrapMissile+1"],"picked":"SKIP","floor":48.0}],"player_experience":757076,"relics_obtained":[{"floor":7.0,"key":"RobotSpaceExplorer:FoglandsKnife"},{"floor":9.0,"key":"hubris:MysteriousPyramids"},{"floor":10.0,"key":"hubris:Metronome"},{"floor":24.0,"key":"Bag of Marbles"},{"floor":26.0,"key":"hubris:TinFlute"},{"floor":27.0,"key":"hubris:Teleporter"},{"floor":40.0,"key":"MealTicket"},{"floor":42.0,"key":"Akabeko"},{"floor":46.0,"key":"hubris:SlimyHat"}],"event_choices":[{"damage_healed":0.0,"max_hp_gain":0.0,"max_hp_loss":0.0,"gold_gain":0.0,"event_name":"Upgrade Shrine","player_choice":"Upgraded","floor":2.0,"gold_loss":0.0,"damage_taken":0.0,"cards_upgraded":["RobotSpaceExplorer:MiniLasers"]},{"cards_removed":["RobotSpaceExplorer:Strike"],"damage_healed":0.0,"max_hp_gain":0.0,"max_hp_loss":0.0,"gold_gain":0.0,"event_name":"Golden Wing","player_choice":"Card Removal","floor":4.0,"gold_loss":0.0,"damage_taken":7.0},{"damage_healed":0.0,"max_hp_gain":0.0,"max_hp_loss":0.0,"gold_gain":0.0,"event_name":"betterNote:BetterNote","player_choice":"Ignored","floor":19.0,"gold_loss":0.0,"damage_taken":0.0,"cards_obtained":["Apotheosis"]},{"damage_healed":0.0,"max_hp_gain":0.0,"max_hp_loss":0.0,"gold_gain":300.0,"event_name":"Wheel of Change","player_choice":"Gold","floor":38.0,"gold_loss":0.0,"damage_taken":0.0}],"is_beta":false,"boss_relics":[{"not_picked":["Cursed Key","Velvet Choker"],"picked":"Coffee Dripper"},{"not_picked":["Astrolabe","Snecko Eye"],"picked":"Philosopher\u0027s Stone"}],"items_purged_floors":[11,20,30,44],"is_endless":false,"potions_floor_spawned":[1,3,7,12,13,16,22,24,25,27,31,37,39,46,48],"ascension_level":1}}