{"host":"wprg2kxo540uzszc","time":1607895198,"event":{"mods":["BaseMod","Bestiary","Better Third Choice","BetterRewards","CapriCore","Conspire","Custom Start","Emptier Cage","Energized Spire","Minty Spire (QoL Compilation)","Permanent Neow","Relic Stats","Shop Mod","Spicy Shops","StSLib","The Death Knight","Transform Curses","Uncapped"],"gold_per_floor":[111,111,138,313,323,335,353,353,353,39,39,39,64,79,79,176,176,192,204,234,234,234],"floor_reached":21,"playtime":1485,"items_purged":["Doubt"],"score":179,"play_id":"c7bad0ac-5a37-4a0e-9cfa-30acfc2a4cc2","local_time":"20201213163318","is_ascension_mode":false,"campfire_choices":[{"data":"DeathKnight:Hysteria","floor":8,"key":"SMITH"},{"data":"conspire:Banana","floor":12,"key":"SMITH"},{"floor":15,"key":"REST"}],"circlet_count":0,"master_deck":["DeathKnight:Strike_DeathKnight","DeathKnight:Strike_DeathKnight","DeathKnight:Strike_DeathKnight+1","DeathKnight:Strike_DeathKnight+1","DeathKnight:Strike_DeathKnight","DeathKnight:Defend_DeathKnight","DeathKnight:Defend_DeathKnight","DeathKnight:Defend_DeathKnight","DeathKnight:Defend_DeathKnight","DeathKnight:Defend_DeathKnight+1","DeathKnight:RuneTap","DeathKnight:RuneStrike","DeathKnight:Hysteria+1","DeathKnight:DeathGrip","DeathKnight:HowlingBlast+1","DeathKnight:Hysteria+1","DeathKnight:IcyTouch","conspire:Banana+1","DeathKnight:BloodPact+1","DeathKnight:Defile+1","DeathKnight:DeathStrike"],"relics":["DeathKnight:BrokenRuneblade","Frozen Egg 2","DeathKnight:TomeOfFrostSpecialization","Whetstone","DeathKnight:TomeOfUnholySpecialization","conspire:SlowCooker","Red Mask"],"acts_visited":["Exordium","TheCity"],"potions_floor_usage":[16,16,19],"damage_taken":[{"damage":3.0,"enemies":"Small Slimes","floor":1.0,"turns":4.0},{"damage":2,"enemies":"conspire:MimicChest","floor":3,"turns":5},{"damage":2,"enemies":"conspire:RoseBush","floor":5,"turns":3},{"damage":2,"enemies":"2 Louse","floor":6,"turns":3},{"damage":4,"enemies":"Looter","floor":7,"turns":3},{"damage":16,"enemies":"3 Sentries","floor":13,"turns":7},{"damage":0,"enemies":"Lots of Slimes","floor":14,"turns":1},{"damage":22,"enemies":"The Guardian","floor":16,"turns":9},{"damage":46,"enemies":"conspire:FuzzyDice","floor":18,"turns":8},{"damage":0,"enemies":"Spheric Guardian","floor":19,"turns":3},{"damage":42,"enemies":"Masked Bandits","floor":20,"turns":5},{"damage":16,"enemies":"conspire:HollyBat","floor":21,"turns":6}],"seed_played":"-5475092684824828245","potions_obtained":[{"floor":1.0,"key":"FearPotion"},{"floor":13,"key":"AttackPotion"},{"floor":14,"key":"LiquidBronze"},{"floor":18,"key":"DistilledChaos"}],"is_trial":false,"path_per_floor":["M","?","?","?","M","M","M","R","T","$","?","R","E","M","R","B",null,"M","M","?","M"],"character_chosen":"DEATH_KNIGHT","items_purchased":["Whetstone","conspire:Banana"],"campfire_rested":1,"item_purchase_floors":[10,10],"current_hp_per_floor":[72,57,55,55,53,51,47,47,47,47,47,47,33,33,56,36,79,35,37,5,0,0],"gold":234,"neow_bonus":"THREE_CARDS","is_daily":false,"chose_seed":false,"campfire_upgraded":2,"win_rate":0.0,"timestamp":1607895198,"path_taken":["M","?","?","?","M","M","M","R","T","$","?","R","E","?","R","BOSS","M","M","?","M"],"items_purchased_type":["Relic","Card"],"build_version":"2020-11-30","purchased_purges":1,"victory":false,"max_hp_per_floor":[75,75,75,75,75,75,75,75,75,75,75,75,77,77,77,79,79,81,83,85,87,87],"relic_stats":{"counters":[12,57],"Whetstone":["DeathKnight:Strike_DeathKnight","DeathKnight:HowlingBlast"],"obtain_stats":[{"DeathKnight:TomeOfUnholySpecialization":13,"DeathKnight:TomeOfFrostSpecialization":9,"conspire:SlowCooker":17,"Red Mask":20,"Whetstone":10,"Frozen Egg 2":3,"DeathKnight:BrokenRuneblade":0},{"DeathKnight:TomeOfUnholySpecialization":6,"DeathKnight:TomeOfFrostSpecialization":5,"conspire:SlowCooker":8,"Red Mask":11,"Whetstone":5,"Frozen Egg 2":2,"DeathKnight:BrokenRuneblade":0},{"DeathKnight:TomeOfUnholySpecialization":25,"DeathKnight:TomeOfFrostSpecialization":18,"conspire:SlowCooker":35,"Red Mask":51,"Whetstone":18,"Frozen Egg 2":9,"DeathKnight:BrokenRuneblade":0}]},"card_choices":[{"not_picked":["DeathKnight:DeathRune","DeathKnight:UnholyPresence"],"picked":"DeathKnight:Hysteria","floor":0.0},{"not_picked":["DeathKnight:Parry","DeathKnight:MindFreeze"],"picked":"DeathKnight:DeathGrip","floor":1.0},{"not_picked":["DeathKnight:ChainsOfIce","DeathKnight:RunicCorruption"],"picked":"DeathKnight:HowlingBlast","floor":3},{"not_picked":["DeathKnight:DeathAndDecay","DeathKnight:ShatteringStrikes"],"picked":"DeathKnight:Hysteria+1","floor":5},{"not_picked":["DeathKnight:Lichborne","DeathKnight:FoulBulwark"],"picked":"DeathKnight:IcyTouch","floor":6},{"not_picked":["DeathKnight:BloodTap","DeathKnight:HartStrike","DeathKnight:RunicCorruption"],"picked":"SKIP","floor":7},{"not_picked":["DeathKnight:DeathStrike","DeathKnight:Runeguard"],"picked":"DeathKnight:BloodPact+1","floor":13},{"not_picked":["DeathKnight:RunicDetonation","DeathKnight:Obliterate+1","DeathKnight:PlagueStrike+1"],"picked":"SKIP","floor":14},{"not_picked":["DeathKnight:Runesurge","DeathKnight:SindragosasBreath+1"],"picked":"DeathKnight:Defile+1","floor":16},{"not_picked":["DeathKnight:BoneShield","DeathKnight:BloodTap","DeathKnight:DeathsAdvance+1"],"picked":"SKIP","floor":18},{"not_picked":["DeathKnight:Marrowrend","DeathKnight:DreadStrike"],"picked":"DeathKnight:DeathStrike","floor":19}],"player_experience":116444,"relics_obtained":[{"floor":3,"key":"Frozen Egg 2"},{"floor":9,"key":"DeathKnight:TomeOfFrostSpecialization"},{"floor":13,"key":"DeathKnight:TomeOfUnholySpecialization"},{"floor":20,"key":"Red Mask"}],"event_choices":[{"damage_healed":72,"gold_gain":0,"player_choice":"Upgrade","damage_taken":15,"max_hp_gain":0,"max_hp_loss":75,"event_name":"betterThird:BetterShining","floor":2,"gold_loss":0,"cards_upgraded":["DeathKnight:Strike_DeathKnight","DeathKnight:Defend_DeathKnight"]},{"damage_healed":0,"gold_gain":175,"player_choice":"AGREE","damage_taken":138,"max_hp_gain":0,"max_hp_loss":0,"event_name":"betterThird:BetterSerpent","floor":4,"gold_loss":0},{"damage_healed":0,"gold_gain":0,"player_choice":"Ignored","damage_taken":0,"max_hp_gain":0,"max_hp_loss":0,"event_name":"NoteForYourself","floor":11,"gold_loss":0},{"damage_healed":0,"gold_gain":0,"player_choice":"Fought Bandits","damage_taken":0,"max_hp_gain":0,"max_hp_loss":0,"event_name":"Masked Bandits","floor":20,"gold_loss":0}],"is_beta":false,"boss_relics":[{"not_picked":["conspire:RunicOctahedron","conspire:SeveredTorchhead"],"picked":"conspire:SlowCooker"}],"items_purged_floors":[10],"is_endless":false,"potions_floor_spawned":[1,13,14,18],"killed_by":"conspire:HollyBat","ascension_level":0}}