{"host":"x2bb8tnu3h3a650h","time":1607900441,"event":{"mods":["AchievementEnabler","Aspiration","BaseMod","BetterRewards","Colored Map","Conspire","Defuse TimeMaze Blight","Downfall","Energized Spire","Halation","Hubris","Infinite Spire","Mimic Mod","Minty Spire (QoL Compilation)","Rare Cards Sparkle","Replay The Spire","Shop Mod","Spicy Shops","StSLib","The Jungle","The Servant 0.9.4","Wandering Minibosses","vexMod"],"gold_per_floor":[117,117,117,135,10,44,44,77,123,123,172,172,188,222,222,319,319,290,290,290,34,52,52,52],"floor_reached":23,"playtime":773,"items_purged":["Defend_G","Defend_G","Defend_G","ReplayTheSpireMod:Splinters"],"score":427,"play_id":"9e52b114-be96-4095-aca9-a81bb17214ad","local_time":"20201213230041","is_ascension_mode":true,"campfire_choices":[{"floor":7,"key":"REST"},{"floor":10,"key":"REST"},{"floor":12,"key":"REST"},{"floor":15,"key":"REST"}],"circlet_count":0,"master_deck":["Strike_G","Strike_G","Strike_G","Strike_G","Strike_G","Defend_G","Defend_G","Survivor","Neutralize","Catalyst+1","Deadly Poison","Poisoned Stab","Envenom","Noxious Fumes+1"],"relics":["Ring of the Snake","MerchantsRug","Omamori","Shovel","halation:LettersToHer","Art of War","Replay:Ancient Bell","vexMod:MemoryStick","Kunai","infinitespire:Magic Flask","Onion Ring"],"acts_visited":["Exordium","TheCity"],"potions_floor_usage":[6,16,16,23],"damage_taken":[{"damage":0,"enemies":"Small Slimes","floor":1,"turns":3},{"damage":5,"enemies":"Cultist","floor":4,"turns":4},{"damage":19,"enemies":"Replay:BlueRogue","floor":6,"turns":4},{"damage":53,"enemies":"3 Sentries","floor":8,"turns":11},{"damage":2,"enemies":"Jaw Worm","floor":13,"turns":3},{"damage":17,"enemies":"Lagavulin","floor":14,"turns":5},{"damage":23,"enemies":"Hexaghost","floor":16,"turns":5},{"damage":45,"enemies":"2 Thieves","floor":18,"turns":5},{"damage":12,"enemies":"3 Byrds","floor":22,"turns":7},{"damage":22,"enemies":"Nightmare","floor":23,"turns":2}],"seed_played":"3498785528390062319","potions_obtained":[{"floor":4,"key":"GamblersBrew"},{"floor":6,"key":"Dexterity Potion"},{"floor":18,"key":"SteroidPotion"}],"is_trial":false,"path_per_floor":["M","?","$","M","$","E","R","E","T","R","T","R","M","E","R","B",null,"M","AVR","?","$","M","NM"],"character_chosen":"THE_SILENT","items_purchased":["aspiration:Nostalgia","MerchantsRug","Catalyst","Deadly Poison","Poison Potion","Poison Potion","Onion Ring"],"campfire_rested":4,"item_purchase_floors":[0,0,0,0,5,5,21],"current_hp_per_floor":[63,63,63,58,58,39,60,7,7,28,28,49,47,30,51,28,60,15,15,15,15,3,0,0],"gold":52,"neow_bonus":"","is_daily":false,"chose_seed":false,"campfire_upgraded":0,"win_rate":0.0,"timestamp":1607900441,"path_taken":["M","?","?","M","$","E","R","E","T","R","?","R","M","E","R","BOSS","M","AVR","?","$","M","NM"],"items_purchased_type":["Relic","Relic","Card","Card","Potion","Potion","Relic"],"build_version":"2020-11-30","purchased_purges":4,"victory":false,"max_hp_per_floor":[70,70,70,70,70,70,70,70,70,70,70,70,70,70,70,70,70,70,70,70,70,70,70,70],"card_choices":[{"not_picked":["Dagger Spray","Dodge and Roll"],"picked":"Poisoned Stab","floor":1},{"not_picked":["hubris:SlightOfHand","Slice","PiercingWail"],"picked":"SKIP","floor":4},{"not_picked":["hubris:Counter","Slice","Dagger Spray"],"picked":"SKIP","floor":6},{"not_picked":["Backflip","Hidden Blade","Slice"],"picked":"SKIP","floor":8},{"not_picked":["Outmaneuver","Prepared","Underhanded Strike"],"picked":"SKIP","floor":13},{"not_picked":["Slice","Sucker Punch"],"picked":"Envenom","floor":14},{"not_picked":["Overencumbered","Sickly"],"picked":"Injury","floor":17},{"not_picked":["Guardian:Aged","hubris:Despair"],"picked":"sneckomod:Bewildered","floor":17},{"not_picked":["Pain","hubris:Lust"],"picked":"ReplayTheSpireMod:Splinters","floor":17},{"not_picked":["Quick Slash+1","Prepared","Calculated Gamble"],"picked":"SKIP","floor":18},{"not_picked":["ReplayTheSpireMod:Tripwire","Choke"],"picked":"Noxious Fumes+1","floor":22}],"player_experience":582620,"relics_obtained":[{"floor":6,"key":"Omamori"},{"floor":8,"key":"Shovel"},{"floor":11,"key":"halation:LettersToHer"},{"floor":14,"key":"Art of War"}],"event_choices":[{"damage_healed":0,"gold_gain":0,"player_choice":"Forge","damage_taken":0,"max_hp_gain":0,"max_hp_loss":0,"event_name":"Accursed Blacksmith","floor":2,"gold_loss":0,"cards_upgraded":["Catalyst"]}],"is_beta":false,"boss_relics":[{"not_picked":["Velvet Choker","aspiration:RunicSpoon"],"picked":"Replay:Ancient Bell"},{"not_picked":["Pet Ghost","conspire:TopHat"],"picked":"vexMod:MemoryStick"},{"not_picked":["Pantograph","vexMod:InvisibilityCloak"],"picked":"Kunai"},{"not_picked":["hubris:MedicalManual","hubris:AstralHammer"],"picked":"infinitespire:Magic Flask"}],"items_purged_floors":[0,0,0,19],"is_endless":false,"potions_floor_spawned":[4,6,14,18],"killed_by":"Nightmare","ascension_level":8}}