{"host":"v5q6ggeyvx3goqgy","time":1607873223,"event":{"mods":["AchievementEnabler","BaseMod","BetterRewards","Minty Spire (QoL Compilation)","StSLib","Uncapped"],"gold_per_floor":[210,210,220,146,165,198,210,236,248,290,319,350,362,393,405,512,524,550,562,0,23,54,66,78,90,128,150,162,192,204,216,228,345,357,382,394,418,430,461,486,498,521,533,13,13,13,13,13,13,13],"floor_reached":51,"playtime":784,"items_purged":[],"score":1351,"play_id":"c9080b7c-4127-4b5c-9176-863c85c587c6","local_time":"20201213152703","is_ascension_mode":true,"campfire_choices":[{"data":"Bane","floor":7.0,"key":"SMITH"},{"data":"Footwork","floor":13.0,"key":"SMITH"},{"data":"Poisoned Stab","floor":15.0,"key":"SMITH"},{"data":"Burst","floor":23.0,"key":"SMITH"},{"data":"Well Laid Plans","floor":25.0,"key":"SMITH"},{"data":"Crippling Poison","floor":30.0,"key":"SMITH"},{"data":"Neutralize","floor":32.0,"key":"SMITH"},{"data":"Crippling Poison","floor":41.0,"key":"SMITH"},{"floor":49,"key":"RECALL"}],"circlet_count":0,"master_deck":["AscendersBane","Strike_G+1","Strike_G+1","Defend_G+1","Defend_G+1","Defend_G+1","Defend_G+1","Defend_G+1","Survivor+1","Neutralize+1","Prepared+1","Well Laid Plans+1","Bane+1","Poisoned Stab+1","Footwork+1","Burst+1","Poisoned Stab+1","Dodge and Roll+1","Backstab+1","Caltrops+1","Crippling Poison+1","Wraith Form v2+1","Blur+1","Crippling Poison+1","Deadly Poison+1","Caltrops+1","Footwork+1"],"relics":["Ring of the Snake","Mercury Hourglass","Mercury Hourglass","Mercury Hourglass","Mercury Hourglass","Mercury Hourglass","Mercury Hourglass","Mercury Hourglass","Mercury Hourglass","Mercury Hourglass","Mercury Hourglass","Mercury Hourglass","Mercury Hourglass","Mercury Hourglass","Mercury Hourglass","Mercury Hourglass","Mercury Hourglass","Mercury Hourglass","Mercury Hourglass","Mercury Hourglass","Mercury Hourglass","Mercury Hourglass","Mercury Hourglass","Mercury Hourglass","Lantern","Mercury Hourglass","Mercury Hourglass","Mercury Hourglass","Mercury Hourglass","Mercury Hourglass","Mercury Hourglass","Mercury Hourglass","Mercury Hourglass","Mercury Hourglass","Mercury Hourglass","Mercury Hourglass","Mercury Hourglass","Mercury Hourglass","Mercury Hourglass","Mercury Hourglass","Mercury Hourglass","Mercury Hourglass","Mercury Hourglass","Mercury Hourglass","Mercury Hourglass","Mercury Hourglass","Mercury Hourglass","Mercury Hourglass","Mercury Hourglass","MawBank","Eternal Feather","Singing Bowl","SacredBark","Empty Cage","Mercury Hourglass","Mercury Hourglass","Mercury Hourglass","Mercury Hourglass","Mercury Hourglass","Mercury Hourglass","Paper Crane","Medical Kit","Blue Candle","Mark of the Bloom"],"acts_visited":["Exordium","TheCity","TheBeyond"],"potions_floor_usage":[45,48,50],"damage_taken":[{"damage":0.0,"enemies":"Jaw Worm","floor":1.0,"turns":1.0},{"damage":0.0,"enemies":"Cultist","floor":3.0,"turns":1.0},{"damage":0.0,"enemies":"Small Slimes","floor":5.0,"turns":1.0},{"damage":0.0,"enemies":"3 Sentries","floor":6.0,"turns":1.0},{"damage":0.0,"enemies":"Blue Slaver","floor":8.0,"turns":1.0},{"damage":0.0,"enemies":"Gremlin Nob","floor":10.0,"turns":1.0},{"damage":0.0,"enemies":"2 Fungi Beasts","floor":11.0,"turns":1.0},{"damage":0.0,"enemies":"Gremlin Gang","floor":12.0,"turns":1.0},{"damage":0.0,"enemies":"3 Louse","floor":14.0,"turns":1.0},{"damage":0.0,"enemies":"The Guardian","floor":16.0,"turns":2.0},{"damage":0.0,"enemies":"2 Thieves","floor":18.0,"turns":1.0},{"damage":0.0,"enemies":"Chosen","floor":21.0,"turns":1.0},{"damage":0.0,"enemies":"Centurion and Healer","floor":22.0,"turns":1.0},{"damage":0.0,"enemies":"3 Cultists","floor":27.0,"turns":1.0},{"damage":0.0,"enemies":"Chosen and Byrds","floor":29.0,"turns":1.0},{"damage":0.0,"enemies":"Collector","floor":33.0,"turns":2.0},{"damage":0.0,"enemies":"3 Darklings","floor":35.0,"turns":1.0},{"damage":0.0,"enemies":"Orb Walker","floor":37.0,"turns":1.0},{"damage":0.0,"enemies":"Writhing Mass","floor":39.0,"turns":1.0},{"damage":0.0,"enemies":"Jaw Worm Horde","floor":40.0,"turns":1.0},{"damage":0.0,"enemies":"4 Shapes","floor":42.0,"turns":1.0},{"damage":0,"enemies":"Transient","floor":45,"turns":2},{"damage":0,"enemies":"Reptomancer","floor":48,"turns":1},{"damage":24,"enemies":"Time Eater","floor":50,"turns":3}],"seed_played":"4218290932497745373","potions_obtained":[{"floor":3.0,"key":"Regen Potion"},{"floor":6.0,"key":"Block Potion"},{"floor":11.0,"key":"Regen Potion"}],"is_trial":false,"path_per_floor":["M","?","M","$","M","E","R","M","T","E","M","M","R","M","R","B",null,"M","?","?","M","M","R","?","R","T","M","$","M","R","?","R","B",null,"M","?","M","?","M","M","R","M","T","$","M","?","?","E","R","B",null],"character_chosen":"THE_SILENT","items_purchased":["Well Laid Plans","Deadly Poison","Medical Kit","Caltrops","Blue Candle"],"campfire_rested":0,"item_purchase_floors":[4,44,44,44,44],"current_hp_per_floor":[63,63,63,63,63,63,63,63,63,63,63,63,70,70,70,72,72,74,74,74,74,74,74,74,74,74,76,76,76,76,76,76,76,76,78,78,78,78,78,80,80,82,82,82,82,82,82,82,82,58],"gold":13,"neow_bonus":"HUNDRED_GOLD","is_daily":false,"chose_seed":false,"campfire_upgraded":8,"win_rate":0.0,"timestamp":1607873223,"path_taken":["M","?","M","?","M","E","R","M","T","E","M","?","R","M","R","BOSS","M","?","?","M","M","R","?","R","T","?","$","M","R","?","R","BOSS","M","?","?","?","M","M","R","M","T","$","M","?","?","E","R","BOSS"],"items_purchased_type":["Card","Card","Relic","Card","Relic"],"build_version":"2020-11-30","purchased_purges":0,"victory":true,"max_hp_per_floor":[70,70,70,70,70,70,70,70,70,70,70,70,70,70,70,72,72,74,74,74,74,74,74,74,74,74,76,76,76,76,76,76,76,76,78,78,78,78,78,80,80,82,82,82,82,82,82,82,82,82],"card_choices":[{"not_picked":["Cloak And Dagger","Sucker Punch","Prepared"],"picked":"SKIP","floor":1.0},{"not_picked":["Dagger Spray","Backflip","Setup"],"picked":"SKIP","floor":3.0},{"not_picked":["Deflect","Blade Dance"],"picked":"Bane","floor":5.0},{"not_picked":["Prepared","Masterful Stab"],"picked":"Poisoned Stab","floor":6.0},{"not_picked":["Setup","Outmaneuver","Masterful Stab"],"picked":"SKIP","floor":8.0},{"not_picked":["Setup","Outmaneuver","Masterful Stab"],"picked":"SKIP","floor":8.0},{"not_picked":["Skewer","Acrobatics"],"picked":"Footwork","floor":10.0},{"not_picked":["Sucker Punch","Flechettes"],"picked":"Burst","floor":11.0},{"not_picked":["Caltrops","Dodge and Roll"],"picked":"Poisoned Stab","floor":12.0},{"not_picked":["Dodge and Roll","Deflect","Skewer"],"picked":"SKIP","floor":14.0},{"not_picked":["Deflect","Skewer"],"picked":"Dodge and Roll","floor":14.0},{"not_picked":["Envenom","Glass Knife","A Thousand Cuts"],"picked":"Singing Bowl","floor":16.0},{"not_picked":["Dodge and Roll","Flying Knee","Skewer"],"picked":"Singing Bowl","floor":18.0},{"not_picked":["Expertise","Dodge and Roll"],"picked":"Backstab","floor":21.0},{"not_picked":["Heel Hook+1","Cloak And Dagger"],"picked":"Caltrops+1","floor":22.0},{"not_picked":["Cloak And Dagger","Dagger Spray+1","Expertise"],"picked":"Singing Bowl","floor":27.0},{"not_picked":["Deadly Poison+1","Dagger Spray"],"picked":"Crippling Poison","floor":29.0},{"not_picked":["A Thousand Cuts","Doppelganger"],"picked":"Wraith Form v2","floor":33.0},{"not_picked":["Outmaneuver+1","Dagger Throw+1","Reflex+1"],"picked":"Singing Bowl","floor":35.0},{"not_picked":["PiercingWail","Backflip+1"],"picked":"Blur+1","floor":37.0},{"not_picked":["Bane+1","Sucker Punch+1"],"picked":"Crippling Poison","floor":39.0},{"not_picked":["Underhanded Strike+1","Finisher","Sucker Punch"],"picked":"Singing Bowl","floor":40.0},{"not_picked":["Deflect","Eviscerate","Dagger Throw"],"picked":"Singing Bowl","floor":42}],"player_experience":463378,"relics_obtained":[{"floor":6.0,"key":"MawBank"},{"floor":9.0,"key":"Eternal Feather"},{"floor":10.0,"key":"Singing Bowl"},{"floor":43,"key":"Paper Crane"}],"event_choices":[{"damage_healed":0.0,"max_hp_gain":0.0,"max_hp_loss":0.0,"gold_gain":0.0,"cards_transformed":["Strike_G"],"event_name":"Transmorgrifier","player_choice":"Transformed","floor":2.0,"gold_loss":0.0,"damage_taken":0.0,"cards_obtained":["Prepared"]},{"damage_healed":0.0,"max_hp_gain":0.0,"max_hp_loss":0.0,"gold_gain":0.0,"event_name":"The Mausoleum","player_choice":"Ignored","floor":19.0,"gold_loss":0.0,"damage_taken":0.0},{"damage_healed":0.0,"max_hp_gain":0.0,"max_hp_loss":0.0,"gold_gain":0.0,"event_name":"Masked Bandits","player_choice":"Paid Fearfully","floor":20.0,"gold_loss":574.0,"damage_taken":0.0},{"damage_healed":0.0,"max_hp_gain":0.0,"max_hp_loss":0.0,"gold_gain":0.0,"event_name":"Accursed Blacksmith","player_choice":"Forge","floor":24.0,"gold_loss":0.0,"damage_taken":0.0,"cards_upgraded":["Poisoned Stab"]},{"damage_healed":0.0,"max_hp_gain":0.0,"max_hp_loss":0.0,"gold_gain":0.0,"event_name":"The Library","player_choice":"Read","floor":31.0,"gold_loss":0.0,"damage_taken":0.0,"cards_obtained":["Escape Plan"]},{"damage_healed":0.0,"max_hp_gain":0.0,"max_hp_loss":0.0,"gold_gain":0.0,"event_name":"Lab","player_choice":"Got Potions","floor":36.0,"gold_loss":0.0,"damage_taken":0.0},{"cards_removed":["Escape Plan"],"damage_healed":0.0,"max_hp_gain":0.0,"max_hp_loss":0.0,"gold_gain":0.0,"event_name":"Falling","player_choice":"Removed Skill","floor":38.0,"gold_loss":0.0,"damage_taken":0.0},{"damage_healed":0,"gold_gain":0,"player_choice":"Upgrade","damage_taken":0,"relics_obtained":["Mark of the Bloom"],"max_hp_gain":0,"max_hp_loss":0,"event_name":"MindBloom","floor":46,"gold_loss":0,"cards_upgraded":["Strike_G","Strike_G","Defend_G","Defend_G","Defend_G","Defend_G","Defend_G","Survivor","Prepared","Dodge and Roll","Backstab","Wraith Form v2","Deadly Poison","Caltrops"]},{"damage_healed":0,"gold_gain":0,"player_choice":"Copied","damage_taken":0,"max_hp_gain":0,"max_hp_loss":0,"event_name":"Duplicator","floor":47,"gold_loss":0,"cards_obtained":["Footwork"]}],"is_beta":false,"boss_relics":[{"not_picked":["Astrolabe","Sozu"],"picked":"SacredBark"},{"not_picked":["Runic Dome","Cursed Key"],"picked":"Empty Cage"}],"items_purged_floors":[],"is_endless":false,"potions_floor_spawned":[3,6,8,11,22,27,33,37,39,45,48],"ascension_level":11}}