{"host":"cvdbfwtypahr1w62","time":1607870835,"event":{"mods":["AchievementEnabler","Act Like it!","BaseMod","BetterRewards","Colored Map","Filter the Spire","Hallownest","Highlight Path","Jorbs\u0027s Wanderer Trilogy","Marisa????????","Minty Spire (QoL Compilation)","Rare Cards Sparkle","Relic Stats","Shop Mod","StSLib","The Bug Knight","The Cursed"],"gold_per_floor":[116,116,116,126,139,139,139,139,139,156,191,30,30,57,57,132,132,144,144,161,11,11,11,43,60,108,124,124,137,137,169,169,243,243,259,47,98,121,134,134,134,209,261,74,107,118,133,146,146,146],"floor_reached":51,"playtime":2604,"items_purged":["Strike_G","Strike_G","Strike_G","Defend_G","Escape Plan","Survivor"],"score":1917,"play_id":"a6ce45e5-3bb2-4532-bbd1-f389f8de36e8","local_time":"20201213154715","is_ascension_mode":true,"campfire_choices":[{"data":"Burst","floor":6,"key":"SMITH"},{"data":"Catalyst","floor":15,"key":"SMITH"},{"data":"Adrenaline","floor":23,"key":"SMITH"},{"data":"A Thousand Cuts","floor":28,"key":"SMITH"},{"floor":32,"key":"REST"},{"data":"Burst","floor":40,"key":"SMITH"},{"floor":49,"key":"REST"}],"circlet_count":0,"master_deck":["AscendersBane","Defend_G","Blur","Adrenaline+1","Burst+1","Footwork","Backstab","Deadly Poison","Catalyst+1","Noxious Fumes+1","A Thousand Cuts+1","Catalyst+1","Catalyst","A Thousand Cuts","Burst+1","Noxious Fumes","A Thousand Cuts","Footwork"],"relics":["Ring of the Snake","Shovel","Lee\u0027s Waffle","Oddly Smooth Stone","Hallownest:SalubrasBlessingRelic","Hallownest:DreamNailRelic","Singing Bowl","Calipers","Bag of Preparation","Empty Cage","Akabeko","Anchor","Potion Belt","Tiny Chest","Runic Pyramid","CatCart","Omamori","Mummified Hand","Gremlin Horn","Smiling Mask","Question Card"],"acts_visited":["Exordium","Hallownest:Greenpath","TheBeyond"],"potions_floor_usage":[16,16,24,29,50],"damage_taken":[{"damage":0,"enemies":"Hallownest:monsterHuskGuard","floor":1,"turns":17},{"damage":0,"enemies":"Hallownest:2_MossCreeps","floor":4,"turns":14},{"damage":0,"enemies":"Hallownest:2_Baldur","floor":5,"turns":4},{"damage":12,"enemies":"Hallownest:1_Ooma_and_2_Uuma","floor":10,"turns":19},{"damage":0,"enemies":"Hallownest:eliteCrystalGuardian","floor":11,"turns":6},{"damage":0,"enemies":"Hallownest:eliteVengeflyKing","floor":14,"turns":5},{"damage":8,"enemies":"Hallownest:BossHornet","floor":16,"turns":5},{"damage":8,"enemies":"Hallownest:3_Youths","floor":18,"turns":5},{"damage":0,"enemies":"Hallownest:2_Mistakes","floor":20,"turns":9},{"damage":0,"enemies":"Hallownest:Nosk","floor":24,"turns":2},{"damage":0,"enemies":"Hallownest:Master_and_Novice","floor":25,"turns":3},{"damage":0,"enemies":"Hallownest:2_Flukemon","floor":27,"turns":6},{"damage":20,"enemies":"Hallownest:3_Mistakes","floor":29,"turns":7},{"damage":0,"enemies":"Hallownest:eliteWatcherKnight","floor":31,"turns":11},{"damage":42,"enemies":"Hallownest:BossMantisLord","floor":33,"turns":6},{"damage":11,"enemies":"3 Darklings","floor":35,"turns":5},{"damage":0,"enemies":"Orin","floor":37,"turns":2},{"damage":3,"enemies":"3 Shapes","floor":39,"turns":4},{"damage":0,"enemies":"Giant Head","floor":45,"turns":3},{"damage":0,"enemies":"Sphere and 2 Shapes","floor":46,"turns":3},{"damage":0,"enemies":"Maw","floor":47,"turns":1},{"damage":12,"enemies":"Spire Growth","floor":48,"turns":2},{"damage":64,"enemies":"Donu and Deca","floor":50,"turns":5}],"seed_played":"-1047377742553958301","potions_obtained":[{"floor":4,"key":"FearPotion"},{"floor":10,"key":"ColorlessPotion"},{"floor":16,"key":"DuplicationPotion"},{"floor":24,"key":"SneckoOil"},{"floor":27,"key":"LiquidMemories"},{"floor":29,"key":"GamblersBrew"},{"floor":39,"key":"CunningPotion"},{"floor":46,"key":"FairyPotion"}],"is_trial":false,"path_per_floor":["M","?","?","M","M","R","$","?","T","M","E","$","?","E","R","B",null,"M","?","M","$","?","R","E","M","T","M","R","M","?","E","R","B",null,"M","$","?","T","M","R","T","T","T","$","E","M","M","M","R","B",null],"character_chosen":"THE_SILENT","items_purchased":["Blur","Adrenaline","Burst","Lee\u0027s Waffle","Footwork","Oddly Smooth Stone","Noxious Fumes","Escape Plan","Noxious Fumes","DuplicationPotion","SpeedPotion"],"campfire_rested":2,"item_purchase_floors":[0,0,0,0,0,0,12,12,36,44,44],"current_hp_per_floor":[73,73,73,73,73,73,73,65,65,55,57,57,57,59,59,51,66,58,58,60,60,60,60,60,62,62,64,64,44,44,46,71,29,68,59,59,61,61,60,60,60,60,60,60,62,62,62,52,81,17],"gold":146,"neow_bonus":"","is_daily":false,"chose_seed":false,"campfire_upgraded":5,"win_rate":0.0,"timestamp":1607870835,"path_taken":["M","?","?","?","M","R","$","?","T","M","E","$","?","E","R","BOSS","M","?","M","$","?","R","E","M","T","?","R","?","?","E","R","BOSS","M","$","?","?","M","R","?","?","T","$","E","M","M","M","R","BOSS"],"items_purchased_type":["Card","Card","Card","Relic","Card","Relic","Card","Card","Card","Potion","Potion"],"build_version":"2020-11-30","purchased_purges":6,"victory":true,"max_hp_per_floor":[73,73,73,73,73,73,73,65,65,67,69,69,69,71,71,71,71,71,71,73,73,73,73,73,75,75,77,77,77,77,79,81,81,81,83,83,85,85,87,87,87,87,87,87,89,89,89,91,93,93],"relic_stats":{"Lee\u0027s Waffle":55,"Shovel":0,"Singing Bowl":24,"Gremlin Horn":[3,3],"counters":[312,1718],"Mummified Hand":[19],"Tiny Chest":1,"Bag of Preparation":[34],"Smiling Mask":150,"Question Card":3,"obtain_stats":[{"TwistedFunnel":19,"Whetstone":0,"Bottled Tornado":28,"Boot":8,"Sling":19,"Blood Vial":2,"Sundial":43,"MealTicket":7,"Fusion Hammer":34,"Kunai":9,"HollowMod:PaleOreRelic":40,"HollowMod:QueensCombRelic":0,"Pear":9,"Blue Candle":31,"HollowMod:JonisBlessing":0,"Eternal Feather":13,"Pen Nib":27,"Paper Crane":10,"Akabeko":45,"SlaversCollar":17,"MutagenicStrength":20,"Bird Faced Urn":25,"Ring of the Serpent":34,"Unceasing Top":14,"Lantern":24,"Regal Pillow":26,"Torii":0,"Singing Bowl":9,"Magic Flower":0,"StoneCalendar":0,"Bag of Preparation":25,"Smiling Mask":9,"Hallownest:GodTamersBeastRelic":45,"Cursed Key":17,"Matryoshka":31,"Shovel":0,"WristBlade":34,"Ninja Scroll":0,"WingedGreaves":0,"Chemical X":30,"InkBottle":14,"Potion Belt":43,"Lee\u0027s Waffle":30,"Golden Idol":2,"Circlet":30,"Thread and Needle":40,"PreservedInsect":5,"Omamori":13,"Frozen Egg 2":22,"Hallownest:WatcherSealRelic":20,"Busted Crown":34,"Ornamental Fan":11,"Turnip":24,"Bottled Lightning":26,"Toy Ornithopter":9,"Ice Cream":39,"Mark of the Bloom":36,"Calipers":10,"Tiny House":17,"Gremlin Horn":29,"CeramicFish":26,"Vajra":10,"HoveringKite":34,"HollowMod:VesselMask":0,"HollowMod:StagPassRelic":9,"Sozu":34,"Lizard Tail":43,"HornCleat":0,"Strawberry":26,"Philosopher\u0027s Stone":17,"Prayer Wheel":27,"Toxic Egg 2":9,"Girya":8,"Happy Flower":0,"Oddly Smooth Stone":0,"War Paint":30,"Question Card":26,"WarpedTongs":28,"Bottled Flame":26,"Shuriken":9,"Bronze Scales":20,"Molten Egg 2":45,"CatCart":37,"Pocketwatch":0,"Meat on the Bone":4,"Darkstone Periapt":26,"Hallownest:StagBellRelic1":3,"SacredBark":34,"Enchiridion":27,"Mango":0,"Snake Skull":0,"Juzu Bracelet":43,"Incense Burner":2,"Hallownest:DreamNailRelic":3,"Empty Cage":17,"ClockworkSouvenir":0,"Nunchaku":26,"Dream Catcher":9,"Tough Bandages":0,"Mummified Hand":44,"Pantograph":6,"Tiny Chest":31,"Red Mask":48,"Runic Pyramid":34,"Hallownest:BeastSealRelic":48,"Hallownest:SalubrasBlessingRelic":2,"HollowMod:LifeEnderRelic":40,"Odd Mushroom":11,"Orichalcum":44,"White Beast Statue":26,"Peace Pipe":13,"Anchor":30,"Membership Card":0,"TungstenRod":43},{"TwistedFunnel":198,"Whetstone":0,"Bottled Tornado":112,"Boot":4,"Sling":64,"Blood Vial":56,"Sundial":17,"MealTicket":96,"Fusion Hammer":46,"Kunai":20,"HollowMod:PaleOreRelic":287,"HollowMod:QueensCombRelic":188,"Pear":58,"Blue Candle":158,"HollowMod:JonisBlessing":0,"Eternal Feather":238,"Pen Nib":68,"Paper Crane":148,"Akabeko":73,"SlaversCollar":39,"MutagenicStrength":111,"Bird Faced Urn":111,"Ring of the Serpent":136,"Unceasing Top":218,"Lantern":10,"Regal Pillow":131,"Torii":250,"Singing Bowl":292,"Magic Flower":55,"StoneCalendar":55,"Bag of Preparation":179,"Smiling Mask":4,"Hallownest:GodTamersBeastRelic":54,"Cursed Key":110,"Matryoshka":12,"Shovel":289,"WristBlade":182,"Ninja Scroll":210,"WingedGreaves":105,"Chemical X":44,"InkBottle":22,"Potion Belt":230,"Lee\u0027s Waffle":68,"Golden Idol":106,"Circlet":222,"Thread and Needle":184,"PreservedInsect":99,"Omamori":173,"Frozen Egg 2":9,"Hallownest:WatcherSealRelic":41,"Busted Crown":115,"Ornamental Fan":36,"Turnip":130,"Bottled Lightning":280,"Toy Ornithopter":107,"Ice Cream":286,"Mark of the Bloom":183,"Calipers":124,"Tiny House":127,"Gremlin Horn":200,"CeramicFish":179,"Vajra":59,"HoveringKite":202,"HollowMod:VesselMask":0,"HollowMod:StagPassRelic":255,"Sozu":244,"Lizard Tail":287,"HornCleat":188,"Strawberry":261,"Philosopher\u0027s Stone":7,"Prayer Wheel":87,"Toxic Egg 2":34,"Girya":255,"Happy Flower":55,"Oddly Smooth Stone":119,"War Paint":68,"Question Card":155,"WarpedTongs":43,"Bottled Flame":11,"Shuriken":123,"Bronze Scales":25,"Molten Egg 2":208,"CatCart":226,"Pocketwatch":0,"Meat on the Bone":106,"Darkstone Periapt":198,"Hallownest:StagBellRelic1":145,"SacredBark":70,"Enchiridion":241,"Mango":18,"Snake Skull":188,"Juzu Bracelet":17,"Incense Burner":19,"Hallownest:DreamNailRelic":31,"Empty Cage":63,"ClockworkSouvenir":18,"Nunchaku":67,"Dream Catcher":147,"Tough Bandages":250,"Mummified Hand":207,"Pantograph":3,"Tiny Chest":303,"Red Mask":75,"Runic Pyramid":13,"Hallownest:BeastSealRelic":54,"Hallownest:SalubrasBlessingRelic":290,"HollowMod:LifeEnderRelic":229,"Odd Mushroom":102,"Orichalcum":187,"White Beast Statue":86,"Peace Pipe":81,"Anchor":134,"Membership Card":55,"TungstenRod":140},{"TwistedFunnel":1059,"Whetstone":0,"Bottled Tornado":608,"Boot":16,"Sling":351,"Blood Vial":314,"Sundial":91,"MealTicket":529,"Fusion Hammer":267,"Kunai":105,"HollowMod:PaleOreRelic":1541,"HollowMod:QueensCombRelic":1010,"Pear":321,"Blue Candle":829,"HollowMod:JonisBlessing":0,"Eternal Feather":1270,"Pen Nib":370,"Paper Crane":780,"Akabeko":387,"SlaversCollar":217,"MutagenicStrength":605,"Bird Faced Urn":605,"Ring of the Serpent":725,"Unceasing Top":1160,"Lantern":51,"Regal Pillow":701,"Torii":1334,"Singing Bowl":1609,"Magic Flower":310,"StoneCalendar":310,"Bag of Preparation":959,"Smiling Mask":16,"Hallownest:GodTamersBeastRelic":299,"Cursed Key":602,"Matryoshka":59,"Shovel":1574,"WristBlade":981,"Ninja Scroll":1121,"WingedGreaves":578,"Chemical X":253,"InkBottle":113,"Potion Belt":1228,"Lee\u0027s Waffle":370,"Golden Idol":582,"Circlet":1184,"Thread and Needle":990,"PreservedInsect":549,"Omamori":913,"Frozen Egg 2":39,"Hallownest:WatcherSealRelic":230,"Busted Crown":624,"Ornamental Fan":195,"Turnip":698,"Bottled Lightning":1495,"Toy Ornithopter":585,"Ice Cream":1536,"Mark of the Bloom":985,"Calipers":675,"Tiny House":688,"Gremlin Horn":1072,"CeramicFish":959,"Vajra":325,"HoveringKite":1081,"HollowMod:VesselMask":0,"HollowMod:StagPassRelic":1359,"Sozu":1306,"Lizard Tail":1541,"HornCleat":1010,"Strawberry":1400,"Philosopher\u0027s Stone":32,"Prayer Wheel":476,"Toxic Egg 2":181,"Girya":1359,"Happy Flower":310,"Oddly Smooth Stone":643,"War Paint":370,"Question Card":814,"WarpedTongs":248,"Bottled Flame":55,"Shuriken":667,"Bronze Scales":137,"Molten Egg 2":1106,"CatCart":1208,"Pocketwatch":0,"Meat on the Bone":582,"Darkstone Periapt":1059,"Hallownest:StagBellRelic1":767,"SacredBark":378,"Enchiridion":1289,"Mango":100,"Snake Skull":1010,"Juzu Bracelet":91,"Incense Burner":102,"Hallownest:DreamNailRelic":168,"Empty Cage":346,"ClockworkSouvenir":100,"Nunchaku":364,"Dream Catcher":775,"Tough Bandages":1334,"Mummified Hand":1100,"Pantograph":11,"Tiny Chest":1687,"Red Mask":396,"Runic Pyramid":71,"Hallownest:BeastSealRelic":299,"Hallownest:SalubrasBlessingRelic":1591,"HollowMod:LifeEnderRelic":1224,"Odd Mushroom":563,"Orichalcum":1003,"White Beast Statue":466,"Peace Pipe":431,"Anchor":716,"Membership Card":310,"TungstenRod":739}],"Ring of the Snake":[82]},"card_choices":[{"not_picked":["Bane","Predator"],"picked":"Backstab","floor":1},{"not_picked":["Accuracy","Terror"],"picked":"Deadly Poison","floor":4},{"not_picked":["Dagger Throw","Underhanded Strike"],"picked":"Catalyst","floor":5},{"not_picked":["Riddle With Holes","Terror","Dodge and Roll"],"picked":"Singing Bowl","floor":10},{"not_picked":["Acrobatics","Prepared","Dagger Throw"],"picked":"Singing Bowl","floor":11},{"not_picked":["Slice","Choke","Backflip"],"picked":"Singing Bowl","floor":14},{"not_picked":["Tools of the Trade","Wraith Form v2"],"picked":"A Thousand Cuts","floor":16},{"not_picked":["Outmaneuver","Masterful Stab"],"picked":"Catalyst+1","floor":18},{"not_picked":["Blade Dance","Dagger Throw","Dodge and Roll"],"picked":"Singing Bowl","floor":20},{"not_picked":["Dodge and Roll","Poisoned Stab"],"picked":"Catalyst","floor":24},{"not_picked":["Caltrops+1","Tactician","Deadly Poison"],"picked":"Singing Bowl","floor":25},{"not_picked":["Bane","Dagger Spray","Dodge and Roll"],"picked":"Singing Bowl","floor":27},{"not_picked":["Deflect","Dodge and Roll"],"picked":"A Thousand Cuts","floor":29},{"not_picked":["Flying Knee","Bane","PiercingWail"],"picked":"Singing Bowl","floor":31},{"not_picked":["Night Terror","A Thousand Cuts"],"picked":"Burst","floor":33},{"not_picked":["Blade Dance","Backflip+1","Bouncing Flask"],"picked":"Singing Bowl","floor":35},{"not_picked":["Dagger Throw","PiercingWail","Cloak And Dagger+1"],"picked":"Singing Bowl","floor":37},{"not_picked":["Deflect","Flechettes","Calculated Gamble"],"picked":"Singing Bowl","floor":39},{"not_picked":["Bane","Leg Sweep","Dagger Throw"],"picked":"Singing Bowl","floor":45},{"not_picked":["Choke","Masterful Stab","Predator"],"picked":"A Thousand Cuts","floor":46},{"not_picked":["Acrobatics","Dodge and Roll","Dagger Throw"],"picked":"Footwork","floor":47},{"not_picked":["Poisoned Stab+1","Bane+1","Tactician","Blade Dance"],"picked":"Singing Bowl","floor":48}],"player_experience":774253,"relics_obtained":[{"floor":9,"key":"Singing Bowl"},{"floor":11,"key":"Calipers"},{"floor":14,"key":"Bag of Preparation"},{"floor":24,"key":"Anchor"},{"floor":26,"key":"Potion Belt"},{"floor":31,"key":"Tiny Chest"},{"floor":37,"key":"CatCart"},{"floor":38,"key":"Omamori"},{"floor":41,"key":"Mummified Hand"},{"floor":42,"key":"Gremlin Horn"},{"floor":43,"key":"Smiling Mask"},{"floor":45,"key":"Question Card"}],"event_choices":[{"damage_healed":0,"gold_gain":0,"player_choice":"Fight","damage_taken":0,"max_hp_gain":0,"max_hp_loss":0,"event_name":"OrinTheCat","floor":37,"gold_loss":0}],"is_beta":false,"boss_relics":[{"not_picked":["Velvet Choker","Busted Crown"],"picked":"Empty Cage"},{"not_picked":["Snecko Eye","Pandora\u0027s Box"],"picked":"Runic Pyramid"}],"items_purged_floors":[0,0,0,21,36,44],"is_endless":false,"potions_floor_spawned":[4,10,14,16,24,27,29,39,45,46,48],"ascension_level":17}}