{"host":"44og2uqm53oex657","time":1607898224,"event":{"mods":["AchievementEnabler","Act Like it!","BaseMod","DeckTracker","Gensokyo","Koishi","Marisa????????","Minty Spire (QoL Compilation)","StSLib"],"gold_per_floor":[112,112,187,112,112,112,143,143,189,207,207,221,231,256,256,334,334,334,348,348,366,383,383,416,416,440,458,458,469,87,101,101,101,101],"floor_reached":33,"playtime":1430,"items_purged":["Strike_MRS","Strike_MRS"],"score":604,"play_id":"108cc68c-221c-45eb-9431-96f270e6ce60","local_time":"20201213142344","is_ascension_mode":true,"campfire_choices":[{"data":"BinaryStars","floor":6,"key":"SMITH"},{"data":"DeepEcoloBomb","floor":11,"key":"SMITH"},{"floor":15,"key":"REST"},{"data":"EarthLightRay","floor":23,"key":"SMITH"},{"data":"MilkyWay","floor":25,"key":"SMITH"},{"data":"MilkyWay","floor":28,"key":"SMITH"},{"data":"6A","floor":32,"key":"SMITH"}],"circlet_count":0,"master_deck":["AscendersBane","Strike_MRS","Strike_MRS","Defend_MRS+1","Defend_MRS","Defend_MRS","Defend_MRS+1","MasterSpark","UpSweep","BinaryStars+1","PowerUp+1","EarthLightRay+1","DeepEcoloBomb+1","Parasite","Parasite","MagicAbsorber","ShootTheMoon+1","MilkyWay+1","MilkyWay+1","UnstableBomb+1","6A+1"],"relics":["MiniHakkero","Sundial","Strawberry","Akabeko","ShroomBag","Runic Pyramid","Blood Vial","Bag of Preparation","Shuriken"],"acts_visited":["Exordium","TheCity"],"potions_floor_usage":[14,14,14,18,21],"damage_taken":[{"damage":7,"enemies":"Jaw Worm","floor":1,"turns":2},{"damage":14,"enemies":"Lagavulin","floor":7,"turns":6},{"damage":0,"enemies":"Small Slimes","floor":10,"turns":2},{"damage":0,"enemies":"2 Louse","floor":12,"turns":2},{"damage":13,"enemies":"Exordium Wildlife","floor":13,"turns":3},{"damage":18,"enemies":"3 Sentries","floor":14,"turns":6},{"damage":10,"enemies":"Slime Boss","floor":16,"turns":4},{"damage":0,"enemies":"3 Byrds","floor":18,"turns":1},{"damage":11,"enemies":"2 Thieves","floor":19,"turns":3},{"damage":0,"enemies":"Snecko","floor":21,"turns":4},{"damage":29,"enemies":"Shelled Parasite and Fungi","floor":22,"turns":5},{"damage":5,"enemies":"Book of Stabbing","floor":24,"turns":6},{"damage":1,"enemies":"Snake Plant","floor":27,"turns":4},{"damage":6,"enemies":"Centurion and Healer","floor":29,"turns":4},{"damage":0,"enemies":"Snecko","floor":31,"turns":3},{"damage":79,"enemies":"Collector","floor":33,"turns":12}],"seed_played":"4044549317618927233","potions_obtained":[{"floor":10,"key":"EntropicBrew"},{"floor":13,"key":"Strength Potion"},{"floor":16,"key":"Swift Potion"},{"floor":24,"key":"SmokeBomb"},{"floor":27,"key":"FearPotion"}],"is_trial":false,"path_per_floor":["M","?","?","$","T","R","E","?","T","M","R","M","M","E","R","B",null,"M","M","?","M","M","R","E","R","T","M","R","M","$","M","R","B"],"character_chosen":"MARISA","items_purchased":["Shuriken"],"campfire_rested":1,"item_purchase_floors":[30],"current_hp_per_floor":[56,35,24,24,24,24,17,17,17,21,21,25,16,2,25,23,64,70,67,67,71,49,49,54,54,54,65,65,71,71,77,77,4,4],"gold":101,"neow_bonus":"ONE_RANDOM_RARE_CARD","is_daily":false,"chose_seed":false,"campfire_upgraded":6,"win_rate":0.0,"timestamp":1607898224,"path_taken":["M","?","?","$","?","R","E","?","T","M","R","?","M","E","R","BOSS","M","M","?","M","M","R","E","R","T","?","R","M","$","M","R","BOSS"],"items_purchased_type":["Relic"],"build_version":"2020-11-30","purchased_purges":2,"victory":false,"max_hp_per_floor":[70,70,70,70,70,70,77,77,77,77,77,77,77,77,77,77,77,77,77,77,77,77,77,77,77,77,77,77,77,77,77,77,77,77],"card_choices":[{"not_picked":["LuminesStrike","MilkyWay"],"picked":"PowerUp","floor":1},{"not_picked":["Occultation","DoubleSpark"],"picked":"EarthLightRay","floor":7},{"not_picked":["SuperNova","SporeBomb"],"picked":"DeepEcoloBomb","floor":10},{"not_picked":["SuperPerseids","IllusionStar","DarkSpark"],"picked":"SKIP","floor":12},{"not_picked":["GalacticHalo","ShootingEcho","SporeBomb"],"picked":"SKIP","floor":13},{"not_picked":["PulseMagic","EnergyFlow","LuminesStrike"],"picked":"SKIP","floor":14},{"not_picked":["MachineGunSpark","GalacticHalo"],"picked":"MagicAbsorber","floor":19},{"not_picked":["GasGiant","ChargeUpSpray"],"picked":"ShootTheMoon+1","floor":21},{"not_picked":["Orbital","StarBarrage"],"picked":"MilkyWay","floor":22},{"not_picked":["IllusionStar","GravityBeat"],"picked":"MilkyWay","floor":24},{"not_picked":["GravityBeat","DC","IllusionStar"],"picked":"SKIP","floor":27},{"not_picked":["WitchOfGreed","LuminesStrike+1"],"picked":"UnstableBomb+1","floor":29},{"not_picked":["GasGiant","Occultation"],"picked":"6A","floor":31}],"player_experience":666521,"relics_obtained":[{"floor":5,"key":"Sundial"},{"floor":7,"key":"Strawberry"},{"floor":9,"key":"Akabeko"},{"floor":14,"key":"ShroomBag"},{"floor":24,"key":"Blood Vial"},{"floor":26,"key":"Bag of Preparation"}],"event_choices":[{"damage_healed":0,"gold_gain":0,"player_choice":"Entered Light","damage_taken":21,"max_hp_gain":0,"max_hp_loss":0,"event_name":"Shining Light","floor":2,"gold_loss":0,"cards_upgraded":["Defend_MRS","Defend_MRS"]},{"damage_healed":0,"gold_gain":75,"player_choice":"Gather Gold","damage_taken":11,"max_hp_gain":0,"max_hp_loss":0,"event_name":"World of Goop","floor":3,"gold_loss":0},{"damage_healed":0,"gold_gain":0,"player_choice":"Ignored","damage_taken":0,"max_hp_gain":0,"max_hp_loss":0,"event_name":"Liars Game","floor":8,"gold_loss":0},{"damage_healed":0,"gold_gain":0,"player_choice":"Forge","damage_taken":0,"max_hp_gain":0,"max_hp_loss":0,"event_name":"Accursed Blacksmith","floor":20,"gold_loss":0,"cards_upgraded":["PowerUp"]}],"is_beta":false,"boss_relics":[{"not_picked":["Sozu","Coffee Dripper"],"picked":"Runic Pyramid"}],"items_purged_floors":[4,30],"is_endless":false,"potions_floor_spawned":[10,13,16,18,24,27,29,31],"killed_by":"Collector","ascension_level":20}}