{"host":"2461dio7vetlq1z3","time":1607886654,"event":{"mods":["AchievementEnabler","Aspiration","BaseMod","Hermit","Lobotomy","Minty Spire (QoL Compilation)","Relic Stats","Spicy Shops","StSLib","Waifu the Spire"],"gold_per_floor":[116,116,116,133,133,161,161,161,207,217,230,261,86,121,121,222,222,234,159,159,178,190,216,216,242,268,285,295,305,335,355,355,454,454,474,384,395,408,423,423,453,453,477,477,489,504,522,556,556,556,556,556,51,83,83,83],"floor_reached":55,"playtime":3424,"items_purged":["Defend_P","Strike_P"],"score":1212,"play_id":"9c812678-12e4-464f-a07c-f4a0d02ec598","local_time":"20201213201054","is_ascension_mode":true,"campfire_choices":[{"data":"Dagger Spray","floor":7,"key":"SMITH"},{"data":"Eruption","floor":15,"key":"SMITH"},{"data":"Vigilance","floor":24,"key":"SMITH"},{"data":"Devotion","floor":32,"key":"SMITH"},{"floor":40,"key":"RECALL"},{"floor":42,"key":"REST"},{"data":"Backstab","floor":44,"key":"SMITH"},{"floor":49,"key":"REST"},{"floor":52,"key":"REST"}],"circlet_count":0,"master_deck":["Eruption+1","Vigilance+1","CurseOfTheBell","EmptyBody+1","Dagger Spray+1","Distraction+1","Backstab+1","Halt+1","Judgement+1","Halt+1","EmptyFist","Collect+1","EmptyMind+1","SpiritShield+1","Halt+1","ClearTheMind+1","Devotion+1","Vengeance+1","MasterReality+1","Omniscience+1","Wireheading","WaveOfTheHand+1","DeusExMachina+1"],"relics":["Calling Bell","Potion Belt","Toxic Egg 2","aspiration:DSix","Regal Pillow","Kunai","Centennial Puzzle","aspiration:SecretTechniqueScroll","Nloth\u0027s Gift","PreservedInsect","aspiration:ChemicalBlood","Akabeko","Bag of Marbles","aspiration:PoetsPen_weak","Bag of Preparation","Bottled Tornado","Shuriken","Anchor","aspiration:SeaSaltIceCream","aspiration:SecretTechniqueScroll"],"acts_visited":["Exordium","TheCity","TheBeyond","TheEnding"],"potions_floor_usage":[12,23,23,30,33,38,41,46,48,50,54,54,54,55,55,55,55,55,55,55,55,55,55],"damage_taken":[{"damage":13,"enemies":"Small Slimes","floor":1,"turns":3},{"damage":2,"enemies":"Jaw Worm","floor":4,"turns":2},{"damage":2,"enemies":"3 Sentries","floor":6,"turns":2},{"damage":0,"enemies":"2 Louse","floor":10,"turns":1},{"damage":0,"enemies":"Blue Slaver","floor":11,"turns":1},{"damage":8,"enemies":"Gremlin Nob","floor":12,"turns":4},{"damage":8,"enemies":"3 Sentries","floor":14,"turns":6},{"damage":13,"enemies":"Hexaghost","floor":16,"turns":8},{"damage":1,"enemies":"Chosen","floor":18,"turns":3},{"damage":0,"enemies":"Shell Parasite","floor":21,"turns":4},{"damage":18,"enemies":"Snecko","floor":22,"turns":5},{"damage":0,"enemies":"Gremlin Leader","floor":23,"turns":8},{"damage":2,"enemies":"Book of Stabbing","floor":25,"turns":4},{"damage":0,"enemies":"Centurion and Healer","floor":27,"turns":5},{"damage":11,"enemies":"Cultist and Chosen","floor":28,"turns":6},{"damage":6,"enemies":"Snake Plant","floor":29,"turns":2},{"damage":0,"enemies":"Gremlin Leader","floor":30,"turns":4},{"damage":0,"enemies":"3 Cultists","floor":31,"turns":4},{"damage":14,"enemies":"Collector","floor":33,"turns":11},{"damage":0,"enemies":"3 Darklings","floor":35,"turns":4},{"damage":3,"enemies":"Orb Walker","floor":37,"turns":3},{"damage":9,"enemies":"Spire Growth","floor":38,"turns":4},{"damage":0,"enemies":"Jaw Worm Horde","floor":39,"turns":3},{"damage":25,"enemies":"Giant Head","floor":41,"turns":7},{"damage":4,"enemies":"Writhing Mass","floor":45,"turns":6},{"damage":6,"enemies":"3 Darklings","floor":46,"turns":3},{"damage":0,"enemies":"Maw","floor":47,"turns":7},{"damage":22,"enemies":"Nemesis","floor":48,"turns":3},{"damage":48,"enemies":"Donu and Deca","floor":50,"turns":9},{"damage":64,"enemies":"Shield and Spear","floor":54,"turns":5},{"damage":47,"enemies":"The Heart","floor":55,"turns":3}],"seed_played":"-8560454516690201724","potions_obtained":[{"floor":10,"key":"BlessingOfTheForge"},{"floor":11,"key":"Weak Potion"},{"floor":12,"key":"AttackPotion"},{"floor":14,"key":"AttackPotion"},{"floor":16,"key":"AttackPotion"},{"floor":18,"key":"SkillPotion"},{"floor":21,"key":"Weak Potion"},{"floor":28,"key":"DistilledChaos"},{"floor":29,"key":"DistilledChaos"},{"floor":33,"key":"Energy Potion"},{"floor":35,"key":"Block Potion"},{"floor":37,"key":"EntropicBrew"},{"floor":41,"key":"Swift Potion"},{"floor":45,"key":"SteroidPotion"},{"floor":50,"key":"EssenceOfSteel"},{"floor":50,"key":"SteroidPotion"},{"floor":54,"key":"Swift Potion"},{"floor":54,"key":"Block Potion"},{"floor":54,"key":"Dexterity Potion"}],"is_trial":false,"path_per_floor":["M","?","?","M","?","E","R","?","T","M","M","E","$","E","R","B",null,"M","?","?","M","M","E","R","E","T","M","M","M","E","M","R","B",null,"M","?","M","M","M","R","E","R","T","R","M","M","M","E","R","B",null,"R","$","E","B"],"character_chosen":"WATCHER","items_purchased":["EntropicBrew","Shuriken","Anchor"],"campfire_rested":3,"item_purchase_floors":[53,53,53],"current_hp_per_floor":[52,45,45,43,43,41,41,46,46,46,46,38,38,30,30,17,62,61,61,61,61,43,43,43,41,41,41,30,24,24,24,24,10,60,60,60,57,48,48,48,23,61,61,61,57,51,51,29,67,19,63,77,77,13,0,0],"gold":83,"neow_bonus":"BOSS_RELIC","is_daily":false,"chose_seed":false,"campfire_upgraded":5,"win_rate":0.0,"timestamp":1607886654,"path_taken":["M","?","?","M","?","E","R","?","T","?","M","E","?","E","R","BOSS","M","?","?","M","?","E","R","E","T","M","M","M","E","M","R","BOSS","M","?","M","?","M","R","E","R","T","R","M","M","?","E","R","BOSS","R","$","E","BOSS"],"items_purchased_type":["Potion","Relic","Relic"],"build_version":"2020-11-30","purchased_purges":2,"victory":false,"max_hp_per_floor":[72,72,72,72,72,72,72,77,77,77,77,77,77,77,77,77,77,77,77,77,77,77,77,77,77,77,77,77,77,77,77,77,77,77,77,77,77,77,77,77,77,77,77,77,77,77,77,77,77,77,77,77,77,77,77,77],"relic_stats":{"Regal Pillow":30,"Centennial Puzzle":[48],"counters":[31,140],"Shuriken":[2],"PreservedInsect":346,"Nloth\u0027s Gift":11,"Bag of Preparation":[14],"Kunai":[28],"obtain_stats":[{"Potion Belt":0,"Regal Pillow":6,"PreservedInsect":23,"aspiration:PoetsPen_weak":34,"Bag of Preparation":41,"aspiration:SecretTechniqueScroll":17,"aspiration:SeaSaltIceCream":54,"Orichalcum":12,"Bottled Tornado":48,"Akabeko":26,"Calling Bell":0,"Centennial Puzzle":14,"Anchor":53,"Shuriken":53,"Nloth\u0027s Gift":20,"Bag of Marbles":30,"Kunai":9,"PureWater":0,"Toxic Egg 2":0,"aspiration:DSix":0,"aspiration:ChemicalBlood":25},{"Potion Belt":0,"Regal Pillow":3,"PreservedInsect":12,"aspiration:PoetsPen_weak":19,"Bag of Preparation":24,"aspiration:SecretTechniqueScroll":8,"aspiration:SeaSaltIceCream":30,"Orichalcum":6,"Bottled Tornado":28,"Akabeko":13,"Calling Bell":0,"Centennial Puzzle":7,"Anchor":29,"Shuriken":29,"Nloth\u0027s Gift":9,"Bag of Marbles":17,"Kunai":3,"PureWater":0,"Toxic Egg 2":0,"aspiration:DSix":0,"aspiration:ChemicalBlood":13},{"Potion Belt":0,"Regal Pillow":7,"PreservedInsect":47,"aspiration:PoetsPen_weak":83,"Bag of Preparation":104,"aspiration:SecretTechniqueScroll":27,"aspiration:SeaSaltIceCream":137,"Orichalcum":13,"Bottled Tornado":123,"Akabeko":51,"Calling Bell":0,"Centennial Puzzle":19,"Anchor":132,"Shuriken":132,"Nloth\u0027s Gift":30,"Bag of Marbles":68,"Kunai":7,"PureWater":0,"Toxic Egg 2":0,"aspiration:DSix":0,"aspiration:ChemicalBlood":51}]},"card_choices":[{"not_picked":["Meditate+1","Evaluate+1"],"picked":"EmptyBody+1","floor":1},{"not_picked":["Wireheading","FlurryOfBlows"],"picked":"Halt+1","floor":4},{"not_picked":["Meditate+1","CrushJoints"],"picked":"Judgement+1","floor":6},{"not_picked":["Wireheading","FlurryOfBlows"],"picked":"Halt+1","floor":10},{"not_picked":["FollowUp","Evaluate+1"],"picked":"EmptyFist","floor":11},{"not_picked":["EmptyBody+1","CutThroughFate"],"picked":"Collect+1","floor":12},{"not_picked":["EmptyFist","Pray+1"],"picked":"EmptyMind+1","floor":14},{"not_picked":["LessonLearned","Establishment"],"picked":"SpiritShield+1","floor":16},{"not_picked":["EmptyFist+1","Consecrate","EmptyBody+1"],"picked":"SKIP","floor":18},{"not_picked":["CutThroughFate","FollowUp"],"picked":"Halt+1","floor":21},{"not_picked":["FlyingSleeves","LessonLearned"],"picked":"ClearTheMind+1","floor":22},{"not_picked":["ForeignInfluence+1","Pray+1","Nirvana"],"picked":"SKIP","floor":23},{"not_picked":["LessonLearned","ClearTheMind+1"],"picked":"Devotion","floor":25},{"not_picked":["Consecrate+1","CutThroughFate","Crescendo+1"],"picked":"SKIP","floor":27},{"not_picked":["FlurryOfBlows+1","CrushJoints"],"picked":"Vengeance+1","floor":28},{"not_picked":["BowlingBash","Prostrate+1","Weave+1"],"picked":"SKIP","floor":29},{"not_picked":["DeceiveReality+1","FlyingSleeves+1","Weave"],"picked":"SKIP","floor":30},{"not_picked":["BowlingBash","SashWhip","Judgement+1"],"picked":"SKIP","floor":31},{"not_picked":["Judgement+1","DevaForm"],"picked":"MasterReality","floor":33},{"not_picked":["JustLucky","EmptyBody+1"],"picked":"Omniscience+1","floor":35},{"not_picked":["CrushJoints","FlurryOfBlows+1","SashWhip"],"picked":"SKIP","floor":37},{"not_picked":["JustLucky+1","Conclude+1","Indignation+1"],"picked":"SKIP","floor":38},{"not_picked":["EmptyBody+1","Halt+1","CutThroughFate"],"picked":"SKIP","floor":39},{"not_picked":["Weave","Judgement+1","SashWhip"],"picked":"SKIP","floor":41},{"not_picked":["CutThroughFate+1","Evaluate+1","Conclude"],"picked":"SKIP","floor":45},{"not_picked":["FlurryOfBlows+1","EmptyMind+1","Study"],"picked":"SKIP","floor":46},{"not_picked":["BowlingBash+1","Crescendo+1"],"picked":"Wireheading","floor":47},{"not_picked":["Vengeance+1","SashWhip"],"picked":"WaveOfTheHand+1","floor":48},{"not_picked":["ReachHeaven","Scrawl+1"],"picked":"DeusExMachina+1","floor":54}],"player_experience":689170,"relics_obtained":[{"floor":0,"key":"Potion Belt"},{"floor":0,"key":"Toxic Egg 2"},{"floor":0,"key":"aspiration:DSix"},{"floor":6,"key":"Regal Pillow"},{"floor":9,"key":"Kunai"},{"floor":12,"key":"Orichalcum"},{"floor":14,"key":"Centennial Puzzle"},{"floor":23,"key":"PreservedInsect"},{"floor":25,"key":"aspiration:ChemicalBlood"},{"floor":26,"key":"Akabeko"},{"floor":30,"key":"Bag of Marbles"},{"floor":41,"key":"Bag of Preparation"},{"floor":48,"key":"Bottled Tornado"},{"floor":54,"key":"aspiration:SeaSaltIceCream"}],"event_choices":[{"cards_removed":["Defend_P"],"damage_healed":0,"gold_gain":0,"player_choice":"Card Removal","damage_taken":7,"max_hp_gain":0,"max_hp_loss":0,"event_name":"Golden Wing","floor":2,"gold_loss":0},{"damage_healed":0,"gold_gain":0,"player_choice":"Ignored","damage_taken":0,"max_hp_gain":0,"max_hp_loss":0,"event_name":"Liars Game","floor":5,"gold_loss":0},{"damage_healed":0,"gold_gain":0,"player_choice":"Donut","damage_taken":0,"max_hp_gain":5,"max_hp_loss":0,"event_name":"Big Fish","floor":8,"gold_loss":0},{"cards_removed":["Strike_P"],"damage_healed":0,"gold_gain":0,"player_choice":"Gave Gold","damage_taken":0,"max_hp_gain":0,"max_hp_loss":0,"event_name":"Beggar","floor":19,"gold_loss":75},{"damage_healed":0,"gold_gain":0,"player_choice":"Traded Relic","damage_taken":0,"relics_obtained":["Nloth\u0027s Gift"],"max_hp_gain":0,"max_hp_loss":0,"event_name":"N\u0027loth","floor":20,"relics_lost":["Orichalcum"],"gold_loss":0},{"cards_removed":["Defend_P"],"damage_healed":0,"gold_gain":0,"player_choice":"Upgrade and Remove","damage_taken":0,"max_hp_gain":0,"max_hp_loss":0,"event_name":"Designer","floor":36,"gold_loss":90,"cards_upgraded":["MasterReality"]}],"is_beta":false,"boss_relics":[{"not_picked":["Tiny House","VioletLotus"],"picked":"aspiration:SecretTechniqueScroll"},{"not_picked":["Astrolabe","Runic Pyramid"],"picked":"aspiration:PoetsPen_weak"}],"items_purged_floors":[13,13],"is_endless":false,"potions_floor_spawned":[10,11,12,14,16,18,21,28,29,33,35,37,38,45,54],"killed_by":"The Heart","ascension_level":9}}