{"host":"wkcoec525dnrk4jw","time":1607838546,"event":{"mods":["BaseMod","Minty Spire (QoL Compilation)","Quick Restart","Replay The Spire","Shop Mod","StSLib","[IsaacMod]ÒÔÈö¼âËþ"],"gold_per_floor":[119,50,13,26,126,156,179,234,234,257,257,339,346,370,370,540,540,593,593,547,547],"floor_reached":20,"playtime":629,"items_purged":[],"score":269,"play_id":"a6ec6855-45a9-43dc-9782-03260f27058c","local_time":"20201213134906","is_ascension_mode":true,"campfire_choices":[{"data":"DoctorFetus","floor":11.0,"key":"SMITH"}],"circlet_count":0,"master_deck":["Strike_R","Strike_R","Strike_R","Defend_R","Defend_R","Defend_R","Defend_R","Bash","DoctorFetus+1","Thunderclap","Impervious","Armaments+1","Clash","Demonic Infusion","Power Through","Heavy Blade","Hemokinesis","Uppercut+1","Hemogenesis+1","Demonic Infusion","Limit Break","Replay:Undeath\u0027s Touch+1"],"relics":["Burning Blood","HushsDoor","SalivaCoin","NeowsBlessing","Nunchaku","Bronze Scales","Molten Egg 2","Golden Idol","Ring of Chaos"],"acts_visited":["Exordium","TheCity"],"potions_floor_usage":[18],"damage_taken":[{"damage":0.0,"enemies":"Cultist","floor":1.0,"turns":1.0},{"damage":0.0,"enemies":"2 Louse","floor":4.0,"turns":1.0},{"damage":0.0,"enemies":"Lagavulin","floor":6.0,"turns":1.0},{"damage":0.0,"enemies":"Jaw Worm","floor":7.0,"turns":2.0},{"damage":20.0,"enemies":"3 Sentries","floor":8.0,"turns":4.0},{"damage":1.0,"enemies":"3 Louse","floor":10.0,"turns":2.0},{"damage":0.0,"enemies":"2 Fungi Beasts","floor":14.0,"turns":3.0},{"damage":22.0,"enemies":"Hexaghost","floor":16.0,"turns":7.0},{"damage":26,"enemies":"2 Thieves","floor":18,"turns":5},{"damage":14,"enemies":"Hiden Room Battle","floor":20,"turns":2}],"seed_played":"7499809458800533543","potions_obtained":[{"floor":1.0,"key":"Weak Potion"},{"floor":8.0,"key":"FearPotion"},{"floor":14.0,"key":"Cursed Concoction"},{"floor":16.0,"key":"Regen Potion"}],"is_trial":false,"path_per_floor":["M","$","$","M","?","E","M","E","T","M","R","?","?","M","R","B",null,"M","?","?"],"character_chosen":"IRONCLAD","items_purchased":["Impervious","Armaments+1"],"campfire_rested":0,"item_purchase_floors":[2,3],"current_hp_per_floor":[78,78,78,80,80,80,80,66,66,71,71,60,40,46,46,30,68,62,62,48,48],"gold":547,"neow_bonus":"THREE_ENEMY_KILL","is_daily":false,"chose_seed":false,"campfire_upgraded":1,"win_rate":0.0,"timestamp":1607838546,"path_taken":["M","?","$","?","?","E","M","E","T","M","R","?","?","M","R","BOSS","M","?","?"],"items_purchased_type":["Card","Card"],"build_version":"2020-11-30","purchased_purges":0,"victory":false,"max_hp_per_floor":[80,80,80,80,80,80,80,80,80,80,80,80,80,80,80,80,80,80,80,80,80],"card_choices":[{"not_picked":[],"picked":"DoctorFetus","floor":0.0},{"not_picked":["Clothesline","True Grit"],"picked":"Thunderclap","floor":1.0},{"not_picked":["Bomb","Warcry"],"picked":"Clash","floor":4.0},{"not_picked":["Run Through","Uppercut"],"picked":"Demonic Infusion","floor":5.0},{"not_picked":["Combust","Warcry"],"picked":"Power Through","floor":6.0},{"not_picked":["Replay:Undeath\u0027s Touch","Perfected Strike"],"picked":"Heavy Blade","floor":7.0},{"not_picked":["Headbutt","Shrug It Off"],"picked":"Hemokinesis","floor":8.0},{"not_picked":["Anger+1","Wild Strike+1"],"picked":"Uppercut+1","floor":10.0},{"not_picked":["Thunderclap+1","Intimidate"],"picked":"Hemogenesis+1","floor":14.0},{"not_picked":["Exhume","Berserk"],"picked":"Limit Break","floor":16.0},{"not_picked":["ReplayTheSpireMod:Stacked","Blood for Blood+1"],"picked":"Replay:Undeath\u0027s Touch+1","floor":18}],"player_experience":103714,"relics_obtained":[{"floor":6.0,"key":"Nunchaku"},{"floor":8.0,"key":"Bronze Scales"},{"floor":9.0,"key":"Molten Egg 2"}],"event_choices":[{"damage_healed":0.0,"max_hp_gain":0.0,"max_hp_loss":0.0,"gold_gain":75.0,"event_name":"World of Goop","player_choice":"Gather Gold","floor":12.0,"gold_loss":0.0,"damage_taken":11.0},{"damage_healed":0.0,"max_hp_gain":0.0,"max_hp_loss":0.0,"gold_gain":0.0,"event_name":"Golden Idol","player_choice":"Take Damage","floor":13.0,"gold_loss":0.0,"damage_taken":20.0,"relics_obtained":["Golden Idol"]},{"cards_removed":["Strike_R"],"damage_healed":0,"gold_gain":0,"player_choice":"Elegance","damage_taken":0,"max_hp_gain":0,"max_hp_loss":0,"event_name":"Back to Basics","floor":19,"gold_loss":0},{"damage_healed":0,"gold_gain":0,"player_choice":"Fight","damage_taken":0,"max_hp_gain":0,"max_hp_loss":0,"event_name":"HidenRoomEvent","floor":20,"gold_loss":0}],"is_beta":false,"boss_relics":[{"not_picked":["SlaversCollar","Tiny House"],"picked":"Ring of Chaos"},{"not_picked":[]}],"items_purged_floors":[],"is_endless":false,"potions_floor_spawned":[1,8,14,16],"killed_by":"Hiden Room Battle","ascension_level":6}}