{"host":"ncjvx38sfs73mj1s","time":1607828539,"event":{"mods":["BaseMod","KinomotoSakuraMod(木之本樱)","Marisa（F雨　魔理沙）","Minty Spire (QoL Compilation)","Remilia（蕾米莉亚）","The Servant 0.9.4","Yuyuko"],"gold_per_floor":[119,119,96,106,124,124,141,141,141,73,84,97,97,109,109,214,214,226,226,47,59,59,93,18,18,18,18,18,18,35,46,46,149,149,169,219,219,234,234,263,263,85,85,85,102,114,129,149,149,149,149],"floor_reached":50,"playtime":3628,"items_purged":["LuminesStrike","PropBag"],"score":509,"play_id":"0a5001ef-c39c-4126-9587-178d9ca6c3fa","local_time":"20201213110219","is_ascension_mode":false,"campfire_choices":[{"data":"MasterSpark","floor":6,"key":"SMITH"},{"data":"MilkyWay","floor":8,"key":"SMITH"},{"data":"EscapeVelocity","floor":13,"key":"SMITH"},{"floor":15,"key":"REST"},{"floor":25,"key":"REST"},{"floor":27,"key":"REST"},{"floor":32,"key":"REST"},{"floor":41,"key":"REST"},{"floor":44,"key":"REST"},{"floor":49,"key":"REST"}],"circlet_count":0,"master_deck":["Strike_MRS","Strike_MRS","Defend_MRS","Defend_MRS","Defend_MRS","Defend_MRS","MasterSpark+1","UpSweep","MilkyWay+1","AsteroidBelt","WitchLeyline","WitchLeyline","EscapeVelocity+1","GalacticHalo","UltimateShortwave","MilkyWay","ShootingEcho","DarkMatter+1","BinaryStars","Orbital+1","BinaryStars","StarlightTyphoon","BlazeAway+1"],"relics":["BewitchedHakkero","NeowsBlessing","Boot","Mummified Hand","AntiCross","Busted Crown","Ginger","Bottled Flame","Gremlin Horn"],"acts_visited":["Exordium","TheCity","TheBeyond"],"potions_floor_usage":[16,16,33,50,50],"damage_taken":[{"damage":0,"enemies":"Small Slimes","floor":1,"turns":1},{"damage":0,"enemies":"Cultist","floor":4,"turns":1},{"damage":0,"enemies":"2 Louse","floor":5,"turns":1},{"damage":0,"enemies":"Blue Slaver","floor":7,"turns":3},{"damage":7,"enemies":"Looter","floor":11,"turns":2},{"damage":0,"enemies":"2 Fungi Beasts","floor":12,"turns":2},{"damage":5,"enemies":"3 Louse","floor":14,"turns":3},{"damage":50,"enemies":"Slime Boss","floor":16,"turns":9},{"damage":24,"enemies":"Shell Parasite","floor":18,"turns":5},{"damage":2,"enemies":"Spheric Guardian","floor":21,"turns":3},{"damage":38,"enemies":"Book of Stabbing","floor":23,"turns":7},{"damage":9,"enemies":"Centurion and Healer","floor":30,"turns":4},{"damage":28,"enemies":"Snake Plant","floor":31,"turns":5},{"damage":50,"enemies":"Champ","floor":33,"turns":8},{"damage":45,"enemies":"3 Darklings","floor":35,"turns":6},{"damage":14,"enemies":"Mind Bloom Boss Battle","floor":36,"turns":6},{"damage":10,"enemies":"Orb Walker","floor":38,"turns":2},{"damage":10,"enemies":"Nemesis","floor":40,"turns":5},{"damage":12,"enemies":"4 Shapes","floor":45,"turns":3},{"damage":11,"enemies":"Spire Growth","floor":46,"turns":3},{"damage":0,"enemies":"Jaw Worm Horde","floor":47,"turns":2},{"damage":15,"enemies":"Transient","floor":48,"turns":5},{"damage":52,"enemies":"Awakened One","floor":50,"turns":5}],"seed_played":"-4406117436226385259","potions_obtained":[{"floor":7,"key":"Fire Potion"},{"floor":14,"key":"Explosive Potion"},{"floor":16,"key":"BlessingOfTheForge"},{"floor":23,"key":"Strength Potion"},{"floor":30,"key":"Regen Potion"},{"floor":40,"key":"Strength Potion"},{"floor":46,"key":"CultistPotion"}],"is_trial":false,"path_per_floor":["M","?","$","M","M","R","M","R","T","$","M","M","R","M","R","B",null,"M","?","$","M","?","E","?","R","T","R","$","$","M","M","R","B",null,"M","?","?","M","?","E","R","$","T","R","M","M","M","M","R","B"],"character_chosen":"MARISA","items_purchased":["AsteroidBelt","EscapeVelocity","FairyPotion","StarlightTyphoon"],"campfire_rested":7,"item_purchase_floors":[3,10,20,42],"current_hp_per_floor":[75,68,68,68,68,68,68,68,68,68,61,61,61,56,75,25,75,51,51,51,49,49,15,15,37,37,59,59,59,50,22,44,33,75,42,40,40,30,30,20,42,42,42,64,52,41,41,26,48,0,0],"gold":149,"neow_bonus":"THREE_ENEMY_KILL","is_daily":false,"chose_seed":false,"campfire_upgraded":3,"win_rate":0.0,"timestamp":1607828539,"path_taken":["M","?","?","M","M","R","M","R","T","$","?","M","R","M","R","BOSS","M","?","$","M","?","E","?","R","T","R","?","$","M","M","R","BOSS","M","?","?","M","?","E","R","$","T","R","?","M","M","M","R","BOSS"],"items_purchased_type":["Card","Card","Potion","Card"],"build_version":"2020-11-30","purchased_purges":2,"victory":false,"max_hp_per_floor":[75,75,75,75,75,75,75,75,75,75,75,75,75,75,75,75,75,75,75,75,75,75,75,75,75,75,75,75,75,75,75,75,75,75,75,75,75,75,75,75,75,75,75,75,75,75,75,75,75,75,75],"card_choices":[{"not_picked":["UnstableBomb","DragonMeteor"],"picked":"MilkyWay","floor":1},{"not_picked":["AsteroidBelt","GasGiant"],"picked":"WitchLeyline","floor":4},{"not_picked":["NonDirectionalLaser","Orbital"],"picked":"WitchLeyline","floor":5},{"not_picked":["EarthLightRay","DC"],"picked":"LuminesStrike","floor":7},{"not_picked":["WitchLeyline","SporeBomb"],"picked":"MagicChant","floor":11},{"not_picked":["IllusionStar","MilkyWay","GasGiant"],"picked":"SKIP","floor":12},{"not_picked":["IllusionStar","MilkyWay"],"picked":"GalacticHalo","floor":14},{"not_picked":["TreasureHunter","ManaRampage"],"picked":"UltimateShortwave","floor":16},{"not_picked":["PropBag","GravityBeat"],"picked":"MilkyWay","floor":18},{"not_picked":["BlazeAway+1","Acceleration"],"picked":"DarkMatter+1","floor":21},{"not_picked":["DC","IllusionStar+1"],"picked":"BinaryStars","floor":23},{"not_picked":["LuminesStrike+1","NonDirectionalLaser","DoubleSpark"],"picked":"SKIP","floor":30},{"not_picked":["ChargeUpSpray","DoubleSpark"],"picked":"Orbital+1","floor":31},{"not_picked":["CasketOfStar","TreasureHunter"],"picked":"BinaryStars","floor":33},{"not_picked":["DoubleSpark"],"picked":"SKIP","floor":35},{"not_picked":["PropBag"],"picked":"SKIP","floor":38},{"not_picked":["MagicAbsorber+1"],"picked":"SKIP","floor":40},{"not_picked":["WitchOfGreed"],"picked":"SKIP","floor":45},{"not_picked":["GrandCross+1"],"picked":"SKIP","floor":46},{"not_picked":[],"picked":"BlazeAway+1","floor":47},{"not_picked":["NonDirectionalLaser+1"],"picked":"SKIP","floor":48}],"player_experience":70540,"relics_obtained":[{"floor":9,"key":"Boot"},{"floor":23,"key":"Mummified Hand"},{"floor":26,"key":"AntiCross"},{"floor":36,"key":"Ginger"},{"floor":40,"key":"Bottled Flame"},{"floor":43,"key":"Gremlin Horn"}],"event_choices":[{"cards_removed":["Strike_MRS"],"damage_healed":0,"gold_gain":0,"player_choice":"Card Removal","damage_taken":7,"max_hp_gain":0,"max_hp_loss":0,"event_name":"Golden Wing","floor":2,"gold_loss":0},{"damage_healed":0,"gold_gain":0,"player_choice":"Read","damage_taken":0,"max_hp_gain":0,"max_hp_loss":0,"event_name":"The Library","floor":19,"gold_loss":0,"cards_obtained":["ShootingEcho"]},{"damage_healed":0,"gold_gain":0,"cards_transformed":["MagicChant","Strike_MRS"],"player_choice":"Became Test Subject","damage_taken":0,"max_hp_gain":0,"max_hp_loss":0,"event_name":"Drug Dealer","floor":22,"gold_loss":0,"cards_obtained":["EarthLightRay","PropBag"]},{"cards_removed":["EarthLightRay"],"damage_healed":0,"gold_gain":0,"player_choice":"Gave Gold","damage_taken":0,"max_hp_gain":0,"max_hp_loss":0,"event_name":"Beggar","floor":24,"gold_loss":75},{"damage_healed":0,"gold_gain":0,"player_choice":"Fight","damage_taken":0,"max_hp_gain":0,"max_hp_loss":0,"event_name":"MindBloom","floor":36,"gold_loss":0},{"damage_healed":0,"gold_gain":0,"player_choice":"Memory 1","damage_taken":0,"max_hp_gain":0,"max_hp_loss":0,"event_name":"SensoryStone","floor":37,"gold_loss":0},{"damage_healed":0,"gold_gain":0,"player_choice":"Ignored","damage_taken":0,"max_hp_gain":0,"max_hp_loss":0,"event_name":"SecretPortal","floor":39,"gold_loss":0}],"is_beta":false,"boss_relics":[{"not_picked":["Snecko Eye","Astrolabe"],"picked":"BewitchedHakkero"},{"not_picked":["Fusion Hammer","SacredBark"],"picked":"Busted Crown"}],"items_purged_floors":[20,42],"is_endless":false,"potions_floor_spawned":[7,14,16,23,30,40,46,47],"killed_by":"Awakened One","ascension_level":0}}