{"host":"kig4ty9d1aubg29s","time":1607861198,"event":{"mods":["BaseMod","Minty Spire (QoL Compilation)","READ ME - Guardian Mod","READ ME - Snecko Mod","StSLib","The Cursed","The Gatherer","The Hierophant","The Runesmith"],"gold_per_floor":[113,113,113,38,57,91,366,366,391,403,435,435,468,485,485,590,590,606,622,633,633,732,732,745,745,745,745,774,790,790,805,805,805,805],"floor_reached":33,"playtime":1266,"items_purged":["Regret"],"score":419,"play_id":"cd2afa7a-8993-4ccf-be4a-790954839f8e","local_time":"20201213210638","is_ascension_mode":true,"campfire_choices":[{"data":"Runesmith:EnergizedChisel","floor":8,"key":"SMITH"},{"floor":12,"key":"REST"},{"data":"Runesmith:HammerAndChisel","floor":15,"key":"SMITH"},{"floor":23,"key":"REST"},{"floor":25,"key":"REST"},{"floor":27,"key":"REST"},{"floor":30,"key":"REST"},{"floor":32,"key":"REST"}],"circlet_count":0,"master_deck":["Runesmith:Strike_RS","Runesmith:Strike_RS","Runesmith:Strike_RS+1","Runesmith:Strike_RS","Runesmith:Defend_RS","Runesmith:Defend_RS","Runesmith:Defend_RS","Runesmith:Defend_RS","Runesmith:CraftFirestone","Runesmith:Fortify","Runesmith:PerfectChisel","Runesmith:HammerThrow+1","Runesmith:EnergizedChisel+1","Regret","Runesmith:FrozenChisel","Runesmith:CraftMagma","Runesmith:HammerAndChisel+1","Runesmith:ChargedHammer","Runesmith:ArcReactor+1","Runesmith:EnergizedChisel","Runesmith:UnstableHammer","Runesmith:HammerThrow+1","Runesmith:HammerTime+1","Runesmith:Repurpose+1","Runesmith:HeatedChisel","Runesmith:HammerThrow+1"],"relics":["Runesmith:BrokenRuby","NeowsBlessing","Runesmith:EmergencyProvisions","Frozen Egg 2","Bronze Scales","Whetstone","Bird Faced Urn","Sozu","Calipers","Juzu Bracelet"],"acts_visited":["Exordium","TheCity"],"potions_floor_usage":[14,24,28,28],"damage_taken":[{"damage":0,"enemies":"2 Louse","floor":1,"turns":1},{"damage":0,"enemies":"Small Slimes","floor":5,"turns":2},{"damage":0,"enemies":"3 Sentries","floor":6,"turns":1},{"damage":0,"enemies":"Jaw Worm","floor":10,"turns":3},{"damage":24,"enemies":"Lagavulin","floor":11,"turns":6},{"damage":20,"enemies":"Gremlin Nob","floor":13,"turns":4},{"damage":6,"enemies":"Large Slime","floor":14,"turns":5},{"damage":31,"enemies":"Slime Boss","floor":16,"turns":7},{"damage":44,"enemies":"2 Thieves","floor":18,"turns":3},{"damage":1,"enemies":"Spheric Guardian","floor":19,"turns":2},{"damage":11,"enemies":"Snake Plant","floor":20,"turns":4},{"damage":5,"enemies":"Cultist and Chosen","floor":24,"turns":6},{"damage":18,"enemies":"Slavers","floor":28,"turns":4},{"damage":34,"enemies":"Centurion and Healer","floor":29,"turns":5},{"damage":25,"enemies":"Snecko","floor":31,"turns":4},{"damage":55,"enemies":"Champ","floor":33,"turns":9}],"seed_played":"-3912419132347212335","potions_obtained":[{"floor":1,"key":"SkillPotion"},{"floor":11,"key":"Dexterity Potion"},{"floor":13,"key":"Regen Potion"},{"floor":14,"key":"Energy Potion"},{"floor":16,"key":"PowerPotion"}],"is_trial":false,"path_per_floor":["M","?","?","$","M","E","?","R","T","M","E","R","E","M","R","B",null,"M","M","M","?","?","R","M","R","T","R","E","M","R","M","R","B"],"character_chosen":"RUNESMITH_CLASS","items_purchased":[],"campfire_rested":6,"item_purchase_floors":[],"current_hp_per_floor":[63,63,63,63,63,63,63,63,63,63,39,60,40,48,48,17,57,15,16,7,7,7,28,25,46,46,67,53,21,42,19,40,0,0],"gold":805,"neow_bonus":"THREE_ENEMY_KILL","is_daily":false,"chose_seed":false,"campfire_upgraded":2,"win_rate":0.0,"timestamp":1607861198,"path_taken":["M","?","?","$","?","E","?","R","T","M","E","R","E","M","R","BOSS","M","M","?","?","?","R","M","R","T","R","E","M","R","M","R","BOSS"],"items_purchased_type":[],"build_version":"2020-11-30","purchased_purges":1,"victory":false,"max_hp_per_floor":[70,70,70,70,70,70,70,70,70,70,70,70,70,70,70,70,70,70,70,70,70,70,70,70,70,70,70,70,70,70,70,70,70,70],"card_choices":[{"not_picked":["Runesmith:StaticCage","Runesmith:Accelerate"],"picked":"Runesmith:PerfectChisel","floor":1},{"not_picked":["Runesmith:CraftMagma","Runesmith:Firewall"],"picked":"Runesmith:HammerThrow","floor":5},{"not_picked":["Runesmith:FieryHammer","Runesmith:Overpower"],"picked":"Runesmith:EnergizedChisel","floor":6},{"not_picked":["Runesmith:WhiteBalance","Runesmith:FieryHammer"],"picked":"Runesmith:FrozenChisel","floor":10},{"not_picked":["Runesmith:UnstableHammer","Runesmith:Malloc"],"picked":"Runesmith:CraftMagma","floor":11},{"not_picked":["Runesmith:Reinforce","Runesmith:UnstableHammer"],"picked":"Runesmith:HammerAndChisel","floor":13},{"not_picked":["Runesmith:HeatExchange","Runesmith:MakeshiftArmor"],"picked":"Runesmith:ChargedHammer","floor":14},{"not_picked":["Runesmith:UnlimitedPower+1","Runesmith:Supernova"],"picked":"Runesmith:ArcReactor+1","floor":16},{"not_picked":["Runesmith:BackupBattery","Runesmith:Malloc"],"picked":"Runesmith:EnergizedChisel","floor":18},{"not_picked":["Runesmith:GoWithTheFlow","Runesmith:MakeshiftArmor"],"picked":"Runesmith:UnstableHammer","floor":19},{"not_picked":["Runesmith:Overpower","Runesmith:Repurpose"],"picked":"Runesmith:HammerThrow+1","floor":20},{"not_picked":["Runesmith:PerfectChisel","Runesmith:ShiftingStrike+1"],"picked":"Runesmith:HammerTime+1","floor":24},{"not_picked":["Runesmith:CraftPrismatica","Runesmith:FissionHammer"],"picked":"Runesmith:Repurpose+1","floor":28},{"not_picked":["Runesmith:CraftProtectio","Runesmith:RuneHurl+1"],"picked":"Runesmith:HeatedChisel","floor":29},{"not_picked":["Runesmith:StaticCage","Runesmith:EarthShield"],"picked":"Runesmith:HammerThrow+1","floor":31}],"player_experience":1888325,"relics_obtained":[{"floor":6,"key":"Frozen Egg 2"},{"floor":9,"key":"Bronze Scales"},{"floor":11,"key":"Whetstone"},{"floor":13,"key":"Bird Faced Urn"},{"floor":26,"key":"Calipers"},{"floor":28,"key":"Juzu Bracelet"}],"event_choices":[{"damage_healed":0,"gold_gain":0,"player_choice":"Leave","damage_taken":0,"max_hp_gain":0,"max_hp_loss":0,"event_name":"The Cleric","floor":2,"gold_loss":0},{"damage_healed":0,"gold_gain":0,"player_choice":"Box","damage_taken":0,"relics_obtained":["Runesmith:EmergencyProvisions"],"max_hp_gain":0,"max_hp_loss":0,"event_name":"Big Fish","floor":3,"gold_loss":0,"cards_obtained":["Regret"]},{"damage_healed":0,"gold_gain":275,"player_choice":"Desecrate","damage_taken":0,"max_hp_gain":0,"max_hp_loss":0,"event_name":"Golden Shrine","floor":7,"gold_loss":0,"cards_obtained":["Regret"]},{"damage_healed":0,"gold_gain":0,"player_choice":"Ignored","damage_taken":0,"max_hp_gain":0,"max_hp_loss":0,"event_name":"Vampires","floor":21,"gold_loss":0},{"damage_healed":0,"gold_gain":99,"player_choice":"Stole From Cult","damage_taken":0,"max_hp_gain":0,"max_hp_loss":0,"event_name":"Nest","floor":22,"gold_loss":0}],"is_beta":false,"boss_relics":[{"not_picked":["Velvet Choker","Ectoplasm"],"picked":"Sozu"}],"items_purged_floors":[4],"is_endless":false,"potions_floor_spawned":[1,11,13,14,16,19,20,28,29],"killed_by":"Champ","ascension_level":7}}