{"host":"17j25xn3vk5d1e3v","time":1607825087,"event":{"mods":["AchievementEnabler","Act Like it!","BaseMod","Downfall","GifTheSpireLib","Hermit","HexUI Lib","Hubris","Minty Spire (QoL Compilation)","Replay The Spire","StSLib","The Bug Knight","The Necromancer"],"gold_per_floor":[99,119,202,214,214,242,242,227,238,238,238,238,249,265,284,301,321,418,418,418,237,237,247,275,275,299,312,326,326,326,341,117,136,146,246,246,246,266,266,266,286,286,286,286,301,301,318,338,358,164,177,177],"floor_reached":53,"playtime":2721,"items_purged":["Guardian:Strike_Guardian","Amnesia"],"score":694,"play_id":"69851a12-380a-49cb-8c38-a501c3bc7bfd","local_time":"20201213030447","is_ascension_mode":false,"campfire_choices":[{"floor":10,"key":"REST"},{"floor":20,"key":"DIG"},{"floor":22,"key":"DIG"},{"floor":25,"key":"DIG"},{"floor":29,"key":"DIG"},{"floor":37,"key":"DIG"},{"floor":40,"key":"DIG"},{"floor":44,"key":"DIG"},{"floor":46,"key":"DIG"}],"circlet_count":0,"master_deck":["Guardian:Defend_Guardian","Guardian:Defend_Guardian+1","Guardian:Defend_Guardian","Guardian:Defend_Guardian","Guardian:CurlUp","Guardian:SpikerProtocol","Guardian:TimeBomb","Guardian:Incinerate","Guardian:TimeBomb","Guardian:PrismaticBeam","Guardian:ArmoredProtocol","Guardian:Emergency","Guardian:ShieldSpikes","Guardian:Harden","Guardian:EvasiveProtocol","Guardian:PiercingHide","Guardian:DecasProtection","Guardian:ArmoredProtocol","Guardian:AncientConstruct","Guardian:BaubleBeam","Guardian:PiercingHide","Guardian:Incinerate","Mind Blast","Guardian:RollAttack","Guardian:AncientConstruct","CommonCold","Guardian:Gem_White","Guardian:Gem_Cyan","Guardian:Gem_White","Guardian:SpikerProtocol","Guardian:Harden+1"],"relics":["Fusion Hammer","Ancient Tea Set","ReplayTheSpireMod:Shallot","Eternal Feather","FossilizedHelix","Replay:Ancient Bell","Bronze Scales","HornCleat","Shovel","Girya","CaptainsWheel","Red Mask","Gremlin Horn","MealTicket","Pet Ghost","BargainBundle","Kintsugi","hubris:Metronome","Kunai","Mummified Hand","Boot","Replay:Ringing Soul"],"acts_visited":["Exordium","TheCity","TheBeyond"],"potions_floor_usage":[35,52],"damage_taken":[{"damage":0,"enemies":"Small Slimes","floor":2,"turns":3},{"damage":0,"enemies":"2 Louse","floor":4,"turns":2},{"damage":43,"enemies":"Gremlin Nob","floor":6,"turns":5},{"damage":0,"enemies":"downfall:FleeingMerchant","floor":8,"turns":4},{"damage":0,"enemies":"Cultist","floor":9,"turns":4},{"damage":0,"enemies":"Exordium Thugs","floor":13,"turns":3},{"damage":2,"enemies":"Large Slime","floor":14,"turns":6},{"damage":0,"enemies":"3 Louse","floor":15,"turns":5},{"damage":3,"enemies":"Blue Slaver","floor":16,"turns":4},{"damage":0,"enemies":"Large Slime","floor":17,"turns":3},{"damage":16,"enemies":"downfall:Silent","floor":18,"turns":9},{"damage":0,"enemies":"Chosen","floor":21,"turns":4},{"damage":0,"enemies":"Spheric Guardian","floor":23,"turns":4},{"damage":0,"enemies":"Masked Bandits","floor":24,"turns":4},{"damage":26,"enemies":"Snecko","floor":27,"turns":6},{"damage":22,"enemies":"Chosen and Byrds","floor":28,"turns":7},{"damage":0,"enemies":"3 Cultists","floor":31,"turns":4},{"damage":0,"enemies":"downfall:FleeingMerchant","floor":32,"turns":4},{"damage":0,"enemies":"Cultist and Chosen","floor":33,"turns":7},{"damage":0,"enemies":"Snake Plant","floor":34,"turns":2},{"damage":26,"enemies":"downfall:Defect","floor":35,"turns":11},{"damage":0,"enemies":"Orb Walker","floor":38,"turns":4},{"damage":0,"enemies":"3 Shapes","floor":41,"turns":6},{"damage":3,"enemies":"Writhing Mass","floor":45,"turns":5},{"damage":0,"enemies":"4 Shapes","floor":47,"turns":2},{"damage":0,"enemies":"Transient","floor":48,"turns":5},{"damage":0,"enemies":"Spire Growth","floor":49,"turns":6},{"damage":0,"enemies":"downfall:FleeingMerchant","floor":50,"turns":4},{"damage":0,"enemies":"Sphere and 2 Shapes","floor":51,"turns":6},{"damage":0,"enemies":"downfall:Ironclad","floor":52,"turns":13}],"seed_played":"-1888256267527848509","potions_obtained":[{"floor":2,"key":"Energy Potion"},{"floor":9,"key":"SkillPotion"},{"floor":13,"key":"Strength Potion"},{"floor":16,"key":"Slimebound:ThreeZeroPotion"},{"floor":24,"key":"Guardian:DefensiveModePotion"},{"floor":27,"key":"LiquidMemories"},{"floor":48,"key":"LiquidMemories"}],"is_trial":false,"path_per_floor":["R","M","?","M","T","E","T","$","M","R","PTL","PTL","M","M","M","M","M","B",null,"R","M","R","M","?","R","T","M","M","R","?","M","$","M","M","B",null,"R","M","?","R","M","?","T","R","M","R","M","M","M","$","M","B",null],"character_chosen":"GUARDIAN","items_purchased":["BargainBundle","Guardian:PiercingHide","Guardian:Incinerate","Mind Blast","Guardian:SpikerProtocol"],"campfire_rested":1,"item_purchase_floors":[32,32,32,32,50],"current_hp_per_floor":[80,80,60,60,60,17,17,17,17,50,50,50,50,48,48,45,45,29,80,80,80,80,80,80,80,80,54,32,47,47,47,62,62,62,36,80,80,80,80,80,80,72,72,80,77,80,80,83,86,89,92,92],"gold":177,"neow_bonus":"BOSS_RELIC","is_daily":false,"chose_seed":false,"campfire_upgraded":0,"win_rate":0.0,"timestamp":1607825087,"path_taken":["R","M","?","?","?","E","T","$","M","R","PTL","PTL","M","M","M","M","M","BOSS","R","M","R","M","?","R","T","M","M","R","?","M","$","M","M","BOSS","R","M","?","R","M","?","T","R","M","R","?","M","M","$","M","BOSS"],"items_purchased_type":["Relic","Card","Card","Card","Card"],"build_version":"2020-11-30","purchased_purges":2,"victory":true,"max_hp_per_floor":[80,80,80,80,80,80,80,80,80,80,80,80,80,80,80,80,80,80,80,80,80,80,80,80,80,80,80,80,80,80,80,80,80,80,80,80,80,80,80,80,80,80,80,80,80,80,80,83,86,89,92,92],"card_choices":[{"not_picked":["Guardian:Gem_Red","Guardian:Gem_Green"],"picked":"Guardian:SpikerProtocol","floor":2},{"not_picked":["Guardian:Gem_Red","Guardian:TemporalStrike"],"picked":"Guardian:TimeBomb","floor":3},{"not_picked":["Guardian:WalkerClaw","Guardian:Gem_Cyan"],"picked":"Guardian:Gem_Crimson","floor":3},{"not_picked":["Guardian:CrystalBeam","Guardian:Recover"],"picked":"Guardian:Incinerate","floor":4},{"not_picked":["Guardian:ShieldSpikes","Guardian:Recover"],"picked":"Guardian:TimeBomb","floor":6},{"not_picked":["Guardian:Clone","Guardian:MultiBeam"],"picked":"Guardian:PrismaticBeam","floor":8},{"not_picked":["Guardian:Recover","Guardian:Reroute"],"picked":"Guardian:ArmoredProtocol","floor":9},{"not_picked":["Guardian:VentSteam","Guardian:PrimingBeam"],"picked":"Guardian:Gem_Orange","floor":13},{"not_picked":["Guardian:PrimingBeam","Guardian:WalkerClaw"],"picked":"Guardian:Gem_Red","floor":14},{"not_picked":["Guardian:Gem_Red","Guardian:Recover"],"picked":"Guardian:Incinerate","floor":15},{"not_picked":["Guardian:ChargeCore","Guardian:Planning"],"picked":"Guardian:Emergency","floor":16},{"not_picked":["Guardian:Recover","Guardian:RollAttack"],"picked":"Guardian:ShieldSpikes","floor":17},{"not_picked":["Guardian:Gem_Orange","Guardian:BaubleBeam"],"picked":"Guardian:AncientConstruct","floor":18},{"not_picked":["Delirium","Languid"],"picked":"ReplayTheSpireMod:IOU","floor":19},{"not_picked":["Shame","Hallucinations"],"picked":"ReplayTheSpireMod:IOU","floor":19},{"not_picked":["hubris:Lust","Languid"],"picked":"Writhe","floor":19},{"not_picked":["Guardian:MultiBeam","Guardian:Reroute+1"],"picked":"Guardian:Harden","floor":21},{"not_picked":["Guardian:PolyBeam","Guardian:Suspension"],"picked":"Guardian:EvasiveProtocol","floor":23},{"not_picked":["Guardian:Recover","Guardian:FloatingOrbs"],"picked":"Guardian:PiercingHide","floor":24},{"not_picked":["Guardian:TemporalStrike","Guardian:Gem_Red"],"picked":"Guardian:DecasProtection","floor":27},{"not_picked":["Guardian:CrystalBeam","Guardian:SentryBeam"],"picked":"Guardian:ArmoredProtocol","floor":28},{"not_picked":["Guardian:TimeBomb","Guardian:ShieldCharger+1"],"picked":"Guardian:BaubleBeam","floor":31},{"not_picked":["Guardian:TemporalStrike","Guardian:StasisField","Guardian:PrismaticBeam"],"picked":"SKIP","floor":32},{"not_picked":["Guardian:Gem_Green","Guardian:Gem_Blue"],"picked":"Guardian:RollAttack","floor":33},{"not_picked":["Guardian:Recover+1","Guardian:Gem_Purple"],"picked":"Guardian:ChargeCore+1","floor":34},{"not_picked":["Guardian:FastForward","Guardian:StasisStrike"],"picked":"Guardian:AncientConstruct","floor":35},{"not_picked":["Guardian:WalkerClaw+1","Guardian:TimeBomb"],"picked":"Guardian:Gem_Green","floor":38},{"not_picked":["Guardian:ShieldCharger+1","Guardian:Gem_Green","Guardian:WalkerClaw"],"picked":"SKIP","floor":41},{"not_picked":["Guardian:ChargeCore","Guardian:TemporalStrike+1"],"picked":"Guardian:Gem_Cyan","floor":45},{"not_picked":["Guardian:VentSteam+1","Guardian:ExploitGems","Guardian:WalkerClaw+1"],"picked":"SKIP","floor":47},{"not_picked":["Guardian:Gem_Cyan","Guardian:Reroute"],"picked":"Guardian:Gem_White","floor":48},{"not_picked":["Guardian:Gem_Lightblue","Guardian:Incinerate"],"picked":"Guardian:Gem_Cyan","floor":49},{"not_picked":["Guardian:TimeCapacitor","Guardian:Gem_Fragmented"],"picked":"Guardian:Gem_White","floor":50},{"not_picked":["Guardian:Reroute+1","Guardian:Gem_Lightblue"],"picked":"Guardian:Harden+1","floor":51}],"player_experience":158000,"relics_obtained":[{"floor":3,"key":"Ancient Tea Set"},{"floor":5,"key":"ReplayTheSpireMod:Shallot"},{"floor":6,"key":"Eternal Feather"},{"floor":7,"key":"FossilizedHelix"},{"floor":20,"key":"Girya"},{"floor":22,"key":"CaptainsWheel"},{"floor":24,"key":"Red Mask"},{"floor":25,"key":"Gremlin Horn"},{"floor":26,"key":"MealTicket"},{"floor":29,"key":"Pet Ghost"},{"floor":37,"key":"hubris:Metronome"},{"floor":40,"key":"Kunai"},{"floor":43,"key":"Mummified Hand"},{"floor":44,"key":"Boot"},{"floor":46,"key":"Replay:Ringing Soul"}],"event_choices":[{"damage_healed":0,"gold_gain":0,"player_choice":"Fought Bandits","damage_taken":0,"max_hp_gain":0,"max_hp_loss":0,"event_name":"Masked Bandits","floor":24,"gold_loss":0},{"damage_healed":0,"gold_gain":0,"player_choice":"Read","damage_taken":0,"max_hp_gain":0,"max_hp_loss":0,"event_name":"The Library","floor":30,"gold_loss":0,"cards_obtained":["Guardian:AncientConstruct"]},{"cards_removed":["Guardian:ChargeCore"],"damage_healed":0,"gold_gain":0,"player_choice":"Removed Attack","damage_taken":0,"max_hp_gain":0,"max_hp_loss":0,"event_name":"Falling","floor":39,"gold_loss":0}],"is_beta":false,"boss_relics":[{"not_picked":["hubris:TerracottaHorce","hubris:BlackHole"],"picked":"Replay:Ancient Bell"},{"not_picked":["PreservedInsect","hubris:ToyBattleship"],"picked":"Bronze Scales"},{"not_picked":["Garlic","hubris:TinFlute"],"picked":"HornCleat"},{"not_picked":["Torii","Unceasing Top"],"picked":"Shovel"},{"not_picked":["Tiny House","hubris:HollowSoul"],"picked":"Kintsugi"}],"items_purged_floors":[32,50],"is_endless":false,"potions_floor_spawned":[2,9,13,16,18,21,24,27,34,48],"ascension_level":0}}