{"host":"qr1bwouox9un7py1","time":1607839229,"event":{"mods":["2.2 Compatiblity","AchievementEnabler","BaseMod","Colored Map","Colored Powertips","GifTheSpireLib","Highlight Path","Infinite Spire","Lobotomy","LobotomyExtend","Minty Spire (QoL Compilation)","Quick Restart","Shop Mod","StSLib","Unceasing Turn Reminder"],"gold_per_floor":[118,135,100,100,113,113,113,148,172,185,185,31,46,66,66,165,165,177,177,177],"floor_reached":19,"playtime":805,"items_purged":[],"score":177,"play_id":"20db8e73-d453-4c89-b0f4-641a387da041","local_time":"20201213170029","is_ascension_mode":true,"campfire_choices":[{"floor":11,"key":"REST"}],"circlet_count":0,"master_deck":["Funeral","SpecialBullet","SpecialBullet","SpecialBullet","SpecialBullet","SpecialBullet","SpecialBullet","SpecialBullet","SpecialBullet","InformationCode","SecurityCode","ExtractionCode","CrimsonScar+1","BlueScar","SingingMachine","WristCuter+1","LaLuna","Heaven","Lantern","Lamp+3","NakedNest","Tough","Justitia","CrumblingArmor","CurseOfTheBell"],"relics":["CogitoBucket","LetterFromLob","Bronze Scales","infinitespire:Beetle Shell","Membership Card","LuminousBracelet","SolemnVow_r","Calling Bell","infinitespire:PuzzleCube","Singing Bowl","infinitespire:Lychee Nut"],"acts_visited":["Exordium","TheCity"],"potions_floor_usage":[16],"damage_taken":[{"damage":14,"enemies":"2 Louse","floor":1,"turns":2},{"damage":11,"enemies":"Jaw Worm","floor":2,"turns":3},{"damage":0,"enemies":"Cultist","floor":5,"turns":2},{"damage":44,"enemies":"Lagavulin","floor":8,"turns":7},{"damage":11,"enemies":"Exordium Wildlife","floor":10,"turns":2},{"damage":28,"enemies":"Exordium Thugs","floor":13,"turns":1},{"damage":16,"enemies":"Large Slime","floor":14,"turns":4},{"damage":83,"enemies":"Hexaghost","floor":16,"turns":10},{"damage":7,"enemies":"3 Byrds","floor":18,"turns":2},{"damage":97,"enemies":"Shell Parasite","floor":19,"turns":4}],"seed_played":"-4737759380735735030","potions_obtained":[{"floor":10,"key":"SkillPotion"}],"is_trial":false,"path_per_floor":["M","M","?","?","M","R","M","E","T","M","R","$","M","M","R","B",null,"M","M"],"character_chosen":"Angela","items_purchased":["Membership Card"],"campfire_rested":1,"item_purchase_floors":[12],"current_hp_per_floor":[71,68,77,62,70,70,70,34,34,35,59,59,54,53,53,19,78,84,0,0],"gold":177,"neow_bonus":"TEN_PERCENT_HP_BONUS","is_daily":false,"chose_seed":false,"campfire_upgraded":0,"win_rate":0.0,"timestamp":1607839229,"path_taken":["M","M","?","?","M","R","M","E","T","M","R","?","M","M","R","BOSS","M","M"],"items_purchased_type":["Relic"],"build_version":"2020-11-30","purchased_purges":0,"victory":false,"max_hp_per_floor":[77,77,77,77,77,77,77,77,77,81,81,81,96,100,100,104,78,84,84,84],"card_choices":[{"not_picked":["LittlePrince","Bloodbath"],"picked":"MeltingLove","floor":1},{"not_picked":["FourthMatchFlame"],"picked":"CrimsonScar","floor":1},{"not_picked":["RedEyes"],"picked":"BlueScar","floor":2},{"not_picked":["VoidDream","Scorched"],"picked":"SingingMachine","floor":2},{"not_picked":["Wingbeat"],"picked":"WristCuter","floor":2},{"not_picked":["Wellcheers","Murderer"],"picked":"LaLuna","floor":5},{"not_picked":["Lantern"],"picked":"Heaven","floor":5},{"not_picked":["Penitence"],"picked":"GreenStem","floor":8},{"not_picked":["Scorched","DreamingCurrent"],"picked":"Funeral","floor":8},{"not_picked":["Harmony"],"picked":"Lantern","floor":8},{"not_picked":["ShyLook","Wellcheers"],"picked":"CrumblingArmor","floor":10},{"not_picked":["SomewhereSpear"],"picked":"Lamp","floor":10},{"not_picked":["RapturousDream","Penitence"],"picked":"SKIP","floor":13},{"not_picked":["Laetitia","Wellcheers"],"picked":"NakedNest","floor":14},{"not_picked":["MagicBullet"],"picked":"Tough","floor":14},{"not_picked":["GoldRush","Adoration"],"picked":"Justitia","floor":16},{"not_picked":["WhiteNight","MHz","BigBadWolf"],"picked":"Singing Bowl","floor":16},{"not_picked":["BlackArmy","LittlePrince"],"picked":"CrumblingArmor","floor":16},{"not_picked":["TheSmile","Mimicry"],"picked":"Adoration","floor":16},{"not_picked":["Variant","Wellcheers","BeautyBeast"],"picked":"Singing Bowl","floor":18},{"not_picked":["WallGazer","Bloodbath"],"picked":"BigBird","floor":18},{"not_picked":["BloodyDesire","Penitence","RapturousDream"],"picked":"Singing Bowl","floor":18}],"player_experience":244022,"relics_obtained":[{"floor":2,"key":"LetterFromLob"},{"floor":8,"key":"Bronze Scales"},{"floor":9,"key":"infinitespire:Beetle Shell"},{"floor":17,"key":"infinitespire:PuzzleCube"},{"floor":17,"key":"Singing Bowl"},{"floor":17,"key":"infinitespire:Lychee Nut"}],"event_choices":[{"damage_healed":19,"gold_gain":0,"player_choice":"Healed","damage_taken":0,"max_hp_gain":0,"max_hp_loss":0,"event_name":"The Cleric","floor":3,"gold_loss":35},{"damage_healed":0,"gold_gain":0,"player_choice":"Entered Light","damage_taken":15,"max_hp_gain":0,"max_hp_loss":0,"event_name":"Shining Light","floor":4,"gold_loss":0,"cards_upgraded":["WristCuter","CrimsonScar"]}],"is_beta":false,"boss_relics":[{"not_picked":["Ectoplasm","Fusion Hammer"],"picked":"Calling Bell"}],"items_purged_floors":[],"is_endless":false,"potions_floor_spawned":[5,10,14],"killed_by":"Shell Parasite","ascension_level":1}}