{"host":"2s5c6uii15wgtvvf","time":1607899130,"event":{"mods":["Bard","BaseMod","Bestiary","CapriCore","Downfall","Friendly Minions","Hermit","HololiveMod","Jorbs\u0027s Wanderer Trilogy","Koishi","KomeijiMod","Lobotomy","LobotomyExtend","Marisa????????","Minty Spire (QoL Compilation)","Remilia??????","Robot Space Explorer","Shade Mod","StSLib","Td1madao Mod","The Animator","The Cursed","The Gatherer","The Hayseed","The Hierophant","The Immortal","The Mystic","The Necromancer","The Runesmith","The Servant 0.9.4","TheHeartMod","WarShipGirlsR/????R mod","Yohane!"],"gold_per_floor":[113,113,130,145,162,162,162,162],"floor_reached":7,"playtime":525,"items_purged":[],"score":43,"play_id":"ed27b236-1c3f-4eb9-bfb6-054f14c4d70e","local_time":"20201213223850","is_ascension_mode":false,"campfire_choices":[{"data":"Koishi:Catatonia","floor":6,"key":"SMITH"}],"circlet_count":0,"master_deck":["Koishi:BasicStrike","Koishi:BasicStrike","Koishi:BasicStrike","Koishi:BasicDefend","Koishi:BasicDefend","Koishi:BasicDefend","Koishi:BasicDefend","Koishi:Provoke","Koishi:HauntingSlash","BlackSwan","Koishi:DreadfulBlow","Mercenary","Koishi:BloodcurdlingScream","Koishi:EmbersOfLove","OldLady","Koishi:Catatonia+1"],"relics":["Koishi:ImaginaryFriend","CogitoBucket","LetterFromLob"],"acts_visited":["Exordium"],"potions_floor_usage":[],"damage_taken":[{"damage":0,"enemies":"2 Louse","floor":1,"turns":4},{"damage":0,"enemies":"Cultist","floor":3,"turns":3},{"damage":5,"enemies":"Small Slimes","floor":4,"turns":5},{"damage":17,"enemies":"2 Fungi Beasts","floor":5,"turns":4},{"damage":43,"enemies":"3 Sentries","floor":7,"turns":6}],"seed_played":"6890182452749090404","potions_obtained":[{"floor":1,"key":"GamblersBrew"},{"floor":3,"key":"Block Potion"},{"floor":4,"key":"sneckomod:MuddlingPotion"}],"is_trial":false,"path_per_floor":["M","?","M","M","M","R","E"],"character_chosen":"KOISHI","items_purchased":[],"campfire_rested":0,"item_purchase_floors":[],"current_hp_per_floor":[60,60,60,57,42,42,0,0],"gold":162,"neow_bonus":"","is_daily":false,"chose_seed":false,"campfire_upgraded":1,"win_rate":0.0,"timestamp":1607899130,"path_taken":["M","?","M","M","M","R","E"],"items_purchased_type":[],"build_version":"2020-11-30","purchased_purges":0,"victory":false,"max_hp_per_floor":[60,60,60,60,60,60,60,60],"card_choices":[{"not_picked":["GalaxyChild","VoidDream"],"picked":"BlackSwan","floor":1},{"not_picked":["Koishi:StrangeCloudFist","Koishi:RacingHeart"],"picked":"Koishi:DreadfulBlow","floor":1},{"not_picked":["VoidDream","Bloodbath"],"picked":"Mercenary","floor":3},{"not_picked":["Koishi:IdleWhim","Koishi:HeartfeltFancy"],"picked":"Koishi:BloodcurdlingScream","floor":3},{"not_picked":["Koishi:SubconsciousSweep","Koishi:ReflexRadar"],"picked":"Koishi:EmbersOfLove","floor":4},{"not_picked":["PunishingBird","FairyFestival"],"picked":"OldLady","floor":5},{"not_picked":["Koishi:EmbryosDream","Koishi:UnansweredLove"],"picked":"Koishi:Catatonia","floor":5}],"player_experience":103230,"relics_obtained":[{"floor":1,"key":"LetterFromLob"}],"event_choices":[{"cards_removed":["Koishi:BasicStrike"],"damage_healed":0,"gold_gain":0,"player_choice":"Offered Basic","damage_taken":0,"max_hp_gain":0,"max_hp_loss":0,"event_name":"Bonfire Elementals","floor":2,"gold_loss":0}],"is_beta":false,"boss_relics":[],"items_purged_floors":[],"is_endless":false,"potions_floor_spawned":[1,3,4],"killed_by":"3 Sentries","ascension_level":0}}