{"host":"q9718omregw4er46","time":1607885119,"event":{"mods":["BaseMod","Bestiary","Colored Powertips","Custom Start","Highlight Path","Minty Spire (QoL Compilation)","Practice Mode","Quick Restart","Relic Stats"],"gold_per_floor":[119,0,150,170,170,198,215,240,240,258,83,83,93,121,121,121,121],"floor_reached":16,"playtime":403,"items_purged":["Strike_B","Doubt"],"score":283,"play_id":"3208b07c-923e-4f01-96e1-94fa2f95a588","local_time":"20201213234519","is_ascension_mode":true,"campfire_choices":[{"data":"Defragment","floor":12,"key":"SMITH"},{"data":"Defragment","floor":15,"key":"SMITH"}],"circlet_count":0,"master_deck":["AscendersBane","Strike_B","Strike_B","Strike_B","Defend_B","Defend_B","Defend_B","Defend_B","Zap","Dualcast","Loop","Cold Snap","Defragment+1","Genetic Algorithm","Defragment+1","Core Surge","Compile Driver"],"relics":["Cracked Core","NeowsBlessing","Sundial","Eternal Feather","Oddly Smooth Stone","Question Card","Peace Pipe"],"acts_visited":["Exordium"],"potions_floor_usage":[8,8,16],"damage_taken":[{"damage":0,"enemies":"Small Slimes","floor":1,"turns":1},{"damage":0,"enemies":"Cultist","floor":4,"turns":1},{"damage":0,"enemies":"Lagavulin","floor":6,"turns":1},{"damage":9,"enemies":"Jaw Worm","floor":7,"turns":4},{"damage":8,"enemies":"Gremlin Nob","floor":8,"turns":3},{"damage":2,"enemies":"3 Louse","floor":10,"turns":5},{"damage":26,"enemies":"Exordium Thugs","floor":13,"turns":4},{"damage":17,"enemies":"Lagavulin","floor":14,"turns":6},{"damage":20,"enemies":"The Guardian","floor":16,"turns":10}],"seed_played":"2626094748218027366","potions_obtained":[{"floor":1,"key":"GamblersBrew"},{"floor":7,"key":"EntropicBrew"},{"floor":8,"key":"DuplicationPotion"}],"is_trial":false,"path_per_floor":["M","$","?","M","?","E","M","E","T","M","$","R","M","E","R","B"],"character_chosen":"DEFECT","items_purchased":["Loop","Defragment"],"campfire_rested":0,"item_purchase_floors":[2,11],"current_hp_per_floor":[64,64,64,64,64,64,55,47,47,45,45,54,28,11,20,0,0],"gold":121,"neow_bonus":"THREE_ENEMY_KILL","is_daily":false,"chose_seed":false,"campfire_upgraded":2,"win_rate":0.0,"timestamp":1607885119,"path_taken":["M","$","?","M","?","E","M","E","T","M","$","R","?","E","R","BOSS"],"items_purchased_type":["Card","Card"],"build_version":"2020-11-30","purchased_purges":2,"victory":false,"max_hp_per_floor":[71,71,71,71,71,71,71,71,71,71,71,71,71,71,71,71,71],"relic_stats":{"Peace Pipe":0,"counters":[9,35],"Sundial":[8],"Eternal Feather":18,"Question Card":3,"obtain_stats":[{"Peace Pipe":14,"NeowsBlessing":0,"Sundial":5,"Oddly Smooth Stone":8,"Eternal Feather":6,"Cracked Core":0,"Question Card":9},{"Peace Pipe":8,"NeowsBlessing":0,"Sundial":2,"Oddly Smooth Stone":5,"Eternal Feather":3,"Cracked Core":0,"Question Card":5},{"Peace Pipe":25,"NeowsBlessing":0,"Sundial":2,"Oddly Smooth Stone":10,"Eternal Feather":3,"Cracked Core":0,"Question Card":10}]},"card_choices":[{"not_picked":["Fusion","Rebound","Streamline"],"picked":"SKIP","floor":1},{"not_picked":["Hologram","Steam","Beam Cell"],"picked":"SKIP","floor":4},{"not_picked":["Leap","Skim","Steam"],"picked":"SKIP","floor":6},{"not_picked":["Gash","Heatsinks"],"picked":"Cold Snap","floor":7},{"not_picked":["Consume","Hello World"],"picked":"Defragment","floor":8},{"not_picked":["Cold Snap","Stack","Beam Cell"],"picked":"Genetic Algorithm","floor":10},{"not_picked":["Sweeping Beam","Ball Lightning","Heatsinks"],"picked":"Core Surge","floor":13},{"not_picked":["Sweeping Beam","Rebound","Rip and Tear"],"picked":"Compile Driver","floor":14}],"player_experience":1004234,"relics_obtained":[{"floor":6,"key":"Eternal Feather"},{"floor":8,"key":"Oddly Smooth Stone"},{"floor":9,"key":"Question Card"},{"floor":14,"key":"Peace Pipe"}],"event_choices":[{"damage_healed":0,"gold_gain":150,"player_choice":"AGREE","damage_taken":0,"max_hp_gain":0,"max_hp_loss":0,"event_name":"Liars Game","floor":3,"gold_loss":0,"cards_obtained":["Doubt"]},{"damage_healed":0,"gold_gain":0,"player_choice":"Gave Potion","damage_taken":0,"relics_obtained":["Sundial"],"max_hp_gain":0,"max_hp_loss":0,"event_name":"WeMeetAgain","floor":5,"gold_loss":0}],"is_beta":false,"boss_relics":[],"items_purged_floors":[2,11],"is_endless":false,"potions_floor_spawned":[1,7,8],"killed_by":"The Guardian","ascension_level":19}}