{"host":"hb4vxw74c1uv2sb0","time":1607852118,"event":{"mods":["AchievementEnabler","AlwaysNeverKeys","Aspiration","BaseMod","Better Altar","Better Match","Better Note","Better Sensory Stone","Better Skull","Better Third Choice","BetterRewards","CCEM","Card Forge","Colored Map","Colored Powertips","Conspire","Defuse TimeMaze Blight","Energized Spire","GifTheSpireLib","Googly Eyes","Highlight Path","Infinite Spire","JesterMod","Jorbs\u0027s Wanderer Trilogy","Luminous","Mad Scientist","Marisa????????","Minty Spire (QoL Compilation)","Permanent Neow","Replay The Spire","Shade Mod","Shop Mod","StSLib","The Cursed","The Death Knight","The Forsaken","The Hierophant","The Judge","The Necromancer","The Senshi","The Servant 0.9.4"],"gold_per_floor":[119,138,66,66,86,86,113,113,113,123,149,160,256,271,371,475,475,491,504,504,70,70,70,85,85,135,153,102,113,113,131,131,227,227,238,253,174,185,202,232,232,232,232],"floor_reached":42,"playtime":5473,"items_purged":[],"score":454,"play_id":"61301ae8-37d8-413b-a978-4494c5ca669d","local_time":"20201213013518","is_ascension_mode":true,"campfire_choices":[{"data":"Replay:Battleflow","floor":6.0,"key":"SMITH"},{"data":"Evaluate","floor":8.0,"key":"SMITH"},{"data":"Strike_P","floor":25,"key":"PURGE"},{"floor":32,"key":"REST"},{"floor":41,"key":"REST"}],"circlet_count":0,"master_deck":["Defend_P","Defend_P","Vigilance","Replay:Battleflow+1","Prostrate+1","Replay:DivineShield","JustLucky","Evaluate+1","EmptyBody","Brilliance","ConjureBlade+1","BattleHymn","Wireheading+1","MasterReality","Study","Discovery+1","Pray","Wireheading+1","Replay:Vibes+1","Nirvana+1","Nirvana+1","Prostrate+1","Judgement","ClearTheMind+1","Replay:ManipulateFuture+1","EmptyFist+1","Nirvana+1","Replay:ManipulateFuture","Parasite","Devotion+1","ReachHeaven+1"],"relics":["PureWater","Hammer of Thor","Seething Fire","Anvil of the Gods","NeowsBlessing","ReplayTheSpireMod:Ninjato","infinitespire:Broken Mirror","Replay:Multitool","Odd Mushroom","Velvet Choker","Prayer Wheel","Bloody Idol","PreservedInsect","SlaversCollar","Bottled Lightning"],"acts_visited":["Exordium","TheCity","TheBeyond"],"potions_floor_usage":[19,33,35],"damage_taken":[{"damage":0.0,"enemies":"Small Slimes","floor":1.0,"turns":1.0},{"damage":2.0,"enemies":"conspire:RoseBush","floor":2.0,"turns":1.0},{"damage":0.0,"enemies":"2 Louse","floor":5.0,"turns":2.0},{"damage":6.0,"enemies":"Replay:BlueRogue","floor":7.0,"turns":11.0},{"damage":0.0,"enemies":"Blue Slaver","floor":10.0,"turns":3.0},{"damage":0.0,"enemies":"The Mushroom Lair","floor":11.0,"turns":4.0},{"damage":0.0,"enemies":"conspire:2 RoseBushes","floor":12.0,"turns":8.0},{"damage":0.0,"enemies":"Exordium Wildlife","floor":14.0,"turns":3.0},{"damage":34.0,"enemies":"Slime Boss","floor":16.0,"turns":12.0},{"damage":1.0,"enemies":"Chosen","floor":18.0,"turns":6.0},{"damage":13,"enemies":"3 Byrds","floor":19,"turns":6},{"damage":37,"enemies":"Cultist and Chosen","floor":24,"turns":8},{"damage":27,"enemies":"Centurion and Healer","floor":27,"turns":6},{"damage":15,"enemies":"Snake Plant","floor":29,"turns":4},{"damage":33,"enemies":"Cultist and Chosen","floor":31,"turns":7},{"damage":44,"enemies":"Collector","floor":33,"turns":11},{"damage":29,"enemies":"3 Darklings","floor":35,"turns":8},{"damage":20,"enemies":"Orb Walker","floor":36,"turns":7},{"damage":39,"enemies":"Spire Growth","floor":38,"turns":7},{"damage":9,"enemies":"Writhing Mass","floor":39,"turns":6},{"damage":9,"enemies":"Giant Head","floor":40,"turns":8},{"damage":82,"enemies":"Transient","floor":42,"turns":5}],"seed_played":"-5860195836182362604","potions_obtained":[{"floor":2.0,"key":"Reflective Coating"},{"floor":11.0,"key":"Strength Potion"},{"floor":12.0,"key":"Block Potion"},{"floor":18.0,"key":"Dexterity Potion"},{"floor":27,"key":"BottledMiracle"},{"floor":33,"key":"DuplicationPotion"},{"floor":38,"key":"BlessingOfTheForge"},{"floor":40,"key":"CultistPotion"}],"is_trial":false,"path_per_floor":["M","M","$","?","M","R","E","R","T","M","?","M","R","M","R","B",null,"M","M","?","$","?","R","M","R","T","M","$","M","?","M","R","B",null,"M","M","$","M","M","E","R","M"],"character_chosen":"WATCHER","items_purchased":["Replay:DivineShield","Study","Prayer Wheel","Discovery","Replay:Vibes+1","Nirvana"],"campfire_rested":2,"item_purchase_floors":[3,21,21,21,28,37],"current_hp_per_floor":[72,70,70,67,67,67,61,61,61,61,61,61,61,61,61,27,72,71,58,58,58,22,43,11,11,16,50,50,40,40,12,33,33,72,48,33,33,58,54,50,71,0,0],"gold":232,"neow_bonus":"THREE_ENEMY_KILL","is_daily":false,"chose_seed":false,"campfire_upgraded":2,"win_rate":0.0,"timestamp":1607852118,"path_taken":["M","M","$","?","M","R","E","R","T","M","?","M","R","M","R","BOSS","M","M","?","$","?","R","M","R","T","M","?","M","?","M","R","BOSS","M","M","$","M","M","E","R","M"],"items_purchased_type":["Card","Card","Relic","Card","Card","Card"],"build_version":"2020-11-30","purchased_purges":0,"victory":false,"max_hp_per_floor":[72,72,72,72,72,72,72,72,72,72,72,72,72,72,72,72,72,72,72,72,72,72,72,72,72,72,72,72,72,72,72,72,72,72,72,72,72,72,72,72,72,72,72],"card_choices":[{"not_picked":["FlurryOfBlows","Perseverance"],"picked":"Replay:Battleflow","floor":1.0},{"not_picked":["JustLucky","Replay:BluntJabs"],"picked":"Prostrate","floor":2.0},{"not_picked":["EmptyFist","Replay:DivineShield"],"picked":"JustLucky","floor":5.0},{"not_picked":["Wish","Replay:BluntJabs"],"picked":"Evaluate","floor":7.0},{"not_picked":["Conclude","Halt"],"picked":"EmptyBody","floor":10.0},{"not_picked":["BowlingBash","Crescendo"],"picked":"Brilliance","floor":12.0},{"not_picked":["ClearTheMind","Conclude","EmptyFist"],"picked":"SKIP","floor":14.0},{"not_picked":["Blasphemy","Vault"],"picked":"ConjureBlade","floor":16.0},{"not_picked":["EmptyBody","ThirdEye"],"picked":"BattleHymn","floor":18.0},{"not_picked":["FlyingSleeves+1","Nirvana"],"picked":"Wireheading","floor":19},{"not_picked":["EmptyFist+1","JustLucky"],"picked":"Pray","floor":24},{"not_picked":["BowlingBash","JustLucky","ClearTheMind"],"picked":"SKIP","floor":24},{"not_picked":["Halt","PathToVictory"],"picked":"Wireheading","floor":27},{"not_picked":["EmptyBody","SashWhip","CutThroughFate"],"picked":"SKIP","floor":27},{"not_picked":["Replay:Anticipation+1","Replay:Battleflow"],"picked":"Nirvana","floor":29},{"not_picked":["ClearTheMind","SashWhip"],"picked":"Nirvana+1","floor":29},{"not_picked":["MentalFortress","BattleHymn"],"picked":"Prostrate","floor":31},{"not_picked":["EmptyBody","LikeWater","Indignation"],"picked":"SKIP","floor":31},{"not_picked":["Blasphemy","Scrawl"],"picked":"Judgement","floor":33},{"not_picked":["Replay:ManipulateFuture","WaveOfTheHand"],"picked":"ClearTheMind+1","floor":35},{"not_picked":["Tantrum","Crescendo+1"],"picked":"Replay:ManipulateFuture+1","floor":35},{"not_picked":["SashWhip","Replay:AtTheReady"],"picked":"EmptyFist+1","floor":36},{"not_picked":["EmptyBody","BowlingBash","Crescendo+1"],"picked":"SKIP","floor":36},{"not_picked":["SashWhip+1","BowlingBash"],"picked":"Replay:ManipulateFuture","floor":38},{"not_picked":["Replay:ManipulateFuture","Replay:Hum","FollowUp"],"picked":"SKIP","floor":38},{"not_picked":["ClearTheMind+1","PathToVictory"],"picked":"Devotion","floor":39},{"not_picked":["FlurryOfBlows","Replay:DivineShield"],"picked":"ReachHeaven+1","floor":39},{"not_picked":["EmptyBody","Crescendo+1","FollowUp"],"picked":"SKIP","floor":40}],"player_experience":635076,"relics_obtained":[{"floor":7.0,"key":"infinitespire:Broken Mirror"},{"floor":9.0,"key":"Replay:Multitool"},{"floor":11.0,"key":"Odd Mushroom"},{"floor":26,"key":"PreservedInsect"},{"floor":40,"key":"Bottled Lightning"}],"event_choices":[{"damage_healed":0.0,"max_hp_gain":0.0,"max_hp_loss":0.0,"gold_gain":0.0,"event_name":"betterThird:BetterScrap","player_choice":"Relic ","floor":4.0,"gold_loss":0.0,"damage_taken":3.0,"cards_obtained":["Pummel"]},{"damage_healed":0.0,"max_hp_gain":0.0,"max_hp_loss":0.0,"gold_gain":0.0,"event_name":"Mushrooms","player_choice":"Fought Mushrooms","floor":11.0,"gold_loss":0.0,"damage_taken":0.0},{"damage_healed":0,"gold_gain":0,"player_choice":"Take","damage_taken":0,"max_hp_gain":0,"max_hp_loss":0,"event_name":"betterNote:BetterNote","floor":20,"gold_loss":0,"cards_obtained":["MasterReality"]},{"damage_healed":0,"gold_gain":0,"player_choice":" Idol ","damage_taken":36,"relics_obtained":["Bloody Idol"],"max_hp_gain":58,"max_hp_loss":22,"event_name":"betterAltar:BetterAltar","floor":22,"potions_obtained":[],"relics_lost":[],"gold_loss":0}],"is_beta":false,"boss_relics":[{"not_picked":["Fusion Hammer","aspiration:RitualDagger"],"picked":"Velvet Choker"},{"not_picked":["Replay:Wanted Poster","CCEMRelics:GreenEgg"],"picked":"SlaversCollar"}],"items_purged_floors":[],"is_endless":false,"potions_floor_spawned":[2,11,12,18,27,33,38,40],"killed_by":"Transient","ascension_level":1}}