{"host":"es9iqxsx76c74tza","time":1607829091,"event":{"mods":["BaseMod","Colored Map","Colored Powertips","Downfall","Lobotomy","LobotomyExtend","Minty Spire (QoL Compilation)","Quick Restart","Relic Stats","StSLib"],"gold_per_floor":[110,110,110,124,139,139,139,153,153,7,7,23,36,59,59,189,189,203,203,257,257,257],"floor_reached":21,"playtime":461,"items_purged":["Bash"],"score":171,"play_id":"b54bde6d-29c7-4641-87c4-7765b5ca9573","local_time":"20201213111131","is_ascension_mode":false,"campfire_choices":[{"data":"Uppercut","floor":7,"key":"SMITH"},{"data":"Evolve","floor":11,"key":"SMITH"},{"data":"Dark Embrace","floor":15,"key":"SMITH"}],"circlet_count":0,"master_deck":["Strike_R","Strike_R","Strike_R","Strike_R","Defend_R","Defend_R","Defend_R","Defend_R","Evolve+1","Uppercut+1","Dark Embrace+1","Bloodletting","Fire Breathing","Second Wind","Juggernaut","Decay"],"relics":["Burning Blood","NeowsBlessing","LetterFromLob","Golden Idol","Bottled Flame","Cursed Key","Potion Belt"],"acts_visited":["Exordium","TheCity"],"potions_floor_usage":[],"damage_taken":[{"damage":0,"enemies":"Jaw Worm","floor":1,"turns":1},{"damage":0,"enemies":"Cultist","floor":4,"turns":1},{"damage":0,"enemies":"Small Slimes","floor":5,"turns":1},{"damage":0,"enemies":"3 Louse","floor":8,"turns":3},{"damage":14,"enemies":"Blue Slaver","floor":12,"turns":5},{"damage":34,"enemies":"Lots of Slimes","floor":13,"turns":5},{"damage":8,"enemies":"Red Slaver","floor":14,"turns":5},{"damage":29,"enemies":"Slime Boss","floor":16,"turns":6},{"damage":52,"enemies":"3 Byrds","floor":18,"turns":7},{"damage":43,"enemies":"Spheric Guardian","floor":21,"turns":5}],"seed_played":"2486542116390953307","potions_obtained":[{"floor":1,"key":"FearPotion"},{"floor":13,"key":"DistilledChaos"},{"floor":14,"key":"Energy Potion"}],"is_trial":false,"path_per_floor":["M","?","?","M","M","E","R","M","T","$","R","M","M","M","R","B",null,"M","?","T","M"],"character_chosen":"IRONCLAD","items_purchased":["Fire Breathing"],"campfire_rested":0,"item_purchase_floors":[10],"current_hp_per_floor":[80,60,60,66,72,72,72,78,78,78,78,70,42,40,40,17,80,34,34,34,0,0],"gold":257,"neow_bonus":"THREE_ENEMY_KILL","is_daily":false,"chose_seed":false,"campfire_upgraded":3,"win_rate":0.0,"timestamp":1607829091,"path_taken":["M","?","?","M","M","E","R","M","T","$","R","?","M","M","R","BOSS","M","?","?","?"],"items_purchased_type":["Card"],"build_version":"2020-11-30","purchased_purges":1,"victory":false,"max_hp_per_floor":[80,80,80,80,80,80,80,80,80,80,80,80,80,80,80,80,80,80,80,80,80,80],"relic_stats":{"counters":[10,39],"Golden Idol":49,"Cursed Key":1,"obtain_stats":[{"Potion Belt":20,"Bottled Flame":9,"NeowsBlessing":0,"Golden Idol":2,"LetterFromLob":1,"Cursed Key":17,"Burning Blood":0},{"Potion Belt":9,"Bottled Flame":4,"NeowsBlessing":0,"Golden Idol":1,"LetterFromLob":1,"Cursed Key":8,"Burning Blood":0},{"Potion Belt":34,"Bottled Flame":6,"NeowsBlessing":0,"Golden Idol":1,"LetterFromLob":1,"Cursed Key":27,"Burning Blood":0}],"Burning Blood":48},"card_choices":[{"not_picked":["Metallicize","Body Slam"],"picked":"Evolve","floor":1},{"not_picked":["Heavy Blade","Cleave"],"picked":"Uppercut","floor":4},{"not_picked":["Twin Strike","Pommel Strike"],"picked":"Dark Embrace","floor":5},{"not_picked":["Cleave","Wild Strike"],"picked":"Bloodletting","floor":8},{"not_picked":["Headbutt","Iron Wave","Cleave"],"picked":"SKIP","floor":12},{"not_picked":["Clothesline","Headbutt","Warcry"],"picked":"SKIP","floor":13},{"not_picked":["Corruption","Heavy Blade"],"picked":"Second Wind","floor":14},{"not_picked":["Double Tap","Berserk"],"picked":"Juggernaut","floor":16},{"not_picked":["Hemokinesis","Shockwave+1","Combust"],"picked":"SKIP","floor":18}],"player_experience":278538,"relics_obtained":[{"floor":1,"key":"LetterFromLob"},{"floor":9,"key":"Bottled Flame"},{"floor":20,"key":"Potion Belt"}],"event_choices":[{"damage_healed":0,"gold_gain":0,"player_choice":"Take Damage","damage_taken":20,"relics_obtained":["Golden Idol"],"max_hp_gain":0,"max_hp_loss":0,"event_name":"Golden Idol","floor":2,"gold_loss":0},{"cards_removed":["Strike_R"],"damage_healed":0,"gold_gain":0,"player_choice":"Purged","damage_taken":0,"max_hp_gain":0,"max_hp_loss":0,"event_name":"Purifier","floor":3,"gold_loss":0},{"damage_healed":0,"gold_gain":0,"player_choice":"Ignored","damage_taken":0,"max_hp_gain":0,"max_hp_loss":0,"event_name":"Ghosts","floor":19,"gold_loss":0}],"is_beta":false,"boss_relics":[{"not_picked":["Runic Pyramid","Busted Crown"],"picked":"Cursed Key"}],"items_purged_floors":[10],"is_endless":false,"potions_floor_spawned":[1,13,14],"killed_by":"Spheric Guardian","ascension_level":0}}