{"host":"w4b7hmige5bnqipq","time":1607865389,"event":{"mods":["BaseMod","Minty Spire (QoL Compilation)","Rare Cards Sparkle","SuperFastMode","everything is the same but u backflip on backflip","slay the spire mod where everything is the same but ironclad has a cowboy hat"],"gold_per_floor":[114,126,126,138,149,149,182,200,223,248,277,295,326,10,10,83,83,93,93,93,105,67,67,67],"floor_reached":23,"playtime":754,"items_purged":["Strike_R"],"score":431,"play_id":"4b836830-4bf7-4f86-9335-25bc9390fd4f","local_time":"20201213211629","is_ascension_mode":true,"campfire_choices":[{"data":"Wild Strike","floor":6.0,"key":"SMITH"},{"data":"Second Wind","floor":15,"key":"SMITH"}],"circlet_count":0,"master_deck":["AscendersBane","Strike_R","Strike_R","Strike_R","Strike_R","Defend_R","Defend_R","Defend_R","Defend_R","Bash","Second Wind+1","Dark Embrace+1","Wild Strike+1","Twin Strike","Carnage","Headbutt","Metallicize","Power Through","Barricade+1","Berserk+1","Feel No Pain+1","Shrug It Off"],"relics":["Black Blood","Orichalcum","Anchor","PreservedInsect","Potion Belt","Odd Mushroom","Lantern","Membership Card","Frozen Egg 2"],"acts_visited":["Exordium","TheCity"],"potions_floor_usage":[7,10,11,13,23,23,23],"damage_taken":[{"damage":6.0,"enemies":"Jaw Worm","floor":1.0,"turns":3.0},{"damage":0.0,"enemies":"Cultist","floor":2.0,"turns":3.0},{"damage":13.0,"enemies":"Small Slimes","floor":4.0,"turns":5.0},{"damage":34.0,"enemies":"Exordium Thugs","floor":5.0,"turns":6.0},{"damage":10,"enemies":"Gremlin Nob","floor":7,"turns":4},{"damage":12,"enemies":"Exordium Wildlife","floor":8,"turns":4},{"damage":4,"enemies":"3 Sentries","floor":10,"turns":5},{"damage":0,"enemies":"The Mushroom Lair","floor":11,"turns":2},{"damage":6,"enemies":"Looter","floor":12,"turns":3},{"damage":11,"enemies":"Lagavulin","floor":13,"turns":5},{"damage":0,"enemies":"Slime Boss","floor":16,"turns":20},{"damage":51,"enemies":"Spheric Guardian","floor":18,"turns":8},{"damage":13,"enemies":"Chosen","floor":21,"turns":5},{"damage":54,"enemies":"Gremlin Leader","floor":23,"turns":8}],"seed_played":"3832618859829983688","potions_obtained":[{"floor":2.0,"key":"Strength Potion"},{"floor":5.0,"key":"BlessingOfTheForge"},{"floor":7,"key":"Explosive Potion"},{"floor":10,"key":"Explosive Potion"},{"floor":13,"key":"LiquidBronze"},{"floor":16,"key":"EssenceOfSteel"},{"floor":21,"key":"BloodPotion"}],"is_trial":false,"path_per_floor":["M","M","?","M","M","R","E","M","T","E","?","M","E","$","R","B",null,"M","?","?","M","$","E"],"character_chosen":"IRONCLAD","items_purchased":["Membership Card","Frozen Egg 2","Barricade+1"],"campfire_rested":0,"item_purchase_floors":[14,14,14],"current_hp_per_floor":[72,78,78,71,43,43,39,33,33,35,41,41,36,36,36,42,71,32,32,32,31,31,0,0],"gold":67,"neow_bonus":"RANDOM_COMMON_RELIC","is_daily":false,"chose_seed":false,"campfire_upgraded":2,"win_rate":0.0,"timestamp":1607865389,"path_taken":["M","M","?","M","M","R","E","?","T","E","?","M","E","?","R","BOSS","M","?","?","M","?","E"],"items_purchased_type":["Relic","Relic","Card"],"build_version":"2020-11-30","purchased_purges":1,"victory":false,"max_hp_per_floor":[80,80,80,80,80,80,80,80,80,80,80,80,80,80,80,80,80,80,80,80,80,80,80,80],"card_choices":[{"not_picked":["Cleave","Reckless Charge"],"picked":"Second Wind","floor":1.0},{"not_picked":["Rupture","Headbutt"],"picked":"Dark Embrace","floor":2.0},{"not_picked":["Armaments","Body Slam"],"picked":"Wild Strike","floor":4.0},{"not_picked":["Entrench","Rage"],"picked":"Twin Strike","floor":5.0},{"not_picked":["Armaments","Wild Strike"],"picked":"Carnage","floor":7},{"not_picked":["Wild Strike","Warcry","Clash"],"picked":"SKIP","floor":8},{"not_picked":["Warcry","Wild Strike"],"picked":"Headbutt","floor":10},{"not_picked":["Exhume","Feel No Pain"],"picked":"Metallicize","floor":12},{"not_picked":["Thunderclap","Anger"],"picked":"Power Through","floor":13},{"not_picked":["Feed","Limit Break"],"picked":"Berserk+1","floor":16},{"not_picked":["Pommel Strike+1","Entrench"],"picked":"Feel No Pain+1","floor":18},{"not_picked":["Wild Strike","Cleave"],"picked":"Shrug It Off","floor":21}],"player_experience":390117,"relics_obtained":[{"floor":7,"key":"Anchor"},{"floor":9,"key":"PreservedInsect"},{"floor":10,"key":"Potion Belt"},{"floor":11,"key":"Odd Mushroom"},{"floor":13,"key":"Lantern"}],"event_choices":[{"damage_healed":0.0,"max_hp_gain":0.0,"max_hp_loss":0.0,"gold_gain":0.0,"event_name":"Upgrade Shrine","player_choice":"Upgraded","floor":3.0,"gold_loss":0.0,"damage_taken":0.0,"cards_upgraded":["Dark Embrace"]},{"damage_healed":0,"gold_gain":0,"player_choice":"Fought Mushrooms","damage_taken":0,"max_hp_gain":0,"max_hp_loss":0,"event_name":"Mushrooms","floor":11,"gold_loss":0},{"damage_healed":0,"gold_gain":0,"player_choice":"Ignored","damage_taken":0,"max_hp_gain":0,"max_hp_loss":0,"event_name":"Vampires","floor":19,"gold_loss":0},{"damage_healed":0,"gold_gain":0,"player_choice":"Ignored","damage_taken":0,"max_hp_gain":0,"max_hp_loss":0,"event_name":"Ghosts","floor":20,"gold_loss":0}],"is_beta":false,"boss_relics":[{"not_picked":["Fusion Hammer","Sozu"],"picked":"Black Blood"}],"items_purged_floors":[22],"is_endless":false,"potions_floor_spawned":[2,5,7,10,13,16,21],"killed_by":"Gremlin Leader","ascension_level":13}}