{"host":"2s5c6uii15wgtvvf","time":1607896570,"event":{"mods":["Bard","BaseMod","Bestiary","CapriCore","Downfall","Friendly Minions","Hermit","HololiveMod","Jorbs\u0027s Wanderer Trilogy","Lobotomy","LobotomyExtend","Marisa????????","Minty Spire (QoL Compilation)","Remilia??????","Robot Space Explorer","Shade Mod","StSLib","Td1madao Mod","The Animator","The Cursed","The Gatherer","The Hayseed","The Hierophant","The Immortal","The Mystic","The Necromancer","The Runesmith","The Senshi","The Servant 0.9.4","TheHeartMod","WarShipGirlsR/????R mod","Yohane!","??????REMEMod"],"gold_per_floor":[119,136,156,171,190,190,203,203,203,233,247,247,247,247,247],"floor_reached":13,"playtime":924,"items_purged":[],"score":89,"play_id":"fc340107-a4ef-4cd5-bb03-c8098efb1c8f","local_time":"20201213215610","is_ascension_mode":false,"metric_token":2129,"campfire_choices":[{"data":"Gatherer:FlowerShield","floor":6,"key":"SMITH"},{"data":"Gatherer:FlowerShield+1","floor":8,"key":"SMITH"}],"circlet_count":0,"master_deck":["Gatherer:Strike_Gatherer","Gatherer:Strike_Gatherer","Gatherer:Strike_Gatherer","Gatherer:Strike_Gatherer","Gatherer:Defend_Gatherer","Gatherer:Defend_Gatherer","Gatherer:Defend_Gatherer","Gatherer:Defend_Gatherer","Gatherer:Centralize","Gatherer:FlowerWhip","Gatherer:Misfortune","Gatherer:TacticalStrike","OldLady","Gatherer:LuckyClover","Gatherer:RecipeChange","DespairKnight","Gatherer:FlowerShield+2","Gatherer:RecoveryHerb","Gatherer:FlowerFalling","BeautyBeast"],"relics":["Gatherer:AlchemyBag","REME_ComplimentaryCards","CogitoBucket","LetterFromLob","SkinProphecy","Letter Opener","Strawberry"],"acts_visited":["Exordium"],"potions_floor_usage":[10,10,10],"damage_taken":[{"damage":0,"enemies":"Cultist","floor":1,"turns":3},{"damage":2,"enemies":"Small Slimes","floor":2,"turns":3},{"damage":1,"enemies":"2 Louse","floor":3,"turns":3},{"damage":3,"enemies":"Exordium Wildlife","floor":4,"turns":4},{"damage":6,"enemies":"Exordium Thugs","floor":5,"turns":6},{"damage":8,"enemies":"Lots of Slimes","floor":7,"turns":6},{"damage":41,"enemies":"Lagavulin","floor":10,"turns":19},{"damage":4,"enemies":"3 Louse","floor":11,"turns":5},{"damage":24,"enemies":"Gremlin Nob","floor":13,"turns":3}],"seed_played":"-3521911515776852261","potions_obtained":[{"floor":1,"key":"hexamod:EctoCoolerPotion"},{"floor":2,"key":"Regen Potion"},{"floor":7,"key":"LiquidMemories"},{"floor":11,"key":"SmokeBomb"}],"is_trial":false,"path_per_floor":["M","M","M","M","M","R","M","R","T","E","M","?","E"],"character_chosen":"THE_GATHERER","items_purchased":[],"campfire_rested":0,"item_purchase_floors":[],"current_hp_per_floor":[72,70,69,66,60,60,52,52,52,29,28,28,0,0,0],"gold":247,"neow_bonus":"","is_daily":false,"chose_seed":false,"campfire_upgraded":2,"win_rate":0.0,"timestamp":1607896570,"path_taken":["M","M","M","M","M","R","M","R","T","E","M","?","E"],"items_purchased_type":[],"build_version":"2020-11-30","purchased_purges":0,"victory":false,"max_hp_per_floor":[72,72,72,72,72,72,72,72,72,81,83,83,85,85,85],"card_choices":[{"not_picked":["Gatherer:AromaProtection","Gatherer:VenomBarrier"],"picked":"Gatherer:Misfortune","floor":1},{"not_picked":["Gatherer:Nutrients","Gatherer:SealedBomb"],"picked":"Gatherer:TacticalStrike","floor":2},{"not_picked":["FairyFestival","Variant"],"picked":"OldLady","floor":2},{"not_picked":["Gatherer:TacticalStrike","Gatherer:SaveValuables"],"picked":"Gatherer:LuckyClover","floor":3},{"not_picked":["Gatherer:AlchemyTrial","Gatherer:FragileHammer"],"picked":"Gatherer:RecipeChange","floor":4},{"not_picked":["WhitesApple","BeautyBeast"],"picked":"DespairKnight","floor":4},{"not_picked":["Gatherer:CarefulStrike","Gatherer:EchoOfNature"],"picked":"Gatherer:FlowerShield","floor":5},{"not_picked":["Gatherer:StoneFence","Gatherer:TreeGrowth","Gatherer:FragileHammer"],"picked":"SKIP","floor":7},{"not_picked":["Gatherer:StoneFence","Gatherer:TreeGrowth","Gatherer:FragileHammer"],"picked":"SKIP","floor":7},{"not_picked":["Gatherer:BigPouch","Gatherer:BambuSword"],"picked":"Gatherer:RecoveryHerb","floor":10},{"not_picked":["Gatherer:Frenzy","Gatherer:BigPouch"],"picked":"Gatherer:FlowerFalling","floor":11},{"not_picked":["VoidDream","CherryBlossoms"],"picked":"BeautyBeast","floor":11}],"player_experience":101952,"relics_obtained":[{"floor":1,"key":"LetterFromLob"},{"floor":9,"key":"Letter Opener"},{"floor":10,"key":"Strawberry"}],"event_choices":[{"damage_healed":0,"gold_gain":0,"player_choice":"Ignored","damage_taken":0,"max_hp_gain":0,"max_hp_loss":0,"event_name":"Liars Game","floor":12,"gold_loss":0}],"is_beta":false,"boss_relics":[],"items_purged_floors":[],"is_endless":false,"potions_floor_spawned":[1,2,7,11],"killed_by":"Gremlin Nob","ascension_level":0}}