{"host":"y76clbnovzmw9ubx","time":1607820837,"event":{"mods":["AchievementEnabler","BaseMod","Minty Spire (QoL Compilation)","Permanent Neow","Relic Stats"],"gold_per_floor":[116,131,151,162,181,209,221,233,233],"floor_reached":8,"playtime":475,"items_purged":[],"score":120,"play_id":"b60c9c48-0e83-4cab-8944-173057e6038c","local_time":"20201212195357","is_ascension_mode":true,"campfire_choices":[{"floor":7,"key":"REST"}],"circlet_count":0,"master_deck":["AscendersBane","Strike_R","Strike_R","Strike_R","Strike_R","Defend_R","Defend_R","Defend_R","Defend_R","Bash","Exhume","Pommel Strike","Feel No Pain","Dark Embrace","Evolve","Spot Weakness","Whirlwind"],"relics":["Burning Blood","MawBank"],"acts_visited":["Exordium"],"potions_floor_usage":[4,6,8],"damage_taken":[{"damage":3,"enemies":"2 Louse","floor":1,"turns":3},{"damage":6,"enemies":"Cultist","floor":2,"turns":3},{"damage":4,"enemies":"Small Slimes","floor":3,"turns":3},{"damage":18,"enemies":"Red Slaver","floor":4,"turns":6},{"damage":16,"enemies":"Looter","floor":5,"turns":5},{"damage":41,"enemies":"Gremlin Nob","floor":6,"turns":6},{"damage":47,"enemies":"Lagavulin","floor":8,"turns":8}],"seed_played":"-6803980231277821758","potions_obtained":[{"floor":1,"key":"Weak Potion"},{"floor":2,"key":"Block Potion"},{"floor":6,"key":"CultistPotion"}],"is_trial":false,"path_per_floor":["M","M","M","M","M","E","R","E"],"character_chosen":"IRONCLAD","items_purchased":[],"campfire_rested":1,"item_purchase_floors":[],"current_hp_per_floor":[71,71,73,61,51,16,38,0,0],"gold":233,"neow_bonus":"TRANSFORM_CARD","is_daily":false,"chose_seed":false,"campfire_upgraded":0,"win_rate":0.0,"timestamp":1607820837,"path_taken":["M","M","M","M","M","E","R","E"],"items_purchased_type":[],"build_version":"2020-11-30","purchased_purges":0,"victory":false,"max_hp_per_floor":[75,75,75,75,75,75,75,75,75],"relic_stats":{"counters":[7,34],"MawBank":24,"obtain_stats":[{"MawBank":6,"Burning Blood":0},{"MawBank":6,"Burning Blood":0},{"MawBank":26,"Burning Blood":0}],"Burning Blood":36},"card_choices":[{"not_picked":["Intimidate","Ghostly Armor"],"picked":"Pommel Strike","floor":1},{"not_picked":["Perfected Strike","Dropkick"],"picked":"Feel No Pain","floor":2},{"not_picked":["Shrug It Off","Spot Weakness"],"picked":"Dark Embrace","floor":3},{"not_picked":["Twin Strike","Headbutt"],"picked":"Evolve","floor":4},{"not_picked":["Dual Wield","Body Slam"],"picked":"Spot Weakness","floor":5},{"not_picked":["Perfected Strike","Impervious"],"picked":"Whirlwind","floor":6}],"player_experience":2834078,"relics_obtained":[{"floor":6,"key":"MawBank"}],"event_choices":[],"is_beta":false,"boss_relics":[],"items_purged_floors":[],"is_endless":false,"potions_floor_spawned":[1,2,6],"killed_by":"Lagavulin","ascension_level":20}}