{"host":"k6qwgpygxbgz06bg","time":1607873269,"event":{"mods":["BaseMod","Beaked The Cultist","Better Third Choice","BetterRewards","Clockwork Mod","Colored Map","Downfall","Friendly Minions","Infinite Spire","Marisa????????","Minty Spire (QoL Compilation)","Replay The Spire","StSLib","The Administrix","The Bug Knight","The Cursed","The Gatherer","The Mystic","The Witch"],"gold_per_floor":[99,99,134,134,144,169,221,252,272,122,66,83,83,83,97,200,200,200,220,220,240,240,252,278,278,303,303,315,32,32,32,50,151,151,151,169,184,211,259,259,259,278,278,305,305,319,170,190,207,302,302,302,10,10,10,10,37,37,37,57,57,75,75,75,75,95,190,190,190,208,408,73,88,13,38,70,70,101,111,111,131,131,151,255,255,255,255,255],"floor_reached":87,"playtime":7176,"items_purged":["Guardian:Strike_Guardian","Guardian:Strike_Guardian","Guardian:Defend_Guardian","Guardian:Defend_Guardian","Guardian:Defend_Guardian"],"score":1401,"play_id":"70f04ae7-56a5-4eb9-9b1d-0b1608c3bc81","local_time":"20201213162749","is_ascension_mode":false,"campfire_choices":[{"data":"Guardian:TwinSlam","floor":1,"key":"SMITH"},{"data":"Guardian:PrismaticBarrier","floor":10,"key":"SMITH"},{"data":"ReplayTheSpireMod:Book of Names","floor":18,"key":"SMITH"},{"data":"Guardian:StasisField","floor":20,"key":"SMITH"},{"data":"Guardian:BaubleBeam","floor":25,"key":"SMITH"},{"data":"Guardian:ShieldCharger","floor":27,"key":"SMITH"},{"data":"infinitespire:Collect","floor":35,"key":"SMITH"},{"floor":43,"key":"REST"},{"data":"Guardian:AncientConstruct","floor":52,"key":"SMITH"},{"data":"Guardian:AncientConstruct","floor":55,"key":"SMITH"},{"data":"infinitespire:UltimateForm","floor":61,"key":"SMITH"},{"floor":69,"key":"RECALL"},{"data":"Guardian:SpikerProtocol","floor":74,"key":"SMITH"},{"data":"infinitespire:TheBestDefense","floor":77,"key":"SMITH"},{"data":"Guardian:RevengeProtocol","floor":86,"key":"SMITH"}],"circlet_count":0,"master_deck":["Guardian:CurlUp","Guardian:TwinSlam+1","Guardian:BaubleBeam+1","Guardian:PrismaticBarrier+1","Guardian:DonusPower+1","Guardian:StasisField+1","Guardian:EvasiveProtocol+1","Guardian:Reroute","ReplayTheSpireMod:Book of Names+1","Guardian:ShieldCharger+1","Guardian:RevengeProtocol+1","Guardian:Repulse","Guardian:Planning+1","Guardian:FloatingOrbs+1","infinitespire:Collect+1","Slimebound:Tackle+1","Slimebound:Tackle+1","Slimebound:Tackle+1","Guardian:StasisField","Guardian:TemporalShield+1","Guardian:SpikerProtocol+1","Guardian:ConstructionForm","Guardian:PiercingHide+1","Guardian:Emergency+1","Guardian:WalkerClaw+1","Guardian:ArmoredProtocol+1","Guardian:PrismaticBeam+1","Guardian:Recover+1","Guardian:AncientConstruct+1","Guardian:TimeCapacitor+1","infinitespire:UltimateForm+1","Guardian:SpikerProtocol+1","Guardian:HyperBeam_Guardian","infinitespire:TheBestDefense+1","Guardian:AncientConstruct","Guardian:EvasiveProtocol+1","Guardian:EvasiveProtocol+1","Guardian:Repulse","Slimebound:SplitMire","Guardian:SpikerProtocol","infinitespire:SealOfDarkness+","infinitespire:UltimateForm","Guardian:SphericShield"],"relics":["Guardian:ModeShifterPlus","downfall:HeartsMalice","HollowMod:LifeEnderRelic","Pen Nib","downfall:HeartBlessingGreen","downfall:HeartBlessingBlue","SlaversCollar","Replay:Baseball","HollowMod:StagPassRelic","Omamori","Akabeko","ChewingGum","Nunchaku","CatCart","StoneCalendar","Juzu Bracelet","Replay:Bottled Eggs","Coffee Dripper","Bottled Tornado","Garlic","Incense Burner","Honey Jar","Pocketwatch","infinitespire:PuzzleCube","downfall:HeartBlessingRed","Ring of Chaos"],"acts_visited":["Exordium","TheCity","TheBeyond","Exordium","TheCity","TheBeyond"],"potions_floor_usage":[8,33,39,39,44,50,67,67,67,76],"damage_taken":[{"damage":0,"enemies":"Cultist","floor":2,"turns":1},{"damage":0,"enemies":"3 Sentries","floor":3,"turns":1},{"damage":0,"enemies":"2 Louse","floor":4,"turns":1},{"damage":1,"enemies":"Jaw Worm","floor":5,"turns":5},{"damage":34,"enemies":"Lagavulin","floor":8,"turns":6},{"damage":12,"enemies":"Blue Slaver","floor":9,"turns":3},{"damage":2,"enemies":"downfall:FleeingMerchant","floor":11,"turns":4},{"damage":0,"enemies":"Large Slime","floor":12,"turns":6},{"damage":0,"enemies":"2 Fungi Beasts","floor":15,"turns":3},{"damage":0,"enemies":"downfall:Watcher","floor":16,"turns":6},{"damage":6,"enemies":"Chosen","floor":19,"turns":4},{"damage":10,"enemies":"3 Byrds","floor":21,"turns":4},{"damage":0,"enemies":"Centurion and Healer","floor":23,"turns":5},{"damage":6,"enemies":"Nightmare","floor":26,"turns":7},{"damage":23,"enemies":"Snake Plant","floor":28,"turns":4},{"damage":0,"enemies":"downfall:FleeingMerchant","floor":29,"turns":4},{"damage":11,"enemies":"Snecko","floor":32,"turns":5},{"damage":16,"enemies":"downfall:Ironclad","floor":33,"turns":6},{"damage":13,"enemies":"3 Darklings","floor":36,"turns":5},{"damage":11,"enemies":"3 Shapes","floor":37,"turns":4},{"damage":52,"enemies":"Nightmare","floor":38,"turns":7},{"damage":0,"enemies":"Orin","floor":39,"turns":6},{"damage":0,"enemies":"Jaw Worm Horde","floor":42,"turns":2},{"damage":0,"enemies":"Reptomancer","floor":44,"turns":4},{"damage":1,"enemies":"Writhing Mass","floor":46,"turns":5},{"damage":0,"enemies":"downfall:FleeingMerchant","floor":47,"turns":4},{"damage":0,"enemies":"Sphere and 2 Shapes","floor":48,"turns":5},{"damage":2,"enemies":"Transient","floor":49,"turns":5},{"damage":13,"enemies":"downfall:Defect","floor":50,"turns":7},{"damage":229,"enemies":"Nightmare_Alpha","floor":57,"turns":10},{"damage":0,"enemies":"2 Louse","floor":60,"turns":2},{"damage":12,"enemies":"Jaw Worm","floor":62,"turns":2},{"damage":11,"enemies":"Small Slimes","floor":66,"turns":2},{"damage":3,"enemies":"The Guardian","floor":67,"turns":5},{"damage":0,"enemies":"3 Byrds","floor":70,"turns":2},{"damage":0,"enemies":"3 Byrds","floor":71,"turns":5},{"damage":0,"enemies":"Spheric Guardian","floor":73,"turns":2},{"damage":45,"enemies":"Slavers","floor":75,"turns":3},{"damage":34,"enemies":"Nightmare_Alpha","floor":76,"turns":8},{"damage":39,"enemies":"Slavers","floor":78,"turns":3},{"damage":0,"enemies":"Cultist and Chosen","floor":79,"turns":5},{"damage":9,"enemies":"Snake Plant","floor":81,"turns":4},{"damage":10,"enemies":"Centurion and Healer","floor":83,"turns":8},{"damage":0,"enemies":"Collector","floor":84,"turns":1},{"damage":130,"enemies":"3 Darklings","floor":87,"turns":4}],"seed_played":"-1015008033228745747","potions_obtained":[{"floor":3,"key":"Energy Potion"},{"floor":5,"key":"AttackPotion"},{"floor":8,"key":"SteroidPotion"},{"floor":12,"key":"Death Potion"},{"floor":15,"key":"BlessingOfTheForge"},{"floor":21,"key":"Ancient Potion"},{"floor":23,"key":"Regen Potion"},{"floor":38,"key":"LiquidBronze"},{"floor":39,"key":"Slimebound:ThreeZeroPotion"},{"floor":44,"key":"BlessingOfTheForge"},{"floor":48,"key":"Strength Potion"},{"floor":50,"key":"SteroidPotion"},{"floor":66,"key":"champ:CounterPotion"},{"floor":70,"key":"Dexterity Potion"},{"floor":79,"key":"FearPotion"},{"floor":83,"key":"Block Potion"},{"floor":84,"key":"Fire Potion"}],"is_trial":false,"path_per_floor":["R","M","E","M","M","T","T","E","M","R","$","M","?","?","M","B",null,"R","M","R","M","?","M","T","R","NM","R","M","$","AVR","?","M","B",null,"R","M","M","NM","?","?","T","M","R","E","?","M","$","M","M","B",null,"R","$","?","R","?","NM","T","?","M","R","M","AVR","$","?","M","B",null,"R_BF","M","?","$","M","R","E","NM","R","E","M","?","M","AVR","M","B",null,"R","M"],"character_chosen":"GUARDIAN","items_purchased":["Guardian:EvasiveProtocol+1","Guardian:FloatingOrbs","Guardian:Gem_Red","Omamori","Guardian:ArmoredProtocol","Guardian:Gem_White","Replay:Bottled Eggs","Guardian:TimeCapacitor+1","Bottled Tornado","infinitespire:PuzzleCube","Guardian:EvasiveProtocol"],"campfire_rested":1,"item_purchase_floors":[11,29,29,29,47,47,47,53,53,72,72],"current_hp_per_floor":[80,80,80,80,79,79,79,45,33,43,41,41,41,20,20,20,90,90,84,84,74,74,74,74,74,68,68,45,45,45,45,34,27,90,90,77,66,14,14,14,14,14,41,41,79,78,78,78,76,63,79,79,79,79,79,79,79,79,79,79,79,67,67,67,67,56,53,79,79,79,79,79,79,79,34,76,76,37,37,37,28,28,22,22,79,79,0,0],"gold":255,"neow_bonus":"THREE_ENEMY_KILL","is_daily":false,"chose_seed":false,"campfire_upgraded":13,"win_rate":0.0,"timestamp":1607873269,"path_taken":["R","M","E","?","M","?","T","E","M","R","$","M","?","?","M","BOSS","R","M","R","M","?","M","T","R","NM","R","M","$","AVR","?","M","BOSS","R","M","M","NM","?","?","T","M","R","E","?","M","$","M","M","BOSS","R","$","?","R","?","NM","T","?","M","R","M","AVR","?","?","M","BOSS","R_BF","M","?","$","M","R","E","NM","R","E","M","?","M","AVR","M","BOSS","R","M"],"items_purchased_type":["Card","Card","Card","Relic","Card","Card","Relic","Card","Relic","Relic","Card"],"build_version":"2020-11-30","purchased_purges":5,"victory":false,"max_hp_per_floor":[80,80,80,80,80,80,80,80,80,90,90,90,90,90,90,90,90,90,90,90,90,90,90,90,90,90,90,90,90,90,90,90,90,90,90,90,90,90,90,90,90,90,90,90,79,79,79,79,79,79,79,79,79,79,79,79,79,79,79,79,79,79,79,79,79,79,79,79,79,79,79,79,79,79,79,79,79,79,79,79,79,79,79,79,79,79,79,79],"card_choices":[{"not_picked":["Guardian:RefractedBeam","Guardian:CrystalBeam"],"picked":"Guardian:Gem_Red","floor":2},{"not_picked":["Guardian:Gem_Red","Guardian:MultiBeam"],"picked":"Guardian:BaubleBeam","floor":3},{"not_picked":["Guardian:Planning","Guardian:TimeBomb"],"picked":"Guardian:PrismaticBarrier","floor":4},{"not_picked":["Guardian:Incinerate","Guardian:MultiBeam"],"picked":"Guardian:DonusPower","floor":5},{"not_picked":["Guardian:Repulse","Guardian:PiercingHide"],"picked":"Guardian:Gem_Crimson","floor":8},{"not_picked":["Guardian:BronzeArmor","Guardian:Suspension"],"picked":"Guardian:Gem_Green","floor":9},{"not_picked":["Guardian:PiercingHide","Guardian:VentSteam"],"picked":"Guardian:StasisField","floor":11},{"not_picked":["Guardian:PrimingBeam","Guardian:Suspension"],"picked":"Guardian:Reroute","floor":12},{"not_picked":["ReplayTheSpireMod:??????????????????????","infinitespire:Execution"],"picked":"ReplayTheSpireMod:Book of Names","floor":14},{"not_picked":["Guardian:Recover","Guardian:VentSteam"],"picked":"Guardian:ShieldCharger","floor":15},{"not_picked":["Guardian:ConstructionForm","Guardian:SphericShield"],"picked":"Guardian:RevengeProtocol","floor":16},{"not_picked":["Guardian:Suspension","Guardian:GuardianWhirl"],"picked":"Guardian:Repulse","floor":19},{"not_picked":["Guardian:PrimingBeam+1","Guardian:Clone+1"],"picked":"Guardian:Planning+1","floor":21},{"not_picked":["Guardian:Suspension","Guardian:Repulse"],"picked":"Guardian:Gem_Fragmented","floor":23},{"not_picked":["Guardian:Suspension+1","Guardian:Incinerate"],"picked":"Guardian:Gem_Red","floor":26},{"not_picked":["Guardian:DecasProtection","Guardian:MultiBeam+1"],"picked":"Guardian:Gem_Lightblue","floor":28},{"not_picked":["Guardian:PrimingBeam","Guardian:TemporalShield"],"picked":"Guardian:Gem_White","floor":29},{"not_picked":["Guardian:TimeCapacitor","Guardian:ShieldCharger"],"picked":"Guardian:StasisField","floor":32},{"not_picked":["Guardian:StasisField","Guardian:FastForward"],"picked":"Guardian:AncientConstruct","floor":33},{"not_picked":["Guardian:Repulse","Guardian:CrystalBeam+1"],"picked":"Guardian:TemporalShield+1","floor":36},{"not_picked":["Guardian:ShieldCharger+1","Guardian:PiercingHide+1"],"picked":"Guardian:SpikerProtocol+1","floor":37},{"not_picked":["Guardian:TimeBomb+1","Guardian:StasisStrike"],"picked":"Guardian:ConstructionForm","floor":38},{"not_picked":["Guardian:Gem_Green","Guardian:Incinerate"],"picked":"Guardian:PiercingHide+1","floor":39},{"not_picked":["Guardian:Planning+1","Guardian:Reroute+1"],"picked":"Guardian:Gem_Cyan","floor":42},{"not_picked":["Guardian:BaubleBeam","Guardian:Gem_Fragmented"],"picked":"Guardian:Gem_Purple","floor":44},{"not_picked":["Guardian:WalkerClaw+1","Guardian:MultiBeam+1"],"picked":"Guardian:Emergency+1","floor":46},{"not_picked":["Guardian:Planning","Guardian:ShieldCharger"],"picked":"Guardian:WalkerClaw+1","floor":47},{"not_picked":["Guardian:Recover+1","Guardian:PiercingHide+1"],"picked":"Guardian:PrismaticBeam+1","floor":48},{"not_picked":["Guardian:Gem_Lightblue","Guardian:Reroute"],"picked":"Guardian:Recover+1","floor":49},{"not_picked":["Guardian:SphericShield","Guardian:StasisField"],"picked":"Guardian:AncientConstruct","floor":50},{"not_picked":["ReplayTheSpireMod:Echoes of Time","infinitespire:Fortify"],"picked":"infinitespire:UltimateForm","floor":57},{"not_picked":["Guardian:TimeBomb","Guardian:PiercingHide","Guardian:Recover"],"picked":"SKIP","floor":57},{"not_picked":["Guardian:RefractedBeam","Guardian:Suspension","Guardian:TemporalShield"],"picked":"SKIP","floor":60},{"not_picked":["Guardian:MultiBeam","Guardian:PrismaticBeam"],"picked":"Guardian:SpikerProtocol","floor":62},{"not_picked":["Guardian:PrimingBeam","Guardian:Gem_Green","Guardian:CrystalBeam"],"picked":"Guardian:Gem_Cyan","floor":66},{"not_picked":["infinitespire:Collect","ReplayTheSpireMod:Chaos Vortex"],"picked":"infinitespire:TheBestDefense","floor":67},{"not_picked":["Guardian:FastForward","Guardian:BaubleBeam","Guardian:SphericShield"],"picked":"Guardian:AncientConstruct","floor":67},{"not_picked":["Guardian:RefractedBeam","Guardian:PrismaticBarrier","Guardian:TemporalShield"],"picked":"Guardian:Gem_Cyan","floor":70},{"not_picked":["Guardian:TemporalShield","Guardian:Incinerate","Guardian:BronzeOrb"],"picked":"Guardian:Gem_Lightblue","floor":73},{"not_picked":["Guardian:ConstructionForm","Guardian:DecasProtection+1","Guardian:Gem_Fragmented"],"picked":"Guardian:Gem_Blue","floor":75},{"not_picked":["Guardian:Harden+1","Guardian:Planning+1","Guardian:Suspension+1","Guardian:Recover+1"],"picked":"SKIP","floor":76},{"not_picked":["Guardian:RefractedBeam+1","Guardian:GuardianWhirl","Guardian:WalkerClaw"],"picked":"Guardian:Repulse","floor":78},{"not_picked":["Guardian:PiercingHide","Guardian:VentSteam","Guardian:CrystalBeam+1","Guardian:RefractedBeam"],"picked":"SKIP","floor":79},{"not_picked":["Guardian:BaubleBeam","Guardian:TemporalShield","Guardian:Planning"],"picked":"Guardian:SpikerProtocol","floor":81},{"not_picked":["Guardian:ChargeCore","Guardian:RollAttack","Guardian:GuardianWhirl","Guardian:CrystalBeam"],"picked":"SKIP","floor":83},{"not_picked":["Guardian:AncientConstruct","Guardian:RevengeProtocol","Guardian:HyperBeam_Guardian"],"picked":"Guardian:SphericShield","floor":84}],"player_experience":185508,"relics_obtained":[{"floor":3,"key":"HollowMod:LifeEnderRelic"},{"floor":7,"key":"Blue Doll"},{"floor":8,"key":"Pen Nib"},{"floor":24,"key":"Replay:Baseball"},{"floor":26,"key":"HollowMod:StagPassRelic"},{"floor":38,"key":"Nunchaku"},{"floor":39,"key":"CatCart"},{"floor":41,"key":"StoneCalendar"},{"floor":44,"key":"Juzu Bracelet"},{"floor":58,"key":"Garlic"},{"floor":59,"key":"Incense Burner"}],"event_choices":[{"cards_removed":["Guardian:Strike_Guardian"],"damage_healed":0,"gold_gain":0,"player_choice":"Card Removal","damage_taken":0,"max_hp_gain":0,"max_hp_loss":0,"event_name":"The Cleric","floor":13,"gold_loss":0},{"damage_healed":0,"gold_gain":0,"player_choice":"Fight","damage_taken":0,"max_hp_gain":0,"max_hp_loss":0,"event_name":"OrinTheCat","floor":39,"gold_loss":0},{"cards_removed":["Guardian:Defend_Guardian"],"damage_healed":0,"gold_gain":0,"player_choice":"Card Removal","damage_taken":0,"max_hp_gain":0,"max_hp_loss":0,"event_name":"The Cleric","floor":56,"gold_loss":0},{"cards_removed":["Guardian:AncientConstruct"],"damage_healed":0,"gold_gain":0,"player_choice":"Took Card","damage_taken":0,"max_hp_gain":0,"max_hp_loss":0,"event_name":"NoteForYourself","floor":80,"gold_loss":0,"cards_obtained":["Slimebound:SplitMire"]}],"is_beta":false,"boss_relics":[{"not_picked":["Runic Pyramid","Philosopher\u0027s Stone"],"picked":"SlaversCollar"},{"not_picked":["Honey Jar","Fusion Hammer"],"picked":"ChewingGum"},{"not_picked":["Replay:Grab Bag","Ring of Chaos"],"picked":"Coffee Dripper"},{"not_picked":["Kintsugi","beaked:MawFillet"],"picked":"Guardian:ModeShifterPlus"},{"not_picked":["Painkiller Herb","ReplayTheSpireMod:DimensionalGlitch"],"picked":"Ring of Chaos"}],"items_purged_floors":[29,30,47,63,72],"is_endless":true,"potions_floor_spawned":[3,5,8,12,15,21,23,32,38,39,44,48,49,50,66,70,71,79,83,84],"killed_by":"3 Darklings","ascension_level":0}}