{"host":"x0ovlu53kkkog8rv","time":1607854581,"event":{"mods":["BaseMod","Colored Map","Minty Spire (QoL Compilation)","Quick Restart","SuperFastMode"],"gold_per_floor":[117,117,117,138,138,138,157,157,157,175,175,275,44,69,69,192,192,216,216,230,37,37,37,37,37],"floor_reached":24,"playtime":926,"items_purged":[],"score":193,"play_id":"6d0b59be-db1e-4700-9eb1-48a4585148b5","local_time":"20201213191621","is_ascension_mode":true,"campfire_choices":[{"data":"Eruption","floor":6,"key":"SMITH"},{"data":"TalkToTheHand","floor":8,"key":"SMITH"},{"floor":11,"key":"DIG"},{"floor":15,"key":"DIG"},{"floor":23,"key":"DIG"}],"circlet_count":0,"master_deck":["Strike_P","Strike_P+1","Strike_P","Defend_P+1","Defend_P","Defend_P","Defend_P","Eruption+1","Vigilance","TalkToTheHand+1","MentalFortress","InnerPeace"],"relics":["PureWater","Golden Idol","Shovel","Nunchaku","Orrery","Sundial","Black Star","Membership Card","The Courier"],"acts_visited":["Exordium","TheCity"],"potions_floor_usage":[16,16,20,20,24],"damage_taken":[{"damage":1,"enemies":"Jaw Worm","floor":1,"turns":4},{"damage":0,"enemies":"Small Slimes","floor":4,"turns":3},{"damage":0,"enemies":"Cultist","floor":7,"turns":2},{"damage":5,"enemies":"Looter","floor":10,"turns":3},{"damage":0,"enemies":"2 Fungi Beasts","floor":14,"turns":3},{"damage":21,"enemies":"Hexaghost","floor":16,"turns":8},{"damage":17,"enemies":"3 Byrds","floor":18,"turns":8},{"damage":12,"enemies":"Shell Parasite","floor":20,"turns":2},{"damage":58,"enemies":"3 Cultists","floor":24,"turns":6}],"seed_played":"-7976381110620453095","potions_obtained":[{"floor":0,"key":"Strength Potion"},{"floor":0,"key":"SneckoOil"},{"floor":0,"key":"Energy Potion"},{"floor":7,"key":"Ancient Potion"},{"floor":10,"key":"AttackPotion"},{"floor":16,"key":"Fire Potion"},{"floor":18,"key":"GamblersBrew"}],"is_trial":false,"path_per_floor":["M","?","?","M","?","R","M","R","T","M","R","?","$","M","R","B",null,"M","?","M","$","?","R","M"],"character_chosen":"WATCHER","items_purchased":["MentalFortress","Orrery","Membership Card","InnerPeace"],"campfire_rested":0,"item_purchase_floors":[13,13,21,21],"current_hp_per_floor":[71,71,71,71,57,57,57,57,57,52,52,52,52,52,52,31,72,55,55,43,43,43,43,0,0],"gold":37,"neow_bonus":"THREE_SMALL_POTIONS","is_daily":false,"chose_seed":false,"campfire_upgraded":2,"win_rate":0.0,"timestamp":1607854581,"path_taken":["M","?","?","?","?","R","M","R","T","M","R","?","$","M","R","BOSS","M","?","?","?","?","R","M"],"items_purchased_type":["Card","Relic","Relic","Card"],"build_version":"2020-11-30","purchased_purges":0,"victory":false,"max_hp_per_floor":[72,72,72,72,72,72,72,72,72,72,72,72,72,72,72,72,72,72,72,72,72,72,72,72,72],"card_choices":[{"not_picked":["Sanctity","Halt"],"picked":"TalkToTheHand","floor":1},{"not_picked":["Protect","Vengeance","Evaluate"],"picked":"SKIP","floor":4},{"not_picked":["Wireheading","Prostrate","Crescendo"],"picked":"SKIP","floor":7},{"not_picked":["Sanctity","EmptyBody","Consecrate"],"picked":"SKIP","floor":10},{"not_picked":["Halt","CutThroughFate","BowlingBash"],"picked":"SKIP","floor":14},{"not_picked":["ReachHeaven","BowlingBash","Wallop+1"],"picked":"SKIP","floor":18},{"not_picked":["Protect","Perseverance+1","Fasting2+1"],"picked":"SKIP","floor":20}],"player_experience":203992,"relics_obtained":[{"floor":9,"key":"Shovel"},{"floor":11,"key":"Nunchaku"},{"floor":15,"key":"Sundial"},{"floor":23,"key":"The Courier"}],"event_choices":[{"damage_healed":0,"gold_gain":0,"player_choice":"Take Wound","damage_taken":0,"relics_obtained":["Golden Idol"],"max_hp_gain":0,"max_hp_loss":0,"event_name":"Golden Idol","floor":2,"gold_loss":0,"cards_obtained":["Injury"]},{"cards_removed":["Injury"],"damage_healed":0,"gold_gain":0,"player_choice":"Removed Curses","damage_taken":0,"max_hp_gain":0,"max_hp_loss":0,"event_name":"Fountain of Cleansing","floor":3,"gold_loss":0},{"damage_healed":0,"gold_gain":0,"player_choice":"Entered Light","damage_taken":14,"max_hp_gain":0,"max_hp_loss":0,"event_name":"Shining Light","floor":5,"gold_loss":0,"cards_upgraded":["Defend_P","Strike_P"]},{"damage_healed":0,"gold_gain":100,"player_choice":"Pray","damage_taken":0,"max_hp_gain":0,"max_hp_loss":0,"event_name":"Golden Shrine","floor":12,"gold_loss":0},{"damage_healed":0,"gold_gain":0,"player_choice":"Ignored","damage_taken":0,"max_hp_gain":0,"max_hp_loss":0,"event_name":"N\u0027loth","floor":19,"gold_loss":0},{"cards_removed":["Strike_P"],"damage_healed":0,"gold_gain":0,"player_choice":"Purged","damage_taken":0,"max_hp_gain":0,"max_hp_loss":0,"event_name":"Purifier","floor":22,"gold_loss":0}],"is_beta":false,"boss_relics":[{"not_picked":["Runic Dome","Philosopher\u0027s Stone"],"picked":"Black Star"}],"items_purged_floors":[],"is_endless":false,"potions_floor_spawned":[7,10,16,18],"killed_by":"3 Cultists","ascension_level":1}}