{"host":"wppa8gky53tnknhf","time":1607895458,"event":{"mods":["AchievementEnabler","Act Like it!","BaseMod","Better Third Choice","BetterRewards","Card Forge","Colored Powertips","Energized Spire","Hubris","Infinite Spire","Marked Mod","Minty Spire (QoL Compilation)","Permanent Neow","Quick Restart","Rare Cards Sparkle","Relic Stats","Remove Card Discount Mod","Replay The Spire","Spikes Relics","Spire Birthday Party","StSLib"],"gold_per_floor":[111,126,126,137,157,189,208,208,208,238,268,293,293,319,319,424,424,424],"floor_reached":17,"playtime":507,"items_purged":[],"score":299,"play_id":"4ec946ac-2599-42f7-bd6b-783c6f472a66","local_time":"20201213213738","is_ascension_mode":true,"campfire_choices":[{"floor":8,"key":"RECALL"},{"floor":13,"key":"REST"}],"circlet_count":0,"master_deck":["Strike_P+1","Strike_P+1","Strike_P+1","Strike_P+1","Defend_P+1","Defend_P+1","Defend_P+1","Defend_P+1","Eruption+1","Vigilance+1","ForeignInfluence+1","BowlingBash+1","Consecrate+1","ClearTheMind+1","BowlingBash+1","Crescendo+1","MarkedMod:GentlePulse+1","Conclude+1","PathToVictory+1","Vault"],"relics":["PureWater","Hammer of Thor","Seething Fire","Anvil of the Gods","WizardHat","Replay:Bottled Flurry","Bag of Marbles","PreservedInsect","energizedSpire:DeadBattery"],"acts_visited":["Exordium","TheCity"],"potions_floor_usage":[16,16],"damage_taken":[{"damage":0,"enemies":"2 Louse","floor":1,"turns":3},{"damage":0,"enemies":"Cultist","floor":2,"turns":2},{"damage":0,"enemies":"Small Slimes","floor":4,"turns":1},{"damage":10,"enemies":"Gremlin Gang","floor":5,"turns":2},{"damage":0,"enemies":"Gremlin Nob","floor":6,"turns":2},{"damage":0,"enemies":"Large Slime","floor":7,"turns":3},{"damage":2,"enemies":"3 Sentries","floor":10,"turns":3},{"damage":10,"enemies":"Lagavulin","floor":12,"turns":3},{"damage":0,"enemies":"Gremlin Nob","floor":14,"turns":2},{"damage":0,"enemies":"Fading Forest","floor":16,"turns":11}],"seed_played":"-5975428264050820528","potions_obtained":[{"floor":2,"key":"LiquidBronze"},{"floor":5,"key":"FearPotion"},{"floor":10,"key":"Strength Potion"},{"floor":16,"key":"Weak Potion"}],"is_trial":false,"path_per_floor":["M","M","?","M","M","E","M","R","T","E","?","E","R","E","R","B",null],"character_chosen":"WATCHER","items_purchased":[],"campfire_rested":1,"item_purchase_floors":[],"current_hp_per_floor":[72,72,72,72,62,62,62,62,62,60,60,50,71,71,72,72,72,72],"gold":424,"neow_bonus":"ONE_RANDOM_RARE_CARD","is_daily":false,"chose_seed":false,"campfire_upgraded":0,"win_rate":0.0,"timestamp":1607895458,"path_taken":["M","M","?","?","M","E","M","R","T","E","?","E","R","E","R","BOSS"],"items_purchased_type":[],"build_version":"2020-11-30","purchased_purges":0,"victory":false,"max_hp_per_floor":[72,72,72,72,72,72,72,72,72,72,72,72,72,72,72,72,72,72],"relic_stats":{"counters":[10,32],"PreservedInsect":0,"obtain_stats":[{"WizardHat":6,"Anvil of the Gods":0,"Hammer of Thor":0,"PreservedInsect":14,"Replay:Bottled Flurry":10,"Bag of Marbles":12,"Seething Fire":0,"PureWater":0,"energizedSpire:DeadBattery":17},{"WizardHat":5,"Anvil of the Gods":0,"Hammer of Thor":0,"PreservedInsect":9,"Replay:Bottled Flurry":7,"Bag of Marbles":8,"Seething Fire":0,"PureWater":0,"energizedSpire:DeadBattery":10},{"WizardHat":10,"Anvil of the Gods":0,"Hammer of Thor":0,"PreservedInsect":21,"Replay:Bottled Flurry":16,"Bag of Marbles":19,"Seething Fire":0,"PureWater":0,"energizedSpire:DeadBattery":32}]},"card_choices":[{"not_picked":["BowlingBash","CutThroughFate"],"picked":"ForeignInfluence","floor":1},{"not_picked":["Halt","InnerPeace"],"picked":"BowlingBash","floor":2},{"not_picked":["JustLucky","Worship"],"picked":"Consecrate","floor":4},{"not_picked":["Replay:BluntJabs","Collect"],"picked":"ClearTheMind","floor":5},{"not_picked":["ClearTheMind","Collect"],"picked":"BowlingBash","floor":6},{"not_picked":["MarkedMod:Acupuncture","Collect"],"picked":"Crescendo","floor":7},{"not_picked":["ClearTheMind","CutThroughFate"],"picked":"MarkedMod:GentlePulse","floor":10},{"not_picked":["CrushJoints","Crescendo"],"picked":"Conclude","floor":12},{"not_picked":["Wireheading","DeceiveReality"],"picked":"PathToVictory","floor":14},{"not_picked":["SpiritShield","Alpha"],"picked":"Vault","floor":16}],"player_experience":663158,"relics_obtained":[{"floor":6,"key":"WizardHat"},{"floor":10,"key":"Replay:Bottled Flurry"},{"floor":12,"key":"Bag of Marbles"},{"floor":14,"key":"PreservedInsect"}],"event_choices":[{"cards_removed":["MarkedMod:ChiBlock"],"damage_healed":0,"gold_gain":0,"player_choice":"Card Removal","damage_taken":0,"max_hp_gain":0,"max_hp_loss":0,"event_name":"Wheel of Change","floor":3,"gold_loss":0},{"damage_healed":0,"gold_gain":30,"player_choice":"Searched \u00271\u0027 times","damage_taken":0,"max_hp_gain":0,"max_hp_loss":0,"event_name":"Dead Adventurer","floor":11,"gold_loss":0}],"is_beta":false,"boss_relics":[{"not_picked":["energizedSpire:MagnifyingGlass","hubris:BlackHole"],"picked":"energizedSpire:DeadBattery"}],"items_purged_floors":[],"is_endless":false,"potions_floor_spawned":[2,5,10,12,16],"ascension_level":1}}