{"host":"vfg9szunmpjwj08o","time":1607893989,"event":{"mods":["Act Like it!","BaseMod","Challenge The Spire","Colored Map","Colored Powertips","Minty Spire (QoL Compilation)","StSLib","Waifu the Spire"],"gold_per_floor":[109,123,40,55,13,13,47,63,145,165,165,181,181,207,207,207,207],"floor_reached":16,"playtime":571,"items_purged":[],"score":213,"play_id":"abf3bd94-6969-4aee-b4c1-03e54be5d781","local_time":"20201213221309","is_ascension_mode":true,"campfire_choices":[{"data":"Zap","floor":6,"key":"SMITH"},{"data":"Dualcast","floor":11,"key":"SMITH"},{"data":"Defragment","floor":13,"key":"SMITH"},{"data":"Darkness","floor":15,"key":"SMITH"}],"circlet_count":0,"master_deck":["AscendersBane","Strike_B","Strike_B","Strike_B","Strike_B","Defend_B","Defend_B","Defend_B","Defend_B","Zap+1","Dualcast+1","Capacitor","Cold Snap","Defragment+1","Darkness+1","Conserve Battery","FTL","Cold Snap"],"relics":["Cracked Core","NeowsBlessing","Lizard Tail","Bag of Marbles"],"acts_visited":["Exordium"],"potions_floor_usage":[14,16,16],"damage_taken":[{"damage":0,"enemies":"Cultist","floor":1,"turns":1},{"damage":0,"enemies":"Small Slimes","floor":2,"turns":1},{"damage":0,"enemies":"2 Louse","floor":4,"turns":1},{"damage":60,"enemies":"Gremlin Nob","floor":7,"turns":5},{"damage":9,"enemies":"2 Fungi Beasts","floor":8,"turns":4},{"damage":4,"enemies":"Large Slime","floor":10,"turns":6},{"damage":7,"enemies":"3 Louse","floor":12,"turns":3},{"damage":11,"enemies":"3 Sentries","floor":14,"turns":8},{"damage":14,"enemies":"Hexaghost","floor":16,"turns":9}],"seed_played":"7894623400888553778","potions_obtained":[{"floor":1,"key":"Energy Potion"},{"floor":7,"key":"SkillPotion"},{"floor":12,"key":"EssenceOfDarkness"},{"floor":14,"key":"AttackPotion"}],"is_trial":false,"path_per_floor":["M","M","$","M","$","R","E","M","T","M","R","M","R","E","R","B"],"character_chosen":"DEFECT","items_purchased":["Defragment","Darkness"],"campfire_rested":0,"item_purchase_floors":[3,5],"current_hp_per_floor":[64,64,64,64,64,64,4,35,35,31,31,24,24,13,13,0,0],"gold":207,"neow_bonus":"THREE_ENEMY_KILL","is_daily":false,"chose_seed":false,"campfire_upgraded":4,"win_rate":0.0,"timestamp":1607893989,"path_taken":["M","M","?","?","?","R","E","M","T","M","R","M","R","E","R","BOSS"],"items_purchased_type":["Card","Card"],"build_version":"2020-11-30","purchased_purges":0,"victory":false,"max_hp_per_floor":[71,71,71,71,71,71,71,71,71,71,71,71,71,71,71,71,71],"card_choices":[{"not_picked":["Rebound","Hologram"],"picked":"Capacitor","floor":1},{"not_picked":["Compile Driver","Turbo"],"picked":"Cold Snap","floor":2},{"not_picked":["Sweeping Beam","Rebound","Leap"],"picked":"SKIP","floor":4},{"not_picked":["Streamline","Steam Power"],"picked":"Conserve Battery","floor":7},{"not_picked":["Conserve Battery","Hello World","Turbo"],"picked":"SKIP","floor":8},{"not_picked":["Conserve Battery","Static Discharge","Stack"],"picked":"SKIP","floor":10},{"not_picked":["Aggregate","Heatsinks"],"picked":"FTL","floor":12},{"not_picked":["Hologram","Beam Cell"],"picked":"Cold Snap","floor":14}],"player_experience":984715,"relics_obtained":[{"floor":7,"key":"Lizard Tail"},{"floor":14,"key":"Bag of Marbles"}],"event_choices":[],"is_beta":false,"boss_relics":[],"items_purged_floors":[],"is_endless":false,"potions_floor_spawned":[1,7,8,12,14],"killed_by":"Hexaghost","ascension_level":18}}