{"host":"poixavpewvabi3b6","time":1607858415,"event":{"mods":["BaseMod","DeckTracker","Minty Spire (QoL Compilation)","Replay The Spire","StSLib"],"gold_per_floor":[118,118,43,53,53,84,84,96,96,109,129,50,60,71,71,168,168,183,183],"floor_reached":18,"playtime":664,"items_purged":["Defend_B"],"score":189,"play_id":"823e6f7e-c94a-4d04-a200-17751fca84b8","local_time":"20201213202015","is_ascension_mode":false,"campfire_choices":[{"data":"Dualcast","floor":7,"key":"SMITH"},{"data":"Zap","floor":15,"key":"SMITH"}],"circlet_count":0,"master_deck":["Strike_B","Strike_B","Strike_B","Defend_B","Defend_B","Defend_B","Zap+1","Dualcast+1","Conserve Battery","White Noise+1","Loop","Loop","Beam Cell","Creative AI"],"relics":["Cracked Core","NeowsBlessing","ReplayTheSpireMod:Ring of Challenge","Thread and Needle","Mango","Honey Jar"],"acts_visited":["Exordium","TheCity"],"potions_floor_usage":[16,16],"damage_taken":[{"damage":0,"enemies":"Jaw Worm","floor":1,"turns":1},{"damage":0,"enemies":"Small Slimes","floor":4,"turns":1},{"damage":0,"enemies":"3 Sentries","floor":6,"turns":1},{"damage":0,"enemies":"2 Louse","floor":8,"turns":1},{"damage":6,"enemies":"Looter","floor":10,"turns":3},{"damage":1,"enemies":"3 Louse","floor":11,"turns":4},{"damage":0,"enemies":"Blue Slaver","floor":13,"turns":3},{"damage":0,"enemies":"Large Slime","floor":14,"turns":3},{"damage":74,"enemies":"Hexaghost","floor":16,"turns":12},{"damage":9,"enemies":"Shell Parasite","floor":18,"turns":5}],"seed_played":"6331887843602382105","potions_obtained":[{"floor":1,"key":"Weak Potion"},{"floor":14,"key":"Adrenaline Potion"}],"is_trial":false,"path_per_floor":["M","?","$","M","?","E","R","M","T","M","M","$","M","M","R","B",null,"M"],"character_chosen":"DEFECT","items_purchased":["Loop"],"campfire_rested":0,"item_purchase_floors":[12],"current_hp_per_floor":[75,75,75,75,75,75,75,75,89,83,82,82,82,82,82,8,89,80,80],"gold":183,"neow_bonus":"THREE_ENEMY_KILL","is_daily":false,"chose_seed":false,"campfire_upgraded":2,"win_rate":0.0,"timestamp":1607858415,"path_taken":["M","?","$","M","?","E","R","M","T","M","M","$","M","M","R","BOSS","M"],"items_purchased_type":["Card"],"build_version":"2020-11-30","purchased_purges":1,"victory":false,"max_hp_per_floor":[75,75,75,75,75,75,75,75,89,89,89,89,89,89,89,89,89,89,89],"card_choices":[{"not_picked":["Fusion","Darkness"],"picked":"Conserve Battery","floor":1},{"not_picked":["Coolheaded","Stack","Turbo"],"picked":"SKIP","floor":4},{"not_picked":["Auto Shields","BasicCrystalCard"],"picked":"Loop","floor":6},{"not_picked":["Barrage","Cold Snap","Compile Driver"],"picked":"SKIP","floor":8},{"not_picked":["Gash","Core Surge","Chill"],"picked":"SKIP","floor":10},{"not_picked":["Stack","Rebound","Turbo"],"picked":"SKIP","floor":11},{"not_picked":["Doom and Gloom","Cold Snap","Melter"],"picked":"SKIP","floor":13},{"not_picked":["Consume","Streamline"],"picked":"Beam Cell","floor":14},{"not_picked":["Buffer","Biased Cognition"],"picked":"Creative AI","floor":16}],"player_experience":126213,"relics_obtained":[{"floor":5,"key":"ReplayTheSpireMod:Ring of Challenge"},{"floor":6,"key":"Thread and Needle"},{"floor":9,"key":"Mango"}],"event_choices":[],"is_beta":false,"boss_relics":[{"not_picked":["Empty Cage","Nuclear Battery"],"picked":"Honey Jar"}],"items_purged_floors":[3],"is_endless":false,"potions_floor_spawned":[1,14],"killed_by":"Shell Parasite","ascension_level":0}}