{"host":"5u4m3sklrpw6xc20","time":1607830422,"event":{"mods":["2.2 Compatiblity","BaseMod","Better Third Choice","CapriCore","Colored Map","Hubris","Infinite Spire","Minty Spire (QoL Compilation)","Permanent Neow","Replay The Spire","Spicy Shops","StSLib","SuperFastMode"],"gold_per_floor":[118,118,128,128,53,53,63,93,146,163,63,94,94,113,113,211,211],"floor_reached":16,"playtime":946,"items_purged":["Strike_G","Strike_G"],"score":210,"play_id":"85046c94-d347-4a03-884d-87e37dafd1b2","local_time":"20201212213342","is_ascension_mode":false,"campfire_choices":[{"data":"Terror","floor":6,"key":"SMITH"},{"data":"Cloak And Dagger","floor":13,"key":"SMITH"},{"data":"Dodge and Roll","floor":15,"key":"SMITH"}],"circlet_count":0,"master_deck":["Strike_G","Strike_G","Strike_G","Defend_G","Defend_G","Defend_G","Defend_G","Defend_G","Survivor+1","Neutralize+1","Infinite Blades+1","Terror+1","Cloak And Dagger+1","Dodge and Roll+1"],"relics":["Ring of the Snake","Bronze Scales","Torii"],"acts_visited":["Exordium"],"potions_floor_usage":[16,16],"damage_taken":[{"damage":0,"enemies":"Small Slimes","floor":1,"turns":3},{"damage":1,"enemies":"2 Louse","floor":3,"turns":3},{"damage":0,"enemies":"Jaw Worm","floor":7,"turns":4},{"damage":14,"enemies":"Lagavulin","floor":8,"turns":8},{"damage":1,"enemies":"Exordium Wildlife","floor":10,"turns":4},{"damage":0,"enemies":"3 Sentries","floor":12,"turns":1},{"damage":1,"enemies":"Red Slaver","floor":14,"turns":4},{"damage":15,"enemies":"Slime Boss","floor":16,"turns":5}],"seed_played":"771431439283577147","potions_obtained":[{"floor":1,"key":"Regen Potion"},{"floor":7,"key":"SpeedPotion"},{"floor":10,"key":"AttackPotion"}],"is_trial":false,"path_per_floor":["M","?","M","?","$","R","M","E","T","M","$","E","R","M","R_BF","B"],"character_chosen":"THE_SILENT","items_purchased":[],"campfire_rested":0,"item_purchase_floors":[],"current_hp_per_floor":[70,75,74,59,59,59,59,45,45,44,44,44,44,43,43,37,37],"gold":211,"neow_bonus":"UPGRADE_CARD","is_daily":false,"chose_seed":false,"campfire_upgraded":3,"win_rate":0.0,"timestamp":1607830422,"path_taken":["M","?","M","?","?","R","M","E","T","?","$","E","R","M","R_BF","BOSS"],"items_purchased_type":[],"build_version":"2020-11-30","purchased_purges":2,"victory":false,"max_hp_per_floor":[70,75,75,75,75,75,75,75,75,75,75,75,75,75,75,75,75],"card_choices":[{"not_picked":["hubris:SlightOfHand","Hidden Blade"],"picked":"Infinite Blades","floor":1},{"not_picked":["Underhanded Strike","Flying Knee"],"picked":"Terror","floor":3},{"not_picked":["Sucker Punch","Deflect","Dagger Spray"],"picked":"SKIP","floor":7},{"not_picked":["Endless Agony","Skewer","Dagger Throw"],"picked":"SKIP","floor":8},{"not_picked":["Backflip","Hidden Blade"],"picked":"Cloak And Dagger","floor":10},{"not_picked":["Acrobatics","Outmaneuver"],"picked":"Dodge and Roll","floor":12},{"not_picked":["PiercingWail","Die Die Die","Underhanded Strike"],"picked":"SKIP","floor":14}],"player_experience":203674,"relics_obtained":[{"floor":8,"key":"Bronze Scales"},{"floor":12,"key":"Torii"}],"event_choices":[{"damage_healed":0,"gold_gain":0,"player_choice":"Donut","damage_taken":0,"max_hp_gain":5,"max_hp_loss":0,"event_name":"Big Fish","floor":2,"gold_loss":0},{"damage_healed":74,"gold_gain":0,"player_choice":"Upgrade","damage_taken":15,"max_hp_gain":0,"max_hp_loss":75,"event_name":"betterThird:BetterShining","floor":4,"gold_loss":0,"cards_upgraded":["Survivor","Infinite Blades"]}],"is_beta":false,"boss_relics":[],"items_purged_floors":[5,11],"is_endless":false,"potions_floor_spawned":[1,7,10,12],"killed_by":"Slime Boss","ascension_level":0}}