{"host":"2a1jp7fcxdmpg8w5","time":1607900071,"event":{"mods":["Aspiration","BaseMod","Better Altar","Better Match","Better Note","Better Skull","Better Third Choice","Better Vampires","BetterRewards","Colored Map","Colored Powertips","Conspire","DeckTracker","Downfall","Energized Spire","Halation","Hermit","Highlight Path","Hubris","Infinite Spire","JesterMod","Jorbs\u0027s Wanderer Trilogy","Marked Mod","Melee Mod","Minty Spire (QoL Compilation)","Potionbrewer","Quick Restart","Random Character Button","Rare Cards Sparkle","Relic Sorter","Relic Stats","Replay The Spire","Robot Space Explorer","Small Relic Pack","Spicy Shops","Spire Birthday Party","StSLib","Synergy Search","The Cursed","The Disciple","The Factory","The Jungle","The Kombatant","The Runesmith","TheVacant"],"gold_per_floor":[118,136,156,106,140,171,171,202,202,202,247,277,50,67,67,163,163,182,182,212,244,244,269,269],"floor_reached":23,"playtime":2301,"items_purged":[],"score":205,"play_id":"d37c878f-4c24-41d8-815f-8b6da20a76b3","local_time":"20201213225431","is_ascension_mode":false,"campfire_choices":[{"floor":7,"key":"REST"},{"floor":15,"key":"REST"}],"circlet_count":0,"master_deck":["hermit:Strike_Hermit","hermit:Strike_Hermit","hermit:Strike_Hermit","hermit:Strike_Hermit","hermit:Defend_Hermit","hermit:Defend_Hermit","hermit:Defend_Hermit","hermit:Defend_Hermit","hermit:Snapshot","hermit:Covet","hermit:Deadeye","hermit:TrackingShot","hermit:CalledShot","conspire:SpireCoStock","hermit:Maintenance","hermit:Combo","hermit:Feint","hermit:PistolWhip","hermit:Quickdraw","hermit:TakeAim","hermit:BodyArmor","hermit:BlackWind","hermit:BodyArmor","infinitespire:Starlight","hermit:NoHoldsBarred","hermit:Brawl"],"relics":["hermit:Momento","aspiration:Nostalgia","Runesmith:BrokenRuby","Ginger","Shovel","ReplayFunnel","Ancient Tea Set","Cursed Key","halation:BottledHappiness"],"acts_visited":["Exordium","TheCity"],"potions_floor_usage":[12,16,16,21],"damage_taken":[{"damage":0,"enemies":"Small Slimes","floor":1,"turns":3},{"damage":11,"enemies":"Jaw Worm","floor":2,"turns":4},{"damage":0,"enemies":"Cultist","floor":3,"turns":4},{"damage":8,"enemies":"Looter","floor":5,"turns":3},{"damage":24,"enemies":"3 Sentries","floor":6,"turns":8},{"damage":6,"enemies":"Large Slime","floor":8,"turns":4},{"damage":6,"enemies":"2 Fungi Beasts","floor":11,"turns":4},{"damage":21,"enemies":"Lagavulin","floor":12,"turns":6},{"damage":6,"enemies":"Blue Slaver","floor":14,"turns":4},{"damage":24,"enemies":"Hexaghost","floor":16,"turns":9},{"damage":25,"enemies":"Chosen","floor":18,"turns":7},{"damage":29,"enemies":"Shell Parasite","floor":20,"turns":9},{"damage":39,"enemies":"Shelled Parasite and Fungi","floor":21,"turns":6},{"damage":5,"enemies":"Slavers","floor":23,"turns":1}],"seed_played":"-8534097948493136989","potions_obtained":[{"floor":2,"key":"potionbrewer:AcidPotion"},{"floor":5,"key":"potionbrewer:BarricadePotion"},{"floor":8,"key":"hermit:BlackBile"},{"floor":14,"key":"Weak Potion"},{"floor":16,"key":"potionbrewer:DiscountPotion"},{"floor":21,"key":"SpeedPotion"}],"is_trial":false,"path_per_floor":["M","M","M","?","M","E","R","M","T","?","M","E","$","M","R","B",null,"M","AVR","M","M","?","E"],"character_chosen":"HERMIT","items_purchased":["hermit:TakeAim","Ancient Tea Set"],"campfire_rested":2,"item_purchase_floors":[13,13],"current_hp_per_floor":[75,64,64,64,56,32,54,48,48,48,42,21,21,15,37,13,75,50,50,31,2,2,0,0],"gold":269,"neow_bonus":"NOSTALGIA","is_daily":false,"chose_seed":false,"campfire_upgraded":0,"win_rate":0.0,"timestamp":1607900071,"path_taken":["M","M","M","?","M","E","R","M","T","?","M","E","$","M","R","BOSS","M","AVR","M","M","?","E"],"items_purchased_type":["Card","Relic"],"build_version":"2020-11-30","purchased_purges":0,"victory":false,"max_hp_per_floor":[75,75,75,75,75,75,75,75,75,75,75,75,75,75,75,75,75,75,75,75,75,75,75,75],"relic_stats":{"Shovel":0,"counters":[14,72],"Ginger":[5],"Cursed Key":0,"obtain_stats":[{"ReplayFunnel":12,"Runesmith:BrokenRuby":0,"Shovel":9,"aspiration:Nostalgia":0,"halation:BottledHappiness":19,"Ginger":6,"Ancient Tea Set":13,"Cursed Key":17,"hermit:Momento":0},{"ReplayFunnel":8,"Runesmith:BrokenRuby":0,"Shovel":6,"aspiration:Nostalgia":0,"halation:BottledHappiness":11,"Ginger":5,"Ancient Tea Set":8,"Cursed Key":10,"hermit:Momento":0},{"ReplayFunnel":36,"Runesmith:BrokenRuby":0,"Shovel":26,"aspiration:Nostalgia":0,"halation:BottledHappiness":56,"Ginger":22,"Ancient Tea Set":36,"Cursed Key":49,"hermit:Momento":0}]},"card_choices":[{"not_picked":["hermit:Dive","hermit:LuckOfTheDraw"],"picked":"hermit:Deadeye","floor":1},{"not_picked":["hermit:FinalCanter","hermit:Snipe"],"picked":"hermit:TrackingShot","floor":2},{"not_picked":["hermit:TrackingShot","hermit:HoleUp"],"picked":"hermit:CalledShot","floor":3},{"not_picked":["hermit:HighCaliber","hermit:LoneWolf"],"picked":"hermit:Maintenance","floor":5},{"not_picked":["hermit:Manifest","hermit:Quickdraw"],"picked":"hermit:Combo","floor":6},{"not_picked":["hermit:Midnight","hermit:Vantage"],"picked":"hermit:Feint","floor":8},{"not_picked":["hermit:HoleUp","hermit:Purgatory"],"picked":"hermit:PistolWhip","floor":11},{"not_picked":["hermit:WideOpen","hermit:Roulette"],"picked":"hermit:Quickdraw","floor":12},{"not_picked":["hermit:Enervate","hermit:Quickdraw"],"picked":"hermit:BodyArmor","floor":14},{"not_picked":["hermit:Adapt","hermit:Gambit"],"picked":"hermit:BlackWind","floor":16},{"not_picked":["hermit:EyeOfTheStorm","hermit:Feint+1"],"picked":"hermit:BodyArmor","floor":18},{"not_picked":["hermit:Misfire","hermit:SprayPray+1"],"picked":"hermit:NoHoldsBarred","floor":20},{"not_picked":["hermit:LowProfile","hermit:Dive"],"picked":"hermit:Brawl","floor":21}],"player_experience":123599,"relics_obtained":[{"floor":6,"key":"Ginger"},{"floor":9,"key":"Shovel"},{"floor":12,"key":"ReplayFunnel"}],"event_choices":[{"damage_healed":0,"gold_gain":0,"player_choice":"Invest 1","damage_taken":0,"max_hp_gain":0,"max_hp_loss":0,"event_name":"conspire:Investor","floor":4,"gold_loss":0},{"cards_removed":["hermit:Defend_Hermit"],"damage_healed":0,"gold_gain":0,"player_choice":"Give","damage_taken":0,"max_hp_gain":0,"max_hp_loss":0,"event_name":"betterNote:BetterNote","floor":22,"gold_loss":0,"cards_obtained":["None"]}],"is_beta":false,"boss_relics":[{"not_picked":["halation:PlatinumPhoenix","hubris:GrandSneckoEye"],"picked":"Cursed Key"}],"items_purged_floors":[],"is_endless":false,"potions_floor_spawned":[2,5,8,11,14,16,21],"killed_by":"Slavers","ascension_level":0}}