{"host":"7yyoe0ei0fseceei","time":1607882135,"event":{"mods":["BaseMod","Colored Map","Highlight Path","Minty Spire (QoL Compilation)","Quick Restart"],"gold_per_floor":[112,112,124,135,135,174,174,190,238,277,302,315,338,338,338],"floor_reached":14,"playtime":336,"items_purged":[],"score":208,"play_id":"80671568-cb2b-4e37-8158-8b90718511ab","local_time":"20201213185535","is_ascension_mode":true,"campfire_choices":[{"data":"Inflame","floor":7.0,"key":"SMITH"}],"circlet_count":0,"master_deck":["AscendersBane","Strike_R","Strike_R","Strike_R","Strike_R","Strike_R","Defend_R","Defend_R","Defend_R","Defend_R","Bash+1","Twin Strike","Headbutt","Twin Strike","Inflame+1","Injury","Power Through","Flex","Hemokinesis","Immolate"],"relics":["Burning Blood","Golden Idol","StrikeDummy","Vajra","Pen Nib"],"acts_visited":["Exordium"],"potions_floor_usage":[],"damage_taken":[{"damage":9.0,"enemies":"Jaw Worm","floor":1.0,"turns":4.0},{"damage":17.0,"enemies":"Small Slimes","floor":3.0,"turns":4.0},{"damage":7.0,"enemies":"2 Louse","floor":4.0,"turns":3.0},{"damage":20.0,"enemies":"Lagavulin","floor":6.0,"turns":5.0},{"damage":18.0,"enemies":"Large Slime","floor":8.0,"turns":2.0},{"damage":11.0,"enemies":"Gremlin Nob","floor":10.0,"turns":3.0},{"damage":3.0,"enemies":"Exordium Wildlife","floor":11.0,"turns":3.0},{"damage":13.0,"enemies":"Blue Slaver","floor":12.0,"turns":2.0},{"damage":12.0,"enemies":"Looter","floor":13.0,"turns":3.0},{"damage":20,"enemies":"3 Sentries","floor":14,"turns":5}],"seed_played":"7018789460443700138","potions_obtained":[{"floor":1.0,"key":"AttackPotion"},{"floor":8.0,"key":"SpeedPotion"},{"floor":12.0,"key":"Fruit Juice"}],"is_trial":false,"path_per_floor":["M","?","M","M","?","E","R","M","T","E","M","M","M","E"],"character_chosen":"IRONCLAD","items_purchased":[],"campfire_rested":0,"item_purchase_floors":[],"current_hp_per_floor":[65,65,54,53,53,39,39,27,27,22,25,23,17,0,0],"gold":338,"neow_bonus":"THREE_CARDS","is_daily":false,"chose_seed":false,"campfire_upgraded":1,"win_rate":0.0,"timestamp":1607882135,"path_taken":["M","?","M","M","?","E","R","M","T","E","M","M","M","E"],"items_purchased_type":[],"build_version":"2020-11-30","purchased_purges":0,"victory":false,"max_hp_per_floor":[75,75,75,75,75,75,75,75,75,75,75,80,80,80,80],"card_choices":[{"not_picked":["Body Slam","Entrench"],"picked":"Twin Strike","floor":0.0},{"not_picked":["Dark Embrace","Armaments"],"picked":"Headbutt","floor":1.0},{"not_picked":["Inflame","Uppercut"],"picked":"Twin Strike","floor":3.0},{"not_picked":["Second Wind","True Grit"],"picked":"Inflame","floor":4.0},{"not_picked":["Flex","Iron Wave"],"picked":"Power Through","floor":6.0},{"not_picked":["Sever Soul","Infernal Blade"],"picked":"Flex","floor":8.0},{"not_picked":["Warcry","Thunderclap","Feel No Pain"],"picked":"SKIP","floor":10.0},{"not_picked":["Blood for Blood","Infernal Blade"],"picked":"Hemokinesis","floor":11.0},{"not_picked":["Infernal Blade","Cleave","True Grit"],"picked":"SKIP","floor":12.0},{"not_picked":["Sword Boomerang","Infernal Blade"],"picked":"Immolate","floor":13.0}],"player_experience":844393,"relics_obtained":[{"floor":6.0,"key":"StrikeDummy"},{"floor":9.0,"key":"Vajra"},{"floor":10.0,"key":"Pen Nib"}],"event_choices":[{"damage_healed":0.0,"max_hp_gain":0.0,"max_hp_loss":0.0,"gold_gain":0.0,"event_name":"Living Wall","player_choice":"Grow","floor":2.0,"gold_loss":0.0,"damage_taken":0.0,"cards_upgraded":["Bash"]},{"damage_healed":0.0,"max_hp_gain":0.0,"max_hp_loss":0.0,"gold_gain":0.0,"event_name":"Golden Idol","player_choice":"Take Wound","floor":5.0,"gold_loss":0.0,"damage_taken":0.0,"relics_obtained":["Golden Idol"],"cards_obtained":["Injury"]}],"is_beta":false,"boss_relics":[],"items_purged_floors":[],"is_endless":false,"potions_floor_spawned":[1,8,12],"killed_by":"3 Sentries","ascension_level":20}}