{"host":"7k2a2omxz3voj5ax","time":1607870348,"event":{"mods":["BaseMod","Marisa£¨ìFÓê¡¡Ä§ÀíÉ³£©","Minty Spire (QoL Compilation)","Quick Restart","Spicy Shops","StSLib","Starting Relic: Pandora\u0027s Box","óô»ðÖ¸ÄÏ"],"gold_per_floor":[112,128,2278,1341,1358,1358,1390,1410,1410,1442,1455,1455,1487,1502,945,1041,1041,1052,731,745,757,614,642,657,692,692,719,634,666,676,695,695,791,841,855,868,868,923,923,958,567,578,604,639,655,486,513,558,558,558,558,282,19,51,51],"floor_reached":56,"playtime":2738,"items_purged":["Redo","Rebound","Coolheaded","Decay","Streamline+1","Leap+1","Coolheaded+1"],"score":2112,"play_id":"0d6f3477-c816-476b-b58c-13b2dba12a68","local_time":"20201213233908","is_ascension_mode":true,"campfire_choices":[{"data":"Dualcast","floor":6.0,"key":"SMITH"},{"data":"Panache","floor":32.0,"key":"SMITH"},{"floor":49.0,"key":"RECALL"}],"circlet_count":0,"master_deck":["Zap","Dualcast+1","Turbo","Self Repair","Self Repair+1","Cold Snap+1","Consume+1","Coolheaded+1","Amplify+1","Panache+1","Biased Cognition","Electrodynamics","Reboot+1","Skim+1","Glacier+1","Heatsinks+1","Seek+1","Loop+1","Panache+1","Hologram+1"],"relics":["Coffee Dripper","Mummified Hand","Shuriken","Chemical X","ClockworkSouvenir","Singing Bowl","Toxic Egg 2","Shovel","Black Star","Membership Card","OrangePellets","Whetstone","Orrery","Regal Pillow","MealTicket","Molten Egg 2","Unceasing Top","Frozen Egg 2","Lizard Tail","Nunchaku","Centennial Puzzle","Akabeko","War Paint","Tiny House","Bird Faced Urn","Question Card","Pantograph","Runic Capacitor","Happy Flower","Dream Catcher","Darkstone Periapt","Mercury Hourglass","Orichalcum","Girya","Calipers","Blood Vial","Medical Kit","Blue Candle","DollysMirror","DataDisk","Bag of Preparation","PrismaticShard","Gremlin Horn","Toy Ornithopter"],"acts_visited":["Exordium","TheCity","TheBeyond","TheEnding"],"potions_floor_usage":[55,55,55],"damage_taken":[{"damage":0.0,"enemies":"Cultist","floor":1.0,"turns":2.0},{"damage":8.0,"enemies":"Small Slimes","floor":2.0,"turns":2.0},{"damage":1.0,"enemies":"Jaw Worm","floor":5.0,"turns":2.0},{"damage":4.0,"enemies":"Lagavulin","floor":7.0,"turns":4.0},{"damage":4.0,"enemies":"Lots of Slimes","floor":8.0,"turns":3.0},{"damage":14.0,"enemies":"Gremlin Nob","floor":10.0,"turns":4.0},{"damage":0.0,"enemies":"3 Louse","floor":11.0,"turns":2.0},{"damage":11.0,"enemies":"Lagavulin","floor":13.0,"turns":4.0},{"damage":2.0,"enemies":"2 Fungi Beasts","floor":14.0,"turns":3.0},{"damage":9.0,"enemies":"The Guardian","floor":16.0,"turns":4.0},{"damage":6.0,"enemies":"Chosen","floor":18.0,"turns":3.0},{"damage":6.0,"enemies":"Spheric Guardian","floor":20.0,"turns":3.0},{"damage":3.0,"enemies":"Shelled Parasite and Fungi","floor":21.0,"turns":3.0},{"damage":0.0,"enemies":"Gremlin Leader","floor":23.0,"turns":4.0},{"damage":5.0,"enemies":"Centurion and Healer","floor":24.0,"turns":2.0},{"damage":34.0,"enemies":"Slavers","floor":25.0,"turns":2.0},{"damage":6.0,"enemies":"Book of Stabbing","floor":27.0,"turns":4.0},{"damage":0.0,"enemies":"Gremlin Leader","floor":29.0,"turns":2.0},{"damage":0.0,"enemies":"3 Cultists","floor":30.0,"turns":2.0},{"damage":0.0,"enemies":"Cultist and Chosen","floor":31.0,"turns":3.0},{"damage":0.0,"enemies":"Collector","floor":33.0,"turns":2.0},{"damage":0.0,"enemies":"3 Darklings","floor":35.0,"turns":1.0},{"damage":0.0,"enemies":"3 Shapes","floor":36.0,"turns":1.0},{"damage":19.0,"enemies":"2 Orb Walkers","floor":38.0,"turns":3.0},{"damage":0.0,"enemies":"Reptomancer","floor":40.0,"turns":2.0},{"damage":0.0,"enemies":"Spire Growth","floor":42.0,"turns":1.0},{"damage":0.0,"enemies":"Giant Head","floor":44.0,"turns":4.0},{"damage":0.0,"enemies":"Maw","floor":45.0,"turns":2.0},{"damage":0.0,"enemies":"Nemesis","floor":47.0,"turns":1.0},{"damage":0.0,"enemies":"Donu and Deca","floor":50.0,"turns":1.0},{"damage":0,"enemies":"Shield and Spear","floor":54,"turns":1},{"damage":8,"enemies":"The Heart","floor":55,"turns":3}],"seed_played":"741013777919843344","potions_obtained":[{"floor":5.0,"key":"Dexterity Potion"},{"floor":13.0,"key":"Explosive Potion"},{"floor":14.0,"key":"EntropicBrew"},{"floor":27.0,"key":"Fruit Juice"},{"floor":29.0,"key":"EssenceOfSteel"},{"floor":42.0,"key":"PotionOfCapacity"},{"floor":54,"key":"FocusPotion"}],"is_trial":false,"path_per_floor":["M","M","?","$","M","R","E","M","T","E","M","?","E","M","R","B",null,"M","$","M","M","$","E","M","E","T","E","?","E","M","M","R","B",null,"M","M","?","?","?","E","R","M","T","E","M","$","E","T","R","B",null,"R","$","E","B",null],"character_chosen":"DEFECT","items_purchased":["Mummified Hand","Self Repair","Shuriken","Cold Snap","Chemical X","ClockworkSouvenir","Panache","Coolheaded+1","Membership Card","OrangePellets","Electrodynamics","Whetstone","Reboot+1","Orrery","Runic Capacitor","Heatsinks+1","Happy Flower","Orichalcum","Loop+1","Medical Kit","Blue Candle","DollysMirror","DataDisk","Bag of Preparation","Hologram+1","PrismaticShard"],"campfire_rested":0,"item_purchase_floors":[4,4,4,4,4,4,15,15,19,19,19,19,22,22,41,41,41,46,46,52,52,52,53,53,53,53],"current_hp_per_floor":[68,67,67,67,75,75,75,77,77,77,79,72,75,81,81,81,81,83,83,85,87,95,95,97,72,72,94,94,108,110,112,112,114,121,123,125,125,127,127,129,129,131,131,133,133,133,135,135,135,135,135,135,135,137,137],"gold":51,"neow_bonus":"BOSS_RELIC","is_daily":false,"chose_seed":false,"campfire_upgraded":2,"win_rate":0.0,"timestamp":1607870348,"path_taken":["M","?","?","$","M","R","E","M","T","E","M","?","E","M","R","BOSS","M","?","M","M","$","E","M","E","T","E","?","E","M","M","R","BOSS","M","M","?","?","?","E","R","M","T","E","M","$","E","?","R","BOSS","R","$","E","BOSS"],"items_purchased_type":["Relic","Card","Relic","Card","Relic","Relic","Card","Card","Relic","Relic","Card","Relic","Card","Relic","Relic","Card","Relic","Relic","Card","Relic","Relic","Relic","Relic","Relic","Card","Relic"],"build_version":"2020-11-30","purchased_purges":7,"victory":true,"max_hp_per_floor":[75,75,75,75,75,75,75,77,77,77,79,79,79,81,81,81,81,83,83,85,87,95,95,97,99,99,106,106,108,110,112,112,114,121,123,125,125,127,127,129,129,131,131,133,133,133,135,135,135,135,135,135,135,137,137],"card_choices":[{"not_picked":["Scrape","Barrage","Conserve Battery"],"picked":"SKIP","floor":1.0},{"not_picked":["Beam Cell","Stack","Barrage"],"picked":"SKIP","floor":2.0},{"not_picked":["Cold Snap","Hologram"],"picked":"Coolheaded","floor":5.0},{"not_picked":["Darkness","Steam"],"picked":"Consume","floor":7.0},{"not_picked":["Lockon","Steam Power","Steam"],"picked":"Singing Bowl","floor":8.0},{"not_picked":["Barrage","Double Energy+1"],"picked":"Coolheaded+1","floor":10.0},{"not_picked":["Sweeping Beam","Go for the Eyes","Lockon"],"picked":"Singing Bowl","floor":11.0},{"not_picked":["Gash","Turbo+1"],"picked":"Amplify+1","floor":13.0},{"not_picked":["Conserve Battery+1","Gash","Ball Lightning"],"picked":"Singing Bowl","floor":14.0},{"not_picked":["All For One","Reboot+1"],"picked":"Biased Cognition","floor":16.0},{"not_picked":["Go for the Eyes","Steam+1","Gash"],"picked":"Singing Bowl","floor":18.0},{"not_picked":["Barrage","Beam Cell","Fusion+1"],"picked":"Singing Bowl","floor":20.0},{"not_picked":["Stack+1","FTL","Melter"],"picked":"Singing Bowl","floor":21.0},{"not_picked":["Steam Power+1","Ball Lightning","Steam+1"],"picked":"Singing Bowl","floor":22.0},{"not_picked":["Go for the Eyes","Turbo+1","Self Repair"],"picked":"Singing Bowl","floor":22.0},{"not_picked":["Undo+1","Coolheaded+1"],"picked":"Skim+1","floor":22.0},{"not_picked":["Ball Lightning","Steam Power+1","Machine Learning"],"picked":"Singing Bowl","floor":22.0},{"not_picked":["Gash","Coolheaded+1","Consume+1"],"picked":"Singing Bowl","floor":22.0},{"not_picked":["Self Repair","Rebound"],"picked":"Glacier+1","floor":23.0},{"not_picked":["Reprogram+1","Cold Snap","Electrodynamics"],"picked":"Singing Bowl","floor":24.0},{"not_picked":["Redo+1","Compile Driver+1","Glacier+1"],"picked":"Singing Bowl","floor":25.0},{"not_picked":["Steam+1","Static Discharge+1","Lockon+1"],"picked":"Singing Bowl","floor":27.0},{"not_picked":["Sunder+1","Cold Snap+1","Amplify+1"],"picked":"Singing Bowl","floor":29.0},{"not_picked":["Chaos+1","Skim+1","Compile Driver+1"],"picked":"Singing Bowl","floor":30.0},{"not_picked":["Aggregate+1","Steam+1","Compile Driver+1"],"picked":"Singing Bowl","floor":31.0},{"not_picked":["All For One+1","Hyperbeam+1","Electrodynamics+1"],"picked":"Singing Bowl","floor":33.0},{"not_picked":["Ball Lightning+1","FTL+1","Barrage+1"],"picked":"Singing Bowl","floor":34.0},{"not_picked":["Doom and Gloom+1","Steam+1","Melter+1"],"picked":"Singing Bowl","floor":35.0},{"not_picked":["Rebound+1","Cold Snap+1","Stack+1"],"picked":"Singing Bowl","floor":36.0},{"not_picked":["Go for the Eyes+1","Hologram+1","Leap+1"],"picked":"Singing Bowl","floor":38.0},{"not_picked":["Reinforced Body+1","Rainbow+1","Hologram+1"],"picked":"Singing Bowl","floor":40.0},{"not_picked":["Gash+1","Leap+1","Cold Snap+1","Redo+1"],"picked":"Singing Bowl","floor":42.0},{"not_picked":["Self Repair+1","Hello World+1","Sunder+1","Skim+1"],"picked":"Singing Bowl","floor":44.0},{"not_picked":["Coolheaded+1","Self Repair+1","Hologram+1"],"picked":"Seek+1","floor":45.0},{"not_picked":["Steam+1","BootSequence+1","Rip and Tear+1","Leap+1"],"picked":"Singing Bowl","floor":47.0},{"not_picked":["JustLucky+1","Leg Sweep+1","Cleave+1","Pommel Strike+1"],"picked":"Singing Bowl","floor":54}],"player_experience":331090,"relics_obtained":[{"floor":7.0,"key":"Singing Bowl"},{"floor":10.0,"key":"Toxic Egg 2"},{"floor":13.0,"key":"Shovel"},{"floor":23.0,"key":"Regal Pillow"},{"floor":23.0,"key":"MealTicket"},{"floor":25.0,"key":"Molten Egg 2"},{"floor":25.0,"key":"Unceasing Top"},{"floor":26.0,"key":"Frozen Egg 2"},{"floor":27.0,"key":"Lizard Tail"},{"floor":27.0,"key":"Nunchaku"},{"floor":29.0,"key":"Akabeko"},{"floor":29.0,"key":"War Paint"},{"floor":38.0,"key":"Bird Faced Urn"},{"floor":40.0,"key":"Question Card"},{"floor":40.0,"key":"Pantograph"},{"floor":43.0,"key":"Dream Catcher"},{"floor":44.0,"key":"Darkstone Periapt"},{"floor":44.0,"key":"Mercury Hourglass"},{"floor":47.0,"key":"Girya"},{"floor":47.0,"key":"Calipers"},{"floor":48.0,"key":"Blood Vial"},{"floor":54,"key":"Gremlin Horn"},{"floor":54,"key":"Toy Ornithopter"}],"event_choices":[{"cards_removed":["Compile Driver"],"damage_healed":0.0,"max_hp_gain":0.0,"max_hp_loss":0.0,"gold_gain":0.0,"event_name":"The Cleric","player_choice":"Card Removal","floor":3.0,"gold_loss":50.0,"damage_taken":0.0},{"damage_healed":0.0,"max_hp_gain":0.0,"max_hp_loss":0.0,"gold_gain":0.0,"event_name":"Wheel of Change","player_choice":"Damaged","floor":12.0,"gold_loss":0.0,"damage_taken":7.0},{"damage_healed":0.0,"max_hp_gain":0.0,"max_hp_loss":0.0,"gold_gain":0.0,"event_name":"Addict","player_choice":"Obtained Relic","floor":28.0,"gold_loss":85.0,"damage_taken":0.0,"relics_obtained":["Centennial Puzzle"]},{"damage_healed":0.0,"max_hp_gain":0.0,"max_hp_loss":0.0,"gold_gain":0.0,"event_name":"Tomb of Lord Red Mask","player_choice":"Ignored","floor":37.0,"gold_loss":0.0,"damage_taken":0.0},{"damage_healed":0.0,"max_hp_gain":0.0,"max_hp_loss":0.0,"gold_gain":0.0,"event_name":"Mysterious Sphere","player_choice":"Fight","floor":38.0,"gold_loss":0.0,"damage_taken":0.0},{"cards_removed":["Ball Lightning"],"damage_healed":0.0,"max_hp_gain":0.0,"max_hp_loss":0.0,"gold_gain":0.0,"event_name":"Falling","player_choice":"Removed Attack","floor":39.0,"gold_loss":0.0,"damage_taken":0.0}],"is_beta":false,"boss_relics":[{"not_picked":["SacredBark","Runic Dome"],"picked":"Black Star"},{"not_picked":["Busted Crown","Sozu"],"picked":"Tiny House"}],"items_purged_floors":[4,4,15,19,41,41,46],"is_endless":false,"potions_floor_spawned":[5,13,14,18,23,24,27,29,30,38,42,45,54],"ascension_level":7}}