{"host":"Ilker","time":1607840263,"event":{"mods":["BaseMod","Bestiary","Block Reminder","Colored Map","DeckTracker","Highlight Path","Minty Spire (QoL Compilation)","Quick Restart","Relic Sorter","Relic Stats"],"gold_per_floor":[119,134,147,166,183,210,222,25,52,52,83,83,83,83,83,177,177,197,197,122,122,136,136,136],"floor_reached":23,"playtime":985,"items_purged":[],"score":448,"play_id":"7ebcf062-df29-4979-b4cc-213ce4e326cc","local_time":"20201213091743","is_ascension_mode":true,"campfire_choices":[{"data":"BattleHymn","floor":7.0,"key":"SMITH"},{"data":"Wish","floor":10.0,"key":"SMITH"},{"data":"Scrawl","floor":12.0,"key":"SMITH"},{"data":"Meditate","floor":15.0,"key":"SMITH"}],"circlet_count":0,"master_deck":["AscendersBane","Strike_P","Strike_P","Strike_P","Defend_P","Defend_P","Defend_P","Defend_P","Eruption","Vigilance","FlyingSleeves","BattleHymn+1","ClearTheMind","SandsOfTime","Halt","Wish+1","Meditate+1","Scrawl+1","DevaForm","Study","J.A.X.","Vault","Swivel","Protect"],"relics":["Black Star","Strawberry","MawBank","Juzu Bracelet","Membership Card","Dream Catcher","Bronze Scales","Golden Idol","Philosopher\u0027s Stone"],"acts_visited":["Exordium","TheCity"],"potions_floor_usage":[23,23],"damage_taken":[{"damage":9.0,"enemies":"Small Slimes","floor":1.0,"turns":7.0},{"damage":0.0,"enemies":"2 Louse","floor":2.0,"turns":2.0},{"damage":0.0,"enemies":"Cultist","floor":3.0,"turns":2.0},{"damage":0.0,"enemies":"2 Fungi Beasts","floor":4.0,"turns":3.0},{"damage":10.0,"enemies":"Exordium Thugs","floor":5.0,"turns":4.0},{"damage":0.0,"enemies":"Lagavulin","floor":6.0,"turns":4.0},{"damage":16.0,"enemies":"Gremlin Nob","floor":11.0,"turns":3.0},{"damage":24.0,"enemies":"Slime Boss","floor":16.0,"turns":6.0},{"damage":0.0,"enemies":"Chosen","floor":18.0,"turns":3.0},{"damage":11,"enemies":"2 Thieves","floor":22,"turns":4},{"damage":59,"enemies":"Slavers","floor":23,"turns":4}],"seed_played":"3118350116216290339","potions_obtained":[{"floor":2.0,"key":"Fire Potion"},{"floor":3.0,"key":"PowerPotion"},{"floor":4.0,"key":"SkillPotion"},{"floor":11.0,"key":"StancePotion"},{"floor":16.0,"key":"SpeedPotion"},{"floor":22,"key":"Block Potion"}],"is_trial":false,"path_per_floor":["M","M","M","M","M","E","R","$","T","R","E","R","?","?","R","B",null,"M","?","?","?","M","E"],"character_chosen":"WATCHER","items_purchased":["Membership Card","Meditate"],"campfire_rested":0,"item_purchase_floors":[8,8],"current_hp_per_floor":[52,52,52,52,42,42,42,42,42,42,33,33,33,26,26,2,57,57,57,57,57,46,0,0],"gold":136,"neow_bonus":"BOSS_RELIC","is_daily":false,"chose_seed":false,"campfire_upgraded":4,"win_rate":0.0,"timestamp":1607840263,"path_taken":["M","M","M","M","M","E","R","$","T","R","E","R","?","?","R","BOSS","M","?","?","?","M","E"],"items_purchased_type":["Relic","Card"],"build_version":"2020-12-07","purchased_purges":0,"victory":false,"max_hp_per_floor":[68,68,68,68,68,68,68,68,68,68,75,75,75,75,75,75,75,75,75,75,75,75,75,75],"relic_stats":{"Dream Catcher":0,"counters":[11,42],"Golden Idol":26,"Bronze Scales":[36],"Black Star":2,"Juzu Bracelet":0,"MawBank":24,"obtain_stats":[{"Dream Catcher":11,"Golden Idol":13,"Bronze Scales":9,"Strawberry":11,"Philosopher\u0027s Stone":17,"Black Star":0,"Juzu Bracelet":6,"Membership Card":8,"PureWater":0,"MawBank":6},{"Dream Catcher":7,"Golden Idol":7,"Bronze Scales":6,"Strawberry":7,"Philosopher\u0027s Stone":8,"Black Star":0,"Juzu Bracelet":6,"Membership Card":6,"PureWater":0,"MawBank":6},{"Dream Catcher":25,"Golden Idol":25,"Bronze Scales":22,"Strawberry":25,"Philosopher\u0027s Stone":31,"Black Star":0,"Juzu Bracelet":22,"Membership Card":22,"PureWater":0,"MawBank":22}]},"card_choices":[{"not_picked":["FollowUp","Crescendo"],"picked":"FlyingSleeves","floor":1.0},{"not_picked":["Nirvana","FollowUp"],"picked":"BattleHymn","floor":2.0},{"not_picked":["ThirdEye","Prostrate"],"picked":"ClearTheMind","floor":3.0},{"not_picked":["EmptyFist","PathToVictory"],"picked":"SandsOfTime","floor":4.0},{"not_picked":["EmptyFist","Indignation"],"picked":"Halt","floor":5.0},{"not_picked":["CutThroughFate","Omniscience"],"picked":"Wish","floor":6.0},{"not_picked":["Pray","EmptyBody"],"picked":"Scrawl","floor":11.0},{"not_picked":["MasterReality","ConjureBlade"],"picked":"DevaForm","floor":16.0},{"not_picked":["FlyingSleeves","Crescendo"],"picked":"Study","floor":18.0},{"not_picked":["CarveReality","ClearTheMind"],"picked":"Protect","floor":22}],"player_experience":1664270,"relics_obtained":[{"floor":6.0,"key":"MawBank"},{"floor":6.0,"key":"Juzu Bracelet"},{"floor":9.0,"key":"Bronze Scales"},{"floor":11.0,"key":"Dream Catcher"},{"floor":11.0,"key":"Strawberry"}],"event_choices":[{"damage_healed":0.0,"max_hp_gain":0.0,"max_hp_loss":0.0,"gold_gain":0.0,"event_name":"Golden Idol","player_choice":"Take Wound","floor":13.0,"gold_loss":0.0,"damage_taken":0.0,"relics_obtained":["Golden Idol"],"cards_obtained":["Injury"]},{"cards_removed":["Injury"],"damage_healed":0.0,"max_hp_gain":0.0,"max_hp_loss":0.0,"gold_gain":0.0,"event_name":"Golden Wing","player_choice":"Card Removal","floor":14.0,"gold_loss":0.0,"damage_taken":7.0},{"damage_healed":0.0,"max_hp_gain":0.0,"max_hp_loss":0.0,"gold_gain":0.0,"event_name":"Drug Dealer","player_choice":"Obtain J.A.X.","floor":19.0,"gold_loss":0.0,"damage_taken":0.0,"cards_obtained":["J.A.X."]},{"cards_removed":["Strike_P"],"damage_healed":0.0,"max_hp_gain":0.0,"max_hp_loss":0.0,"gold_gain":0.0,"event_name":"Beggar","player_choice":"Gave Gold","floor":20.0,"gold_loss":75.0,"damage_taken":0.0},{"damage_healed":0,"gold_gain":0,"player_choice":"2 cards matched","damage_taken":0,"max_hp_gain":0,"max_hp_loss":0,"event_name":"Match and Keep!","floor":21,"gold_loss":0,"cards_obtained":["Vault","Swivel"]}],"is_beta":true,"boss_relics":[{"not_picked":["Cursed Key","Pandora\u0027s Box"],"picked":"Philosopher\u0027s Stone"}],"items_purged_floors":[],"is_endless":false,"potions_floor_spawned":[2,3,4,11,16,22],"killed_by":"Slavers","ascension_level":20}}