{"host":"gbop6m4qugddaz18","time":1607895150,"event":{"mods":["2.2 Compatiblity","BaseMod","Better Third Choice","Block Reminder","Downfall","GifTheSpireLib","Highlight Path","Minty Spire (QoL Compilation)","Replay The Spire","StSLib"],"gold_per_floor":[99,99,130,130,130,130,130,155,168,168,168,198,217,234,244,264,275,371,371,296,309,339,339,339,339],"floor_reached":24,"playtime":2343,"items_purged":[],"score":285,"play_id":"479be6a3-ca4d-4159-9404-7fd9b9027f14","local_time":"20201213163230","is_ascension_mode":true,"campfire_choices":[{"data":"Neutralize","floor":1,"key":"SMITH"},{"data":"Terror","floor":5,"key":"SMITH"},{"data":"Infinite Blades","floor":20,"key":"SMITH"},{"data":"Infinite Blades","floor":23,"key":"SMITH"}],"circlet_count":0,"master_deck":["Strike_G","Strike_G","Strike_G","Strike_G","Strike_G","Defend_G","Defend_G+1","Defend_G","Defend_G","Defend_G","Survivor","Neutralize+1","Cloak And Dagger","Quick Slash","Terror+1","Tools of the Trade","Hidden Blade","Dash","Outmaneuver","Hidden Blade","ReplayTheSpireMod:Scrap Shanks","Infinite Blades+1","Infinite Blades+1","Sucker Punch+1","Caltrops+1"],"relics":["Ring of the Snake","downfall:HeartsMalice","Nunchaku","Question Card","Guardian:PocketSentry","Pear","ReplayTheSpireMod:DimensionalGlitch","downfall:HeartBlessingGreen","Replay:Towering Pillar of Hats"],"acts_visited":["Exordium","TheCity"],"potions_floor_usage":[18,18,24],"damage_taken":[{"damage":0,"enemies":"Jaw Worm","floor":2,"turns":1},{"damage":0,"enemies":"3 Sentries","floor":3,"turns":1},{"damage":0,"enemies":"2 Louse","floor":4,"turns":1},{"damage":18,"enemies":"Lagavulin","floor":8,"turns":8},{"damage":0,"enemies":"Small Slimes","floor":9,"turns":3},{"damage":8,"enemies":"3 Sentries","floor":12,"turns":8},{"damage":1,"enemies":"Red Slaver","floor":13,"turns":4},{"damage":2,"enemies":"2 Fungi Beasts","floor":14,"turns":3},{"damage":0,"enemies":"Gremlin Gang","floor":15,"turns":3},{"damage":1,"enemies":"Large Slime","floor":16,"turns":4},{"damage":3,"enemies":"Exordium Wildlife","floor":17,"turns":3},{"damage":24,"enemies":"Fading Forest","floor":18,"turns":11},{"damage":4,"enemies":"3 Byrds","floor":21,"turns":6},{"damage":31,"enemies":"Replay:Snechameleon","floor":22,"turns":8},{"damage":54,"enemies":"Gremlin Leader","floor":24,"turns":6}],"seed_played":"7505033752735721242","potions_obtained":[{"floor":9,"key":"FearPotion"},{"floor":12,"key":"CunningPotion"},{"floor":13,"key":"Swift Potion"},{"floor":18,"key":"FearPotion"}],"is_trial":false,"path_per_floor":["R","M","E","M","R","?","T","E","M","PTL","PTL","E","M","M","M","M","M","B",null,"R","M","E","R","E"],"character_chosen":"THE_SILENT","items_purchased":[],"campfire_rested":0,"item_purchase_floors":[],"current_hp_per_floor":[70,70,70,70,70,70,70,52,52,52,52,54,53,51,51,50,47,33,80,80,76,45,45,0,0],"gold":339,"neow_bonus":"THREE_ENEMY_KILL","is_daily":false,"chose_seed":false,"campfire_upgraded":4,"win_rate":0.0,"timestamp":1607895150,"path_taken":["R","M","E","M","R","?","T","E","M","PTL","PTL","E","M","M","M","M","M","BOSS","R","M","E","R","E"],"items_purchased_type":[],"build_version":"2020-11-30","purchased_purges":0,"victory":false,"max_hp_per_floor":[70,70,70,70,70,70,70,70,70,70,70,80,80,80,80,80,80,80,80,80,80,80,80,80,80],"card_choices":[{"not_picked":["Deflect","Underhanded Strike"],"picked":"Cloak And Dagger","floor":2},{"not_picked":["Outmaneuver","Slice"],"picked":"Quick Slash","floor":3},{"not_picked":["Underhanded Strike","ReplayTheSpireMod:Shiv Toss"],"picked":"Terror","floor":4},{"not_picked":["ReplayTheSpireMod:Speed Training","Deadly Poison","Dagger Throw"],"picked":"Tools of the Trade","floor":8},{"not_picked":["Dagger Spray","Catalyst","ReplayTheSpireMod:The Works"],"picked":"Hidden Blade","floor":9},{"not_picked":["ReplayTheSpireMod:Tripwire","Terror","Eviscerate"],"picked":"Dash","floor":12},{"not_picked":["ReplayTheSpireMod:Exploit Weakness","Dagger Spray","Sucker Punch"],"picked":"Outmaneuver","floor":13},{"not_picked":["Heel Hook","Acrobatics","Backflip"],"picked":"Hidden Blade","floor":14},{"not_picked":["Bouncing Flask","Calculated Gamble","Underhanded Strike"],"picked":"ReplayTheSpireMod:Scrap Shanks","floor":15},{"not_picked":["Outmaneuver","Envenom","Replay:Poison Smokescreen"],"picked":"Infinite Blades","floor":16},{"not_picked":["Prepared","Deflect","Dagger Spray"],"picked":"Infinite Blades","floor":17},{"not_picked":["Crippling Poison+1","Deflect","Dodge and Roll+1"],"picked":"Sucker Punch+1","floor":21},{"not_picked":["Phantasmal Killer","Backflip","Endless Agony"],"picked":"Caltrops+1","floor":22}],"player_experience":390382,"relics_obtained":[{"floor":3,"key":"Nunchaku"},{"floor":7,"key":"Question Card"},{"floor":8,"key":"Guardian:PocketSentry"},{"floor":12,"key":"Pear"},{"floor":22,"key":"Replay:Towering Pillar of Hats"}],"event_choices":[],"is_beta":false,"boss_relics":[{"not_picked":["Ectoplasm","Sozu"],"picked":"ReplayTheSpireMod:DimensionalGlitch"}],"items_purged_floors":[],"is_endless":false,"potions_floor_spawned":[9,12,13,14,18],"killed_by":"Gremlin Leader","ascension_level":2}}