{"host":"kv06jx36eid0zw4n","time":1607872722,"event":{"mods":["AchievementEnabler","Act Like it!","Aspiration","BaseMod","Beaked The Cultist","Better Note","Better Skull","Better Third Choice","BetterRewards","Block Reminder","CCEM","Colored Map","Conspire","Curses Come First","Dota2Spire","Elementarium","Energized Spire","Friendly Minions","Gensokyo","GifTheSpireLib","Glutton Mod","GungeonMod","Halation","Hallownest","Hermit","Hubris","Infinite Spire","Key Reminder","KomeijiMod","Lobotomy","LobotomyExtend","Menagerie","Mimic Mod","Minty Spire (QoL Compilation)","MostiFishMod","Pale of the Ancients","Quarter Circle Forward PUNCH!","Rare Cards Sparkle","Replay The Spire","RumiaBox-????????","Small Relic Pack","Spicy Shops","StSLib","Stuff the Spire","The Blue Laboratory","The Cursed","The Factory","The Jungle","Trackpad","Uncapped","Wandering Minibosses","[IsaacMod]????","vexMod"],"gold_per_floor":[112,18,18,36,56,87,9,9,9,9,9,9,26,57,57,161,161,181,9,25,25,25,25,25],"floor_reached":23,"playtime":1616,"items_purged":[],"score":262,"play_id":"fd70e5ea-b5d2-4d43-9ead-4d84aa1245bc","local_time":"20201213161842","is_ascension_mode":false,"campfire_choices":[{"floor":10,"key":"RECALL"},{"data":"Perseverance","floor":15,"key":"SMITH"}],"circlet_count":0,"master_deck":["Strike_P","Strike_P","Strike_P","Defend_P","Defend_P","Defend_P","Defend_P","Eruption","Vigilance","MostiFishMod:Moonprays","SashWhip","Replay:ManipulateFuture","Consecrate","Halt","MostiFishMod:Speedup","MentalFortress","InnerPeace","Perseverance+1","DevaForm","Meditate","MostiFishMod:LegendTransform","FollowUp"],"relics":["PureWater","DaveBox","HushsDoor","xbg","BookofShadows","Question Card","LetterFromLob","DemoMod:GnawedKey","Dota2Spire:EchoSabre","relicPack:DSword","vexMod:FocusSash","ImportantClient","ChiXiaoBlade","ClockworkSouvenir","relicPack:AllForOne"],"acts_visited":["Hallownest:Greenpath","Hallownest:Greenpath"],"potions_floor_usage":[6],"damage_taken":[{"damage":0,"enemies":"Hallownest:monsterHuskWarrior","floor":1,"turns":3},{"damage":0,"enemies":"Hallownest:2_Tiktiks_and_1_Crawlid","floor":4,"turns":4},{"damage":0,"enemies":"2_ Uuma","floor":5,"turns":3},{"damage":0,"enemies":"Hallownest:eliteCrystalGuardian","floor":6,"turns":5},{"damage":0,"enemies":"Hallownest:monsterFoolEater","floor":13,"turns":3},{"damage":0,"enemies":"Hallownest:1_Ooma_and_2_Uuma","floor":14,"turns":4},{"damage":0,"enemies":"Hallownest:BossBrokenVessel","floor":16,"turns":8},{"damage":5,"enemies":"theJungle:Flameango_and_Byrd","floor":18,"turns":5},{"damage":0,"enemies":"theJungle:MUSHROOMGANG","floor":20,"turns":1},{"damage":25,"enemies":"Nightmare","floor":23,"turns":5}],"seed_played":"2425905562570738328","potions_obtained":[{"floor":4,"key":"SteroidPotion"},{"floor":16,"key":"blueLaboratory:EpiphanyPotion"},{"floor":20,"key":"Venom Potion"}],"is_trial":false,"path_per_floor":["M","$","?","M","M","E","$","?","T","R","?","$","M","MIM","R","B",null,"M","$","M","?","?","NM"],"character_chosen":"WATCHER","items_purchased":["DemoMod:GnawedKey","Replay:ManipulateFuture","MentalFortress","MostiFishMod:LegendTransform","ClockworkSouvenir"],"campfire_rested":0,"item_purchase_floors":[2,2,7,19,19],"current_hp_per_floor":[72,72,72,72,72,72,72,72,72,72,37,37,37,37,37,52,72,67,67,67,67,67,42,42],"gold":25,"neow_bonus":"ONE_RANDOM_RARE_CARD","is_daily":false,"chose_seed":false,"campfire_upgraded":1,"win_rate":0.0,"timestamp":1607872722,"path_taken":["M","$","?","M","M","E","$","?","T","R","?","?","M","?","R","BOSS","M","$","M","?","?","NM"],"items_purchased_type":["Relic","Card","Card","Card","Relic"],"build_version":"2020-11-30","purchased_purges":0,"victory":false,"max_hp_per_floor":[72,72,72,72,72,72,72,72,72,72,72,72,72,72,72,72,72,72,72,72,72,72,72,72],"card_choices":[{"not_picked":["Replay:AtTheReady","Vengeance"],"picked":"SashWhip","floor":1},{"not_picked":["Protect","EmptyMind","ClearTheMind"],"picked":"Consecrate","floor":4},{"not_picked":["Protect","WreathOfFlame","MostiFishMod:Clarity"],"picked":"Halt","floor":5},{"not_picked":["Replay:Cycle","PathToVictory","FlyingSleeves"],"picked":"MostiFishMod:Speedup","floor":6},{"not_picked":["ClearTheMind","Replay:Anticipation","EmptyFist"],"picked":"InnerPeace","floor":13},{"not_picked":["ClearTheMind","Evaluate","FlurryOfBlows"],"picked":"Perseverance","floor":14},{"not_picked":["Vault","MostiFishMod:Zero-Sum","Devotion"],"picked":"DevaForm","floor":16},{"not_picked":["Halt","Replay:Anticipation","Replay:BluntJabs"],"picked":"Meditate","floor":18},{"not_picked":["Replay:Hum","Replay:Anticipation","JustLucky"],"picked":"FollowUp","floor":20}],"player_experience":1599784,"relics_obtained":[{"floor":1,"key":"Question Card"},{"floor":1,"key":"LetterFromLob"},{"floor":6,"key":"Dota2Spire:EchoSabre"},{"floor":14,"key":"vexMod:FocusSash"},{"floor":16,"key":"ImportantClient"}],"event_choices":[],"is_beta":false,"boss_relics":[{"not_picked":["Replay:Ancient Bell","vexMod:MegatonBomb"],"picked":"ChiXiaoBlade"},{"not_picked":[]}],"items_purged_floors":[],"is_endless":false,"potions_floor_spawned":[4,16,20],"killed_by":"Nightmare","ascension_level":0}}