{"host":"avjwtc49fhlk6kym","time":1607830161,"event":{"mods":["AchievementEnabler","BaseMod","Better Match","Better Note","Better Third Choice","Colored Map","Colored Powertips","Displayed Cursed Tome","Highlight Path","Minty Spire (QoL Compilation)","Permanent Neow","Quick Restart","StSLib"],"gold_per_floor":[113,128,228,51,64,64,82,82,82,82,6,31,41,1,1,98,98,117,127,147,147,4,4,32,32,32,50,50,68,85,85,85],"floor_reached":31,"playtime":1472,"items_purged":[],"score":283,"play_id":"a263e230-2ed7-42af-b303-ad6386a7ddcc","local_time":"20201212222921","is_ascension_mode":true,"campfire_choices":[{"data":"Eruption","floor":6.0,"key":"SMITH"},{"data":"Perseverance","floor":8.0,"key":"SMITH"},{"floor":10.0,"key":"DIG"},{"data":"Study","floor":15.0,"key":"SMITH"},{"floor":23.0,"key":"REST"},{"floor":25.0,"key":"REST"}],"circlet_count":0,"master_deck":["Strike_P+1","Strike_P+1","Strike_P+1","Strike_P+1","Defend_P+1","Defend_P+1","Defend_P+1","Defend_P+1","Eruption+1","Vigilance","LikeWater","Perseverance+1","LikeWater","PathToVictory","CutThroughFate","CutThroughFate","FearNoEvil","Consecrate","WindmillStrike","Study+1","Establishment","BowlingBash","Adaptation","LikeWater","CrushJoints","Shame","FearNoEvil"],"relics":["PureWater","Anchor","Shovel","Darkstone Periapt","Bronze Scales","SlaversCollar","ClockworkSouvenir","Tiny Chest","Shuriken"],"acts_visited":["Exordium","TheCity"],"potions_floor_usage":[29],"damage_taken":[{"damage":0.0,"enemies":"Jaw Worm","floor":1.0,"turns":3.0},{"damage":0.0,"enemies":"Cultist","floor":2.0,"turns":2.0},{"damage":0.0,"enemies":"Small Slimes","floor":5.0,"turns":3.0},{"damage":3.0,"enemies":"3 Louse","floor":7.0,"turns":5.0},{"damage":2.0,"enemies":"Gremlin Nob","floor":12.0,"turns":3.0},{"damage":1.0,"enemies":"Exordium Thugs","floor":13.0,"turns":3.0},{"damage":33.0,"enemies":"The Guardian","floor":16.0,"turns":12.0},{"damage":11.0,"enemies":"Spheric Guardian","floor":18.0,"turns":7.0},{"damage":6.0,"enemies":"Chosen","floor":19.0,"turns":7.0},{"damage":45.0,"enemies":"Snake Plant","floor":20.0,"turns":5.0},{"damage":1.0,"enemies":"Book of Stabbing","floor":24.0,"turns":6.0},{"damage":5.0,"enemies":"Centurion and Healer","floor":27.0,"turns":7.0},{"damage":3,"enemies":"Chosen and Byrds","floor":29,"turns":5},{"damage":34,"enemies":"Sentry and Sphere","floor":30,"turns":8},{"damage":19,"enemies":"Slavers","floor":31,"turns":1}],"seed_played":"-7285552669607505614","potions_obtained":[{"floor":1.0,"key":"Block Potion"},{"floor":5.0,"key":"Swift Potion"},{"floor":16.0,"key":"PowerPotion"},{"floor":18.0,"key":"DuplicationPotion"},{"floor":20.0,"key":"SpeedPotion"},{"floor":27.0,"key":"BottledMiracle"}],"is_trial":false,"path_per_floor":["M","M","?","$","M","R","M","R","T","R","$","E","M","$","R","B",null,"M","M","M","?","$","R","E","R","T","M","?","M","M","E"],"character_chosen":"WATCHER","items_purchased":["LikeWater","PathToVictory","CutThroughFate","Consecrate","Fire Potion","Study","ClockworkSouvenir"],"campfire_rested":2,"item_purchase_floors":[4,4,4,11,11,14,22],"current_hp_per_floor":[72,72,72,72,72,72,69,69,69,69,69,67,66,66,66,33,72,61,55,10,10,10,31,30,51,51,46,52,49,15,0,0],"gold":85,"neow_bonus":"RANDOM_COMMON_RELIC","is_daily":false,"chose_seed":false,"campfire_upgraded":3,"win_rate":0.0,"timestamp":1607830161,"path_taken":["M","M","?","$","M","R","M","R","T","R","?","E","?","$","R","BOSS","M","M","M","?","$","R","E","R","T","M","?","M","M","E"],"items_purchased_type":["Card","Card","Card","Card","Potion","Card","Relic"],"build_version":"2020-11-30","purchased_purges":0,"victory":false,"max_hp_per_floor":[72,72,72,72,72,72,72,72,72,72,72,72,72,72,72,72,72,72,72,72,72,72,72,72,72,72,72,78,78,78,78,78],"card_choices":[{"not_picked":["Swivel","FlyingSleeves"],"picked":"LikeWater","floor":1.0},{"not_picked":["FlyingSleeves","Crescendo"],"picked":"Perseverance","floor":2.0},{"not_picked":["Prostrate","EmptyFist"],"picked":"CutThroughFate","floor":5.0},{"not_picked":["FlyingSleeves","Protect"],"picked":"FearNoEvil","floor":7.0},{"not_picked":["Indignation","EmptyFist","SpiritShield"],"picked":"SKIP","floor":12.0},{"not_picked":["JustLucky","Perseverance"],"picked":"WindmillStrike","floor":13.0},{"not_picked":["Scrawl","ConjureBlade"],"picked":"Establishment","floor":16.0},{"not_picked":["FlurryOfBlows","EmptyBody"],"picked":"BowlingBash","floor":18.0},{"not_picked":["EmptyBody","ThirdEye+1"],"picked":"Adaptation","floor":19.0},{"not_picked":["FlurryOfBlows","SpiritShield","Collect"],"picked":"SKIP","floor":20.0},{"not_picked":["ThirdEye","SignatureMove"],"picked":"LikeWater","floor":24.0},{"not_picked":["JustLucky","Evaluate"],"picked":"CrushJoints","floor":27.0},{"not_picked":["FlyingSleeves","JustLucky","Indignation+1"],"picked":"SKIP","floor":29},{"not_picked":["Halt","SandsOfTime"],"picked":"FearNoEvil","floor":30}],"player_experience":496883,"relics_obtained":[{"floor":9.0,"key":"Shovel"},{"floor":10.0,"key":"Darkstone Periapt"},{"floor":12.0,"key":"Bronze Scales"},{"floor":24.0,"key":"Tiny Chest"}],"event_choices":[{"damage_healed":0.0,"max_hp_gain":0.0,"max_hp_loss":0.0,"gold_gain":100.0,"event_name":"Golden Shrine","player_choice":"Pray","floor":3.0,"gold_loss":0.0,"damage_taken":0.0},{"damage_healed":0.0,"max_hp_gain":0.0,"max_hp_loss":8.0,"gold_gain":0.0,"event_name":"betterThird:BetterWriting","player_choice":"Simplicity","floor":21.0,"gold_loss":0.0,"damage_taken":0.0},{"damage_healed":0.0,"max_hp_gain":0.0,"max_hp_loss":0.0,"gold_gain":0.0,"event_name":"Addict","player_choice":"Stole Relic","floor":28.0,"gold_loss":0.0,"damage_taken":0.0,"relics_obtained":["Shuriken"],"cards_obtained":["Shame"]}],"is_beta":false,"boss_relics":[{"not_picked":["Pandora\u0027s Box","SacredBark"],"picked":"SlaversCollar"}],"items_purged_floors":[],"is_endless":false,"potions_floor_spawned":[1,5,16,18,20,27],"killed_by":"Slavers","ascension_level":2}}