{"host":"s41rn2jhghpwfrvz","time":1607866903,"event":{"mods":["BaseMod","Minty Spire (QoL Compilation)","Quick Restart","Relic Stats","SuperFastMode"],"gold_per_floor":[112,112,112,126,137,162,162,187,263,290,290,309,340,7,7,78,78,94,94,110,110,121,121,152,152,152,183,200,227,246,272,272,347,347,357,369,256,256,275,308,308,340,340,340,374,374,385,385,385,385,385,385,385,1,36,36],"floor_reached":57,"playtime":3491,"items_purged":["Brilliance","Writhe"],"score":3567,"play_id":"da54f274-3805-409d-8e07-85b34ccbc215","local_time":"20201213154143","daily_mods":["SealedDeck","Diverse","Elite Swarm"],"is_ascension_mode":true,"campfire_choices":[{"data":"Dark Embrace","floor":11.0,"key":"SMITH"},{"data":"Impatience","floor":15.0,"key":"SMITH"},{"data":"Scrawl","floor":23.0,"key":"SMITH"},{"data":"TalkToTheHand","floor":25.0,"key":"SMITH"},{"data":"Rage","floor":32.0,"key":"SMITH"},{"floor":46,"key":"RECALL"},{"data":"Offering","floor":49,"key":"SMITH"},{"data":"Evolve","floor":53,"key":"SMITH"}],"circlet_count":0,"master_deck":["AscendersBane","Sanctity","Shrug It Off","Streamline","Rage+1","Beam Cell","Evolve+1","Dark Embrace+1","Feel No Pain","Impatience+1","Scrawl+1","TalkToTheHand+1","Impatience+1","Offering+1"],"relics":["Burning Blood","Unceasing Top","Potion Belt","Bird Faced Urn","Ancient Tea Set","ClockworkSouvenir","SlaversCollar","Pen Nib","Frozen Egg 2","Charon\u0027s Ashes","Blue Candle","Bag of Marbles","Cursed Key","Boot","Art of War","Singing Bowl","Bottled Tornado","Shuriken","Toy Ornithopter"],"acts_visited":["Exordium","TheCity","TheBeyond","TheEnding"],"potions_floor_usage":[51,56,56,56,56,56,56],"damage_taken":[{"damage":3.0,"enemies":"Jaw Worm","floor":1.0,"turns":3.0},{"damage":0.0,"enemies":"Cultist","floor":4.0,"turns":3.0},{"damage":15.0,"enemies":"2 Louse","floor":5.0,"turns":4.0},{"damage":31.0,"enemies":"Gremlin Nob","floor":6.0,"turns":4.0},{"damage":20.0,"enemies":"Lagavulin","floor":8.0,"turns":5.0},{"damage":36.0,"enemies":"Gremlin Nob","floor":10.0,"turns":4.0},{"damage":8.0,"enemies":"Lots of Slimes","floor":12.0,"turns":4.0},{"damage":0.0,"enemies":"Lagavulin","floor":13.0,"turns":5.0},{"damage":0.0,"enemies":"The Guardian","floor":16.0,"turns":6.0},{"damage":13.0,"enemies":"Shell Parasite","floor":18.0,"turns":3.0},{"damage":13.0,"enemies":"Spheric Guardian","floor":20.0,"turns":4.0},{"damage":17.0,"enemies":"Centurion and Healer","floor":22.0,"turns":6.0},{"damage":19.0,"enemies":"Book of Stabbing","floor":24.0,"turns":3.0},{"damage":0.0,"enemies":"Gremlin Leader","floor":27.0,"turns":4.0},{"damage":18.0,"enemies":"Shelled Parasite and Fungi","floor":28.0,"turns":3.0},{"damage":0.0,"enemies":"Book of Stabbing","floor":29.0,"turns":3.0},{"damage":28.0,"enemies":"Snake Plant","floor":30.0,"turns":4.0},{"damage":5.0,"enemies":"Gremlin Leader","floor":31.0,"turns":4.0},{"damage":0.0,"enemies":"Collector","floor":33.0,"turns":6.0},{"damage":12,"enemies":"3 Shapes","floor":35,"turns":4},{"damage":15,"enemies":"3 Darklings","floor":36,"turns":6},{"damage":3,"enemies":"4 Shapes","floor":39,"turns":4},{"damage":0,"enemies":"Nemesis","floor":40,"turns":3},{"damage":6,"enemies":"Reptomancer","floor":42,"turns":3},{"damage":1,"enemies":"Nemesis","floor":45,"turns":2},{"damage":7,"enemies":"Jaw Worm Horde","floor":47,"turns":1},{"damage":7,"enemies":"Donu and Deca","floor":50,"turns":1},{"damage":1,"enemies":"Awakened One","floor":51,"turns":3},{"damage":6,"enemies":"Shield and Spear","floor":55,"turns":1},{"damage":21,"enemies":"The Heart","floor":56,"turns":5}],"seed_played":"7772756569956571014","potions_obtained":[{"floor":5.0,"key":"Explosive Potion"},{"floor":8.0,"key":"SneckoOil"},{"floor":12.0,"key":"Weak Potion"},{"floor":16.0,"key":"FearPotion"},{"floor":20.0,"key":"Strength Potion"},{"floor":24.0,"key":"BlessingOfTheForge"}],"is_trial":true,"path_per_floor":["M","$","?","M","M","E","?","E","T","E","R","M","E","$","R","B",null,"M","$","M","?","M","R","E","R","T","E","M","E","M","E","R","B",null,"M","M","$","?","M","E","?","E","T","?","E","R","M","?","R","B","B",null,"R","$","E","B",null],"character_chosen":"IRONCLAD","items_purchased":["Impatience","ClockworkSouvenir","EntropicBrew","Shuriken"],"campfire_rested":0,"item_purchase_floors":[14,14,37,54],"current_hp_per_floor":[75,75,75,75,73,55,55,48,48,25,25,34,55,55,55,75,75,72,72,75,75,75,75,71,71,71,75,74,75,66,75,75,75,75,75,75,75,65,75,75,75,75,75,75,75,75,77,73,73,73,73,73,73,73,75,69],"gold":36,"neow_bonus":"","is_daily":false,"chose_seed":false,"campfire_upgraded":7,"win_rate":0.0,"timestamp":1607866903,"path_taken":["M","$","?","M","?","E","?","E","T","E","R","?","E","?","R","BOSS","M","$","M","?","?","R","E","R","T","E","M","E","M","E","R","BOSS","M","M","$","?","M","E","?","E","T","?","E","R","?","?","R","BOSS","BOSS","R","$","E","BOSS"],"items_purchased_type":["Card","Relic","Potion","Relic"],"build_version":"2020-11-30","purchased_purges":2,"victory":true,"max_hp_per_floor":[75,75,75,75,75,75,75,75,75,75,75,75,75,75,75,75,75,75,75,75,75,75,75,75,75,75,75,75,75,75,75,75,75,75,75,75,75,75,75,75,75,75,75,75,75,75,77,73,73,73,73,73,73,73,75,75],"relic_stats":{"Singing Bowl":4,"counters":[30,111],"Blue Candle":[5],"Pen Nib":[37],"Charon\u0027s Ashes":[323],"Cursed Key":1,"Boot":[205],"Burning Blood":133,"Shuriken":[19],"Bird Faced Urn":[92],"Art of War":[0],"obtain_stats":[{"Potion Belt":8,"Singing Bowl":43,"Blue Candle":29,"Pen Nib":24,"Charon\u0027s Ashes":27,"Frozen Egg 2":26,"Bottled Tornado":45,"Ancient Tea Set":13,"Cursed Key":34,"Boot":40,"Burning Blood":0,"ClockworkSouvenir":14,"SlaversCollar":17,"Shuriken":54,"Bird Faced Urn":10,"Bag of Marbles":31,"Art of War":42,"Unceasing Top":6,"Toy Ornithopter":55},{"Potion Belt":5,"Singing Bowl":24,"Blue Candle":16,"Pen Nib":13,"Charon\u0027s Ashes":14,"Frozen Egg 2":13,"Bottled Tornado":25,"Ancient Tea Set":8,"Cursed Key":19,"Boot":23,"Burning Blood":0,"ClockworkSouvenir":8,"SlaversCollar":9,"Shuriken":28,"Bird Faced Urn":6,"Bag of Marbles":18,"Art of War":24,"Unceasing Top":4,"Toy Ornithopter":29},{"Potion Belt":19,"Singing Bowl":98,"Blue Candle":64,"Pen Nib":54,"Charon\u0027s Ashes":58,"Frozen Egg 2":54,"Bottled Tornado":100,"Ancient Tea Set":32,"Cursed Key":78,"Boot":95,"Burning Blood":0,"ClockworkSouvenir":32,"SlaversCollar":38,"Shuriken":105,"Bird Faced Urn":23,"Bag of Marbles":72,"Art of War":98,"Unceasing Top":14,"Toy Ornithopter":106}],"Unceasing Top":[10],"Toy Ornithopter":5},"card_choices":[{"not_picked":["Cleave","Halt","DeceiveReality"],"picked":"SKIP","floor":1.0},{"not_picked":["InnerPeace","Footwork","FTL"],"picked":"SKIP","floor":4.0},{"not_picked":["Steam Power","Shockwave","FlyingSleeves"],"picked":"SKIP","floor":5.0},{"not_picked":["Corpse Explosion","Exhume","Devotion"],"picked":"SKIP","floor":6.0},{"not_picked":["Malaise","ConjureBlade","Impervious"],"picked":"SKIP","floor":8.0},{"not_picked":["Biased Cognition","Alpha","Judgement"],"picked":"SKIP","floor":10.0},{"not_picked":["Streamline","Bloodletting","Vengeance"],"picked":"SKIP","floor":12.0},{"not_picked":["Demon Form","Doppelganger","Corruption"],"picked":"SKIP","floor":13.0},{"not_picked":["Fission","MasterReality"],"picked":"Scrawl","floor":16.0},{"not_picked":["Dagger Spray","Infernal Blade"],"picked":"TalkToTheHand","floor":18.0},{"not_picked":["Deadly Poison","Swivel","FTL+1"],"picked":"SKIP","floor":20.0},{"not_picked":["FollowUp","White Noise","Riddle With Holes"],"picked":"SKIP","floor":22.0},{"not_picked":["DeusExMachina","Corpse Explosion","Meteor Strike"],"picked":"SKIP","floor":24.0},{"not_picked":["Echo Form+1","Exhume","Meteor Strike"],"picked":"SKIP","floor":27.0},{"not_picked":["Dagger Spray","Expertise","Blizzard"],"picked":"SKIP","floor":28.0},{"not_picked":["Brilliance","Envenom+1","Feed"],"picked":"SKIP","floor":29.0},{"not_picked":["Predator+1","FlurryOfBlows","Flying Knee"],"picked":"SKIP","floor":30.0},{"not_picked":["After Image+1","Rainbow","Juggernaut+1"],"picked":"SKIP","floor":31.0},{"not_picked":["Halt+1","Hemokinesis+1","Evaluate+1"],"picked":"SKIP","floor":35},{"not_picked":["Turbo","Reprogram+1","Clothesline"],"picked":"SKIP","floor":36},{"not_picked":["Good Instincts","Sadistic Nature+1"],"picked":"Impatience","floor":38},{"not_picked":["Reinforced Body","Quick Slash","Collect"],"picked":"SKIP","floor":39},{"not_picked":["Reboot","After Image+1","Storm of Steel"],"picked":"SKIP","floor":40},{"not_picked":["Seek","Omniscience","Feed"],"picked":"SKIP","floor":42},{"not_picked":["Thunder Strike","Meteor Strike"],"picked":"Offering","floor":45},{"not_picked":["InnerPeace","CrushJoints","Tempest+1"],"picked":"Singing Bowl","floor":47},{"not_picked":["Vault","Fission","Glass Knife"],"picked":"Singing Bowl","floor":55}],"player_experience":1572801,"relics_obtained":[{"floor":6.0,"key":"Unceasing Top"},{"floor":8.0,"key":"Potion Belt"},{"floor":10.0,"key":"Bird Faced Urn"},{"floor":13.0,"key":"Ancient Tea Set"},{"floor":24.0,"key":"Pen Nib"},{"floor":26.0,"key":"Frozen Egg 2"},{"floor":27.0,"key":"Charon\u0027s Ashes"},{"floor":29.0,"key":"Blue Candle"},{"floor":31.0,"key":"Bag of Marbles"},{"floor":40,"key":"Boot"},{"floor":42,"key":"Art of War"},{"floor":43,"key":"Singing Bowl"},{"floor":45,"key":"Bottled Tornado"},{"floor":55,"key":"Toy Ornithopter"}],"event_choices":[{"damage_healed":0.0,"max_hp_gain":0.0,"max_hp_loss":0.0,"gold_gain":0.0,"cards_transformed":["FTL"],"event_name":"Transmorgrifier","player_choice":"Transformed","floor":3.0,"gold_loss":0.0,"damage_taken":0.0,"cards_obtained":["Brilliance"]},{"damage_healed":0.0,"max_hp_gain":0.0,"max_hp_loss":0.0,"gold_gain":0.0,"event_name":"Match and Keep!","player_choice":"0 cards matched","floor":7.0,"gold_loss":0.0,"damage_taken":0.0,"cards_obtained":[]},{"damage_healed":0.0,"max_hp_gain":0.0,"max_hp_loss":0.0,"gold_gain":0.0,"event_name":"Match and Keep!","player_choice":"0 cards matched","floor":21.0,"gold_loss":0.0,"damage_taken":0.0,"cards_obtained":[]},{"damage_healed":0,"gold_gain":0,"player_choice":"Memory 3","damage_taken":10,"max_hp_gain":0,"max_hp_loss":0,"event_name":"SensoryStone","floor":38,"gold_loss":0},{"cards_removed":["Self Repair"],"damage_healed":0,"gold_gain":0,"player_choice":"Removed Power","damage_taken":0,"max_hp_gain":0,"max_hp_loss":0,"event_name":"Falling","floor":41,"gold_loss":0},{"damage_healed":0,"gold_gain":0,"player_choice":"Forge","damage_taken":0,"max_hp_gain":0,"max_hp_loss":0,"event_name":"Accursed Blacksmith","floor":44,"gold_loss":0,"cards_upgraded":["Impatience"]},{"damage_healed":0,"gold_gain":0,"player_choice":"Max HP","damage_taken":0,"max_hp_gain":0,"max_hp_loss":4,"event_name":"Winding Halls","floor":48,"gold_loss":0}],"is_beta":false,"boss_relics":[{"not_picked":["Tiny House","Runic Dome"],"picked":"SlaversCollar"},{"not_picked":["Black Star","Black Blood"],"picked":"Cursed Key"}],"items_purged_floors":[14,54],"is_endless":false,"potions_floor_spawned":[5,8,12,16,20,24,27,31,33,39,40,45],"ascension_level":20}}