{"host":"ykruzxakfolvqoa7","time":1607858774,"event":{"mods":["Act Like it!","BaseMod","Colored Powertips","Downfall","Hubris","Ironclad Rager","Minty Spire (QoL Compilation)","StSLib","Swap Starting Deck Mod","Wandering Minibosses"],"gold_per_floor":[110,110,110,110,184,198,211,211,211,211,284,347,360,106,106,227,227,248,313,333,74,124,124,189,36,117,117,15,109,109,128,128,128,128],"floor_reached":33,"playtime":1684,"items_purged":[],"score":287,"play_id":"3caf3dda-a317-4355-a7d0-1e3c7bcb378f","local_time":"20201213112614","is_ascension_mode":false,"campfire_choices":[{"floor":8,"key":"REST"},{"data":"Consecrate","floor":10,"key":"SMITH"},{"data":"hubris:DuctTapeCard","floor":15,"key":"SMITH"},{"floor":23,"key":"REST"},{"floor":27,"key":"REST"},{"data":"BattleHymn","floor":30,"key":"SMITH"},{"floor":32,"key":"REST"}],"circlet_count":0,"master_deck":["CarveReality","CarveReality","CarveReality","CarveReality","CarveReality","DeceiveReality","DeceiveReality","DeceiveReality","DeceiveReality","DeceiveReality","Injury","Regret","JustLucky","Halt","hubris:DuctTapeCard+2","BattleHymn+1","EmptyBody+1","Poisoned Stab","Prostrate","ReachHeaven","Prostrate"],"relics":["PureWater","swapstartingdeckmod:Bellows","Golden Idol","Gambling Chip","SsserpentHead","Pantograph","Oddly Smooth Stone","hubris:DuctTape","hubris:GrandSneckoEye","Bottled Flame","Orichalcum","Blue Candle","Vajra","Red Mask"],"acts_visited":["Exordium","TheCity"],"potions_floor_usage":[16,16,31],"damage_taken":[{"damage":0,"enemies":"Cultist","floor":1,"turns":2},{"damage":7,"enemies":"Small Slimes","floor":5,"turns":2},{"damage":0,"enemies":"2 Louse","floor":6,"turns":1},{"damage":26,"enemies":"Exordium Thugs","floor":7,"turns":5},{"damage":11,"enemies":"Exordium Wildlife","floor":12,"turns":2},{"damage":3,"enemies":"Lots of Slimes","floor":13,"turns":3},{"damage":7,"enemies":"Slime Boss","floor":16,"turns":7},{"damage":12,"enemies":"Shell Parasite","floor":18,"turns":2},{"damage":20,"enemies":"2 Thieves","floor":19,"turns":2},{"damage":14,"enemies":"Cultist and Chosen","floor":20,"turns":4},{"damage":23,"enemies":"Centurion and Healer","floor":24,"turns":6},{"damage":0,"enemies":"Masked Bandits","floor":29,"turns":2},{"damage":1,"enemies":"3 Cultists","floor":31,"turns":3},{"damage":76,"enemies":"Collector","floor":33,"turns":6}],"seed_played":"-9126201808451014862","potions_obtained":[{"floor":12,"key":"CultistPotion"},{"floor":13,"key":"DuplicationPotion"},{"floor":16,"key":"SneckoOil"},{"floor":29,"key":"PowerPotion"}],"is_trial":false,"path_per_floor":["M","?","?","?","M","M","M","R","T","R","T","M","M","$","R","B",null,"M","M","M","$","?","R","M","$","T","R","$","?","R","M","R","B"],"character_chosen":"WATCHER","items_purchased":["hubris:DuctTape","Bottled Flame","Orichalcum","Vajra"],"campfire_rested":4,"item_purchase_floors":[14,21,25,28],"current_hp_per_floor":[72,72,72,72,65,65,39,60,60,60,60,49,46,46,46,64,72,60,40,26,26,26,47,24,24,24,45,45,45,45,44,65,0,0],"gold":128,"neow_bonus":"","is_daily":false,"chose_seed":false,"campfire_upgraded":3,"win_rate":0.0,"timestamp":1607858774,"path_taken":["M","?","?","?","?","M","M","R","T","R","?","?","M","$","R","BOSS","M","?","M","$","?","R","?","$","T","R","?","?","R","M","R","BOSS"],"items_purchased_type":["Relic","Relic","Relic","Relic"],"build_version":"2020-11-30","purchased_purges":0,"victory":false,"max_hp_per_floor":[72,72,72,72,72,72,72,72,72,72,72,72,72,72,72,72,72,72,72,72,72,72,72,72,72,72,72,72,72,72,72,72,72,72],"card_choices":[{"not_picked":["CrushJoints","BowlingBash","Meditate"],"picked":"SKIP","floor":1},{"not_picked":["Sanctity","EmptyBody"],"picked":"JustLucky","floor":5},{"not_picked":["Protect","EmptyFist"],"picked":"Halt","floor":6},{"not_picked":["Prostrate","Evaluate"],"picked":"Consecrate","floor":7},{"not_picked":["FearNoEvil","Consecrate"],"picked":"MasterReality","floor":12},{"not_picked":["FlyingSleeves","ThirdEye","CarveReality"],"picked":"SKIP","floor":13},{"not_picked":["Ragnarok","Brilliance"],"picked":"DeusExMachina","floor":16},{"not_picked":["FlyingSleeves","Evaluate","Indignation"],"picked":"SKIP","floor":18},{"not_picked":["Tantrum+1","Worship"],"picked":"BattleHymn","floor":19},{"not_picked":["DeceiveReality","ReachHeaven"],"picked":"EmptyBody+1","floor":20},{"not_picked":["Crescendo","Halt"],"picked":"Prostrate","floor":24},{"not_picked":["Omniscience","FearNoEvil"],"picked":"ReachHeaven","floor":29},{"not_picked":["Vengeance+1","Evaluate+1"],"picked":"Prostrate","floor":31}],"player_experience":332585,"relics_obtained":[{"floor":9,"key":"Pantograph"},{"floor":11,"key":"Oddly Smooth Stone"},{"floor":26,"key":"Blue Candle"},{"floor":29,"key":"Red Mask"}],"event_choices":[{"damage_healed":0,"gold_gain":0,"player_choice":"Take Wound","damage_taken":0,"relics_obtained":["Golden Idol"],"max_hp_gain":0,"max_hp_loss":0,"event_name":"Golden Idol","floor":2,"gold_loss":0,"cards_obtained":["Injury"]},{"damage_healed":0,"gold_gain":0,"player_choice":"Box","damage_taken":0,"relics_obtained":["Gambling Chip"],"max_hp_gain":0,"max_hp_loss":0,"event_name":"Big Fish","floor":3,"gold_loss":0,"cards_obtained":["Regret"]},{"damage_healed":0,"gold_gain":0,"player_choice":"Trade","damage_taken":0,"relics_obtained":["SsserpentHead"],"max_hp_gain":0,"max_hp_loss":0,"event_name":"FaceTrader","floor":4,"gold_loss":0},{"cards_removed":["DeusExMachina"],"damage_healed":0,"gold_gain":0,"player_choice":"Took Card","damage_taken":0,"max_hp_gain":0,"max_hp_loss":0,"event_name":"NoteForYourself","floor":22,"gold_loss":0,"cards_obtained":["Poisoned Stab"]},{"damage_healed":0,"gold_gain":0,"player_choice":"Fought Bandits","damage_taken":0,"max_hp_gain":0,"max_hp_loss":0,"event_name":"Masked Bandits","floor":29,"gold_loss":0}],"is_beta":false,"boss_relics":[{"not_picked":["VioletLotus","Busted Crown"],"picked":"hubris:GrandSneckoEye"}],"items_purged_floors":[],"is_endless":false,"potions_floor_spawned":[12,13,16,29],"killed_by":"Collector","ascension_level":0}}