{"host":"vcmmzzj6okc5j399","time":1607835675,"event":{"mods":["BaseMod","Downfall","Minty Spire (QoL Compilation)","StSLib"],"gold_per_floor":[99,99,99,46,78,78,78,97,110,110,110,124,424,440,450,547,547,472,472,520,282,282,282],"floor_reached":22,"playtime":2059,"items_purged":["Regret"],"score":230,"play_id":"c5be9585-c1f9-482e-9c1e-a5f400a45658","local_time":"20201213140115","is_ascension_mode":false,"campfire_choices":[{"data":"hexamod:Float","floor":1.0,"key":"SMITH"},{"floor":3.0,"key":"RECALL"},{"data":"hexamod:EtherealExpedition","floor":6.0,"key":"SMITH"},{"floor":10.0,"key":"REST"},{"data":"hexamod:HeatShield","floor":18,"key":"SMITH"}],"circlet_count":0,"master_deck":["hexamod:Strike+1","hexamod:Strike","hexamod:Strike+1","hexamod:Strike+1","hexamod:Defend","hexamod:Defend","hexamod:Defend+1","hexamod:Defend","hexamod:Sear","hexamod:Float+1","hexamod:SixthSeal","hexamod:EmpoweredFlame+1","hexamod:EtherealExpedition+1","hexamod:RecurringNightmare+1","hexamod:HeatMetal","hexamod:HeatShield+1","Slimebound:Icky","Slimebound:Icky","hexamod:SoulSteal","hexamod:DynamicBlow+1","hexamod:VolcanoVisage","hexamod:Hexaguard","hexamod:RadiantFlame"],"relics":["hexamod:SpiritBrand","Mummified Hand","Calipers","Darkstone Periapt","SlaversCollar","downfall:HeartBlessingRed","Anchor","Membership Card"],"acts_visited":["Exordium","TheCity"],"potions_floor_usage":[16,16],"damage_taken":[{"damage":0.0,"enemies":"downfall:FleeingMerchant","floor":4.0,"turns":4.0},{"damage":38.0,"enemies":"Lagavulin","floor":5.0,"turns":9.0},{"damage":0.0,"enemies":"2 Louse","floor":8.0,"turns":3.0},{"damage":1.0,"enemies":"Cultist","floor":9.0,"turns":3.0},{"damage":3.0,"enemies":"Jaw Worm","floor":12.0,"turns":2.0},{"damage":15.0,"enemies":"Exordium Wildlife","floor":14.0,"turns":6.0},{"damage":17.0,"enemies":"Blue Slaver","floor":15.0,"turns":4.0},{"damage":23,"enemies":"downfall:Ironclad","floor":16,"turns":6},{"damage":1,"enemies":"downfall:FleeingMerchant","floor":21,"turns":4},{"damage":14,"enemies":"Spheric Guardian","floor":22,"turns":4}],"seed_played":"8056789069751052008","potions_obtained":[{"floor":2.0,"key":"FearPotion"},{"floor":2.0,"key":"Fruit Juice"},{"floor":2.0,"key":"SpeedPotion"},{"floor":8.0,"key":"Regen Potion"},{"floor":14.0,"key":"LiquidBronze"},{"floor":16,"key":"LiquidMemories"}],"is_trial":false,"path_per_floor":["R","?","R","$","E","R","T","M","M","R","?","M","?","M","M","B",null,"R","?","T","$","M"],"character_chosen":"THE_SPIRIT","items_purchased":["hexamod:EmpoweredFlame","Membership Card","hexamod:RadiantFlame"],"campfire_rested":1,"item_purchase_floors":[4,21,21],"current_hp_per_floor":[77,82,82,82,44,44,44,44,43,67,73,70,82,67,50,42,100,100,100,100,99,85,85],"gold":282,"neow_bonus":"TEN_PERCENT_HP_BONUS","is_daily":false,"chose_seed":false,"campfire_upgraded":3,"win_rate":0.0,"timestamp":1607835675,"path_taken":["R","?","R","?","E","R","T","M","M","R","?","M","?","M","M","BOSS","R","?","?","?","M"],"items_purchased_type":["Card","Relic","Card"],"build_version":"2020-11-30","purchased_purges":1,"victory":false,"max_hp_per_floor":[77,82,82,82,82,82,82,82,82,82,88,88,100,100,100,100,100,100,100,100,100,100,100],"card_choices":[{"not_picked":["hexamod:TimeWarp","hexamod:InspiringFlames"],"picked":"hexamod:SixthSeal","floor":4.0},{"not_picked":["hexamod:HauntingEcho","hexamod:GhostLash"],"picked":"hexamod:EtherealExpedition","floor":5.0},{"not_picked":["hexamod:GhostLash","hexamod:SpectersWail"],"picked":"hexamod:RecurringNightmare","floor":8.0},{"not_picked":["hexamod:BurningTouch","hexamod:InspiringFlames"],"picked":"hexamod:HeatMetal","floor":9.0},{"not_picked":["hexamod:StepThrough","hexamod:BacktrackSmack"],"picked":"hexamod:HeatShield","floor":12.0},{"not_picked":["hexamod:ShieldOfDarkness","hexamod:Hexaguard"],"picked":"hexamod:SoulSteal","floor":14.0},{"not_picked":["hexamod:Hexaguard","hexamod:Firestarter"],"picked":"hexamod:DynamicBlow","floor":15.0},{"not_picked":["hexamod:SixthSeal","hexamod:UnleashSpirits"],"picked":"hexamod:VolcanoVisage","floor":16},{"not_picked":["hexamod:BacktrackSmack","hexamod:HauntingEcho"],"picked":"hexamod:Hexaguard","floor":21}],"player_experience":221133,"relics_obtained":[{"floor":5.0,"key":"Mummified Hand"},{"floor":7.0,"key":"Calipers"},{"floor":20,"key":"Anchor"}],"event_choices":[{"damage_healed":0.0,"max_hp_gain":0.0,"max_hp_loss":0.0,"gold_gain":0.0,"event_name":"Lab","player_choice":"Got Potions","floor":2.0,"gold_loss":0.0,"damage_taken":0.0},{"damage_healed":0.0,"max_hp_gain":0.0,"max_hp_loss":0.0,"gold_gain":0.0,"event_name":"Big Fish","player_choice":"Box","floor":11.0,"gold_loss":0.0,"damage_taken":0.0,"relics_obtained":["Darkstone Periapt"],"cards_obtained":["Regret"]}],"is_beta":false,"boss_relics":[{"not_picked":["Astrolabe","Pandora\u0027s Box"],"picked":"SlaversCollar"}],"items_purged_floors":[21],"is_endless":false,"potions_floor_spawned":[8,14,15,16],"killed_by":"Spheric Guardian","ascension_level":0}}