{"host":"6fbjdsiu9jij34p7","time":1607829992,"event":{"mods":["2.2 Compatiblity","AchievementEnabler","BaseMod","Colored Map","DeckTracker","Highlight Path","Keyboard Shortcuts","Minty Spire (QoL Compilation)","Permanent Neow","Quick Restart","StSLib","SuperFastMode"],"gold_per_floor":[115,127,127,146,156,156,185,185,209,227,240,256,431,431,431,533,533,547,547,646,660,121,133,145,145,171,186,219,219,231,249,249,345,345,361,377,72,72,72,72,84,84,111,163,163,38,49,49,49,49,49],"floor_reached":50,"playtime":1217,"items_purged":["Defend_R","Strike_R","Strike_R"],"score":589,"play_id":"5faf93c0-5884-4b8d-97c6-ecc6df066be3","local_time":"20201213122632","is_ascension_mode":true,"campfire_choices":[{"data":"Body Slam","floor":6.0,"key":"SMITH"},{"floor":15.0,"key":"REST"},{"floor":25.0,"key":"REST"},{"floor":29.0,"key":"REST"},{"floor":32.0,"key":"REST"},{"floor":40.0,"key":"REST"},{"floor":42.0,"key":"REST"},{"floor":45,"key":"REST"},{"floor":49,"key":"RECALL"}],"circlet_count":0,"master_deck":["Strike_R","Strike_R","Strike_R","Defend_R","Defend_R+1","Defend_R+1","Bash","Spot Weakness","Flex","Body Slam+1","Shrug It Off","Battle Trance","Limit Break","Thunderclap","Twin Strike","Reaper","Shrug It Off+1","Seeing Red","Barricade","Flex+1","Infernal Blade+1","Body Slam","Battle Trance+1","Heavy Blade+1","Cleave","Shrug It Off+1","Feed","Inflame+1","Flex","Dramatic Entrance","Writhe","Thunderclap+1","Entrench+1"],"relics":["Burning Blood","NeowsBlessing","Ancient Tea Set","Regal Pillow","Fusion Hammer","Juzu Bracelet","Orrery","Tiny Chest","Boot","Busted Crown","Pen Nib","Lantern","StoneCalendar","White Beast Statue"],"acts_visited":["Exordium","TheCity","TheBeyond"],"potions_floor_usage":[44,44,50],"damage_taken":[{"damage":0.0,"enemies":"Small Slimes","floor":1.0,"turns":1.0},{"damage":0.0,"enemies":"Jaw Worm","floor":2.0,"turns":1.0},{"damage":0.0,"enemies":"Cultist","floor":4.0,"turns":1.0},{"damage":14.0,"enemies":"3 Louse","floor":5.0,"turns":5.0},{"damage":37.0,"enemies":"Lagavulin","floor":7.0,"turns":7.0},{"damage":0.0,"enemies":"Blue Slaver","floor":10.0,"turns":4.0},{"damage":8.0,"enemies":"Exordium Thugs","floor":11.0,"turns":3.0},{"damage":6.0,"enemies":"2 Fungi Beasts","floor":12.0,"turns":3.0},{"damage":28.0,"enemies":"Slime Boss","floor":16.0,"turns":6.0},{"damage":15.0,"enemies":"Shell Parasite","floor":18.0,"turns":4.0},{"damage":27.0,"enemies":"3 Byrds","floor":21.0,"turns":5.0},{"damage":8.0,"enemies":"Snake Plant","floor":23.0,"turns":3.0},{"damage":78.0,"enemies":"3 Cultists","floor":24.0,"turns":6.0},{"damage":39.0,"enemies":"Snecko","floor":27.0,"turns":5.0},{"damage":24.0,"enemies":"Gremlin Leader","floor":28.0,"turns":3.0},{"damage":16.0,"enemies":"Sentry and Sphere","floor":30.0,"turns":4.0},{"damage":18.0,"enemies":"Chosen and Byrds","floor":31.0,"turns":5.0},{"damage":72.0,"enemies":"Collector","floor":33.0,"turns":6.0},{"damage":16.0,"enemies":"Orb Walker","floor":35.0,"turns":3.0},{"damage":44.0,"enemies":"3 Darklings","floor":36.0,"turns":5.0},{"damage":28.0,"enemies":"Spire Growth","floor":41.0,"turns":4.0},{"damage":62,"enemies":"2 Orb Walkers","floor":44,"turns":3},{"damage":0,"enemies":"Transient","floor":47,"turns":5},{"damage":120,"enemies":"Awakened One","floor":50,"turns":9}],"seed_played":"-4969056096213935179","potions_obtained":[{"floor":4.0,"key":"LiquidMemories"},{"floor":5.0,"key":"Block Potion"},{"floor":7.0,"key":"SkillPotion"},{"floor":10.0,"key":"SteroidPotion"},{"floor":16.0,"key":"SpeedPotion"},{"floor":18.0,"key":"Block Potion"},{"floor":28.0,"key":"Weak Potion"},{"floor":30.0,"key":"PowerPotion"},{"floor":35.0,"key":"PowerPotion"},{"floor":41.0,"key":"SteroidPotion"},{"floor":47,"key":"Energy Potion"}],"is_trial":false,"path_per_floor":["M","M","?","M","M","R","E","?","T","M","M","M","?","?","R","B",null,"M","?","?","M","$","M","M","R","T","M","E","R","M","M","R","B",null,"M","M","$","?","?","R","M","R","T","?","R","$","M","T","R","B"],"character_chosen":"IRONCLAD","items_purchased":["Regen Potion","Juzu Bracelet","Barricade","Orrery","Pen Nib","Flex"],"campfire_rested":7,"item_purchase_floors":[22,22,22,22,37,37],"current_hp_per_floor":[80,80,64,70,62,62,31,31,31,37,35,35,35,28,67,45,80,80,80,80,59,59,73,21,60,60,33,24,63,59,63,80,14,80,73,45,45,45,66,83,75,83,83,27,66,66,83,83,83,0,0],"gold":49,"neow_bonus":"THREE_ENEMY_KILL","is_daily":false,"chose_seed":false,"campfire_upgraded":1,"win_rate":0.0,"timestamp":1607829992,"path_taken":["M","M","?","M","M","R","E","?","T","M","?","M","?","?","R","BOSS","M","?","?","M","$","M","M","R","T","M","E","R","M","M","R","BOSS","M","M","$","?","?","R","M","R","T","?","R","$","M","?","R","BOSS"],"items_purchased_type":["Potion","Relic","Card","Relic","Relic","Card"],"build_version":"2020-11-30","purchased_purges":3,"victory":false,"max_hp_per_floor":[80,80,80,80,80,80,80,80,80,80,80,80,80,80,80,80,80,80,80,80,80,80,80,80,80,80,80,80,80,80,80,80,80,80,83,83,83,83,83,83,83,83,83,83,83,83,83,83,83,83,83],"card_choices":[{"not_picked":["Clash","True Grit"],"picked":"Spot Weakness","floor":1.0},{"not_picked":["Flame Barrier","Bloodletting"],"picked":"Flex","floor":2.0},{"not_picked":["Rampage","Combust"],"picked":"Body Slam","floor":4.0},{"not_picked":["Carnage","Clothesline"],"picked":"Shrug It Off","floor":5.0},{"not_picked":["Clothesline","Heavy Blade"],"picked":"Battle Trance","floor":7.0},{"not_picked":["Havoc","Dropkick"],"picked":"Limit Break","floor":10.0},{"not_picked":["Dropkick","Fire Breathing"],"picked":"Thunderclap","floor":11.0},{"not_picked":["Headbutt","Disarm"],"picked":"Twin Strike","floor":12.0},{"not_picked":["Bludgeon","Barricade"],"picked":"Reaper","floor":16.0},{"not_picked":["Power Through","Heavy Blade"],"picked":"Shrug It Off+1","floor":18.0},{"not_picked":["Shrug It Off","Wild Strike"],"picked":"Seeing Red","floor":21.0},{"not_picked":["Searing Blow","Warcry+1"],"picked":"Flex+1","floor":22.0},{"not_picked":["Shrug It Off","Pummel+1"],"picked":"Infernal Blade+1","floor":22.0},{"not_picked":["Rampage","Rage"],"picked":"Body Slam","floor":22.0},{"not_picked":["Reckless Charge+1","Clash","Dark Embrace"],"picked":"SKIP","floor":23.0},{"not_picked":["Uppercut","Carnage"],"picked":"Battle Trance+1","floor":24.0},{"not_picked":["Dual Wield","Twin Strike"],"picked":"Heavy Blade+1","floor":27.0},{"not_picked":["Feel No Pain+1","Bludgeon"],"picked":"Cleave","floor":28.0},{"not_picked":["Sword Boomerang","Iron Wave","Clothesline+1"],"picked":"SKIP","floor":30.0},{"not_picked":["Rupture","Power Through"],"picked":"Shrug It Off+1","floor":31.0},{"not_picked":["Brutality","Bludgeon"],"picked":"Feed","floor":33.0},{"not_picked":["Clothesline"],"picked":"SKIP","floor":35.0},{"not_picked":[],"picked":"Inflame+1","floor":36.0},{"not_picked":[],"picked":"Dramatic Entrance","floor":38.0},{"not_picked":["Fire Breathing"],"picked":"SKIP","floor":41.0},{"not_picked":[],"picked":"Thunderclap+1","floor":44},{"not_picked":[],"picked":"Entrench+1","floor":47}],"player_experience":230934,"relics_obtained":[{"floor":7.0,"key":"Ancient Tea Set"},{"floor":9.0,"key":"Regal Pillow"},{"floor":26.0,"key":"Tiny Chest"},{"floor":28.0,"key":"Boot"},{"floor":43.0,"key":"Lantern"},{"floor":44,"key":"StoneCalendar"},{"floor":48,"key":"White Beast Statue"}],"event_choices":[{"damage_healed":0.0,"max_hp_gain":0.0,"max_hp_loss":0.0,"gold_gain":0.0,"event_name":"Shining Light","player_choice":"Entered Light","floor":3.0,"gold_loss":0.0,"damage_taken":16.0,"cards_upgraded":["Defend_R","Defend_R"]},{"damage_healed":0.0,"max_hp_gain":0.0,"max_hp_loss":0.0,"gold_gain":0.0,"event_name":"Match and Keep!","player_choice":"0 cards matched","floor":8.0,"gold_loss":0.0,"damage_taken":0.0,"cards_obtained":[]},{"damage_healed":0.0,"max_hp_gain":0.0,"max_hp_loss":0.0,"gold_gain":175.0,"event_name":"Liars Game","player_choice":"AGREE","floor":13.0,"gold_loss":0.0,"damage_taken":0.0,"cards_obtained":["Doubt"]},{"cards_removed":["Doubt"],"damage_healed":0.0,"max_hp_gain":0.0,"max_hp_loss":0.0,"gold_gain":0.0,"event_name":"Golden Wing","player_choice":"Card Removal","floor":14.0,"gold_loss":0.0,"damage_taken":7.0},{"damage_healed":0.0,"max_hp_gain":0.0,"max_hp_loss":0.0,"gold_gain":0.0,"event_name":"Vampires","player_choice":"Ignored","floor":19.0,"gold_loss":0.0,"damage_taken":0.0},{"damage_healed":0.0,"max_hp_gain":0.0,"max_hp_loss":0.0,"gold_gain":99.0,"event_name":"Nest","player_choice":"Stole From Cult","floor":20.0,"gold_loss":0.0,"damage_taken":0.0},{"damage_healed":0.0,"max_hp_gain":0.0,"max_hp_loss":0.0,"gold_gain":0.0,"event_name":"SensoryStone","player_choice":"Memory 1","floor":38.0,"gold_loss":0.0,"damage_taken":0.0},{"damage_healed":21.0,"max_hp_gain":0.0,"max_hp_loss":0.0,"gold_gain":0.0,"event_name":"Winding Halls","player_choice":"Writhe","floor":39.0,"gold_loss":0.0,"damage_taken":0.0,"cards_obtained":["Writhe"]},{"damage_healed":0,"gold_gain":0,"player_choice":"Fight","damage_taken":0,"max_hp_gain":0,"max_hp_loss":0,"event_name":"Mysterious Sphere","floor":44,"gold_loss":0}],"is_beta":false,"boss_relics":[{"not_picked":["Black Blood","Runic Cube"],"picked":"Fusion Hammer"},{"not_picked":["Snecko Eye","Coffee Dripper"],"picked":"Busted Crown"}],"items_purged_floors":[22,37,46],"is_endless":false,"potions_floor_spawned":[4,5,7,10,16,18,23,27,28,30,35,41,47],"killed_by":"Awakened One","ascension_level":4}}