{"host":"e9x02d116nyd6j9y","time":1607839153,"event":{"mods":["BaseMod","Lobotomy","Minty Spire (QoL Compilation)","SuperFastMode","everything is the same but u backflip on backflip"],"gold_per_floor":[211,225,34,53,63,63,75,75,75,75,106,58,88,100,100,201,251,261,277,54,70,70,70,0,0,0,0,0,17,17,17,17,17,17],"floor_reached":33,"playtime":1257,"items_purged":["Strike_R"],"score":270,"play_id":"ea844c73-ecda-480b-a8da-d8cf63b0b93a","local_time":"20201213145913","is_ascension_mode":false,"campfire_choices":[{"data":"Body Slam","floor":6,"key":"SMITH"},{"data":"Iron Wave","floor":8,"key":"SMITH"},{"data":"Iron Wave","floor":10,"key":"SMITH"},{"data":"Iron Wave","floor":15,"key":"SMITH"},{"data":"Double Tap","floor":23,"key":"SMITH"},{"floor":32,"key":"REST"}],"circlet_count":0,"master_deck":["Strike_R","Strike_R","Strike_R","Defend_R","Defend_R","Defend_R","Defend_R","Bash","Iron Wave+1","Iron Wave+1","Body Slam+1","Sword Boomerang+1","Iron Wave+1","Shrug It Off","Thunderclap","Juggernaut+1","Clash","Pommel Strike+1","Thunderclap","Double Tap+1","Shrug It Off+1","Iron Wave","Shockwave"],"relics":["Burning Blood","TheAbacus","Juzu Bracelet","Oddly Smooth Stone","Tiny House","InkBottle","Blood Vial","Paper Frog"],"acts_visited":["Exordium","TheCity"],"potions_floor_usage":[11,33,33],"damage_taken":[{"damage":5,"enemies":"Cultist","floor":1,"turns":5},{"damage":6,"enemies":"Small Slimes","floor":2,"turns":4},{"damage":6,"enemies":"Jaw Worm","floor":4,"turns":3},{"damage":18,"enemies":"Large Slime","floor":5,"turns":11},{"damage":3,"enemies":"Red Slaver","floor":7,"turns":4},{"damage":6,"enemies":"Lagavulin","floor":11,"turns":5},{"damage":0,"enemies":"Exordium Thugs","floor":14,"turns":5},{"damage":38,"enemies":"Slime Boss","floor":16,"turns":11},{"damage":26,"enemies":"Shell Parasite","floor":18,"turns":10},{"damage":9,"enemies":"3 Byrds","floor":19,"turns":5},{"damage":21,"enemies":"Snake Plant","floor":21,"turns":4},{"damage":27,"enemies":"Cultist and Chosen","floor":29,"turns":6},{"damage":57,"enemies":"Automaton","floor":33,"turns":8}],"seed_played":"6430145277330820453","potions_obtained":[{"floor":4,"key":"Energy Potion"},{"floor":5,"key":"ColorlessPotion"},{"floor":17,"key":"ColorlessPotion"},{"floor":19,"key":"FearPotion"},{"floor":29,"key":"AttackPotion"}],"is_trial":false,"path_per_floor":["M","M","$","M","M","R","M","R","T","R","E","$","?","M","R","B",null,"M","M","$","M","$","R","?","?","T","?","$","M","T","?","R","B"],"character_chosen":"IRONCLAD","items_purchased":["TheAbacus","Iron Wave","Shrug It Off","Double Tap"],"campfire_rested":1,"item_purchase_floors":[3,3,12,20],"current_hp_per_floor":[80,80,80,80,68,68,71,71,71,71,71,71,71,77,77,45,85,65,62,62,47,47,47,47,47,47,47,47,26,26,26,51,0,0],"gold":17,"neow_bonus":"HUNDRED_GOLD","is_daily":false,"chose_seed":false,"campfire_upgraded":5,"win_rate":0.0,"timestamp":1607839153,"path_taken":["M","?","$","M","M","R","M","R","T","R","E","?","?","M","R","BOSS","M","M","$","M","$","R","?","?","T","?","?","M","?","?","R","BOSS"],"items_purchased_type":["Relic","Card","Card","Card"],"build_version":"2020-11-30","purchased_purges":1,"victory":false,"max_hp_per_floor":[80,80,80,80,80,80,80,80,80,80,80,80,80,80,80,80,85,85,85,85,85,85,85,85,85,85,85,85,85,85,85,85,85,85],"card_choices":[{"not_picked":["Shrug It Off","Reckless Charge"],"picked":"Iron Wave","floor":1},{"not_picked":["Perfected Strike","Heavy Blade","Dual Wield"],"picked":"SKIP","floor":2},{"not_picked":["Warcry","Rupture","Hemokinesis"],"picked":"SKIP","floor":4},{"not_picked":["Rupture","Power Through"],"picked":"Body Slam","floor":5},{"not_picked":["Second Wind","Carnage"],"picked":"Sword Boomerang","floor":7},{"not_picked":["Heavy Blade","Seeing Red"],"picked":"Iron Wave","floor":11},{"not_picked":["Warcry","Rampage"],"picked":"Thunderclap","floor":14},{"not_picked":["Berserk","Bludgeon"],"picked":"Juggernaut","floor":16},{"not_picked":["Burning Pact","Thunderclap"],"picked":"Clash","floor":17},{"not_picked":["Heavy Blade","Headbutt+1"],"picked":"Pommel Strike+1","floor":18},{"not_picked":["Feel No Pain+1","Uppercut"],"picked":"Thunderclap","floor":19},{"not_picked":["Clothesline","Shockwave+1"],"picked":"Shrug It Off+1","floor":21},{"not_picked":["Headbutt","Twin Strike+1"],"picked":"Shockwave","floor":29}],"player_experience":5024,"relics_obtained":[{"floor":9,"key":"Juzu Bracelet"},{"floor":11,"key":"Oddly Smooth Stone"},{"floor":26,"key":"InkBottle"},{"floor":30,"key":"Blood Vial"}],"event_choices":[{"damage_healed":0,"gold_gain":30,"player_choice":"Searched \u00271\u0027 times","damage_taken":0,"max_hp_gain":0,"max_hp_loss":0,"event_name":"Dead Adventurer","floor":13,"gold_loss":0},{"damage_healed":0,"gold_gain":0,"player_choice":"Paid Fearfully","damage_taken":0,"max_hp_gain":0,"max_hp_loss":0,"event_name":"Masked Bandits","floor":24,"gold_loss":70},{"damage_healed":0,"gold_gain":0,"player_choice":"Upgraded","damage_taken":0,"max_hp_gain":0,"max_hp_loss":0,"event_name":"Upgrade Shrine","floor":25,"gold_loss":0,"cards_upgraded":["Juggernaut"]},{"cards_removed":["Strike_R"],"damage_healed":0,"gold_gain":0,"player_choice":"Took Card","damage_taken":0,"max_hp_gain":0,"max_hp_loss":0,"event_name":"NoteForYourself","floor":27,"gold_loss":0,"cards_obtained":["Iron Wave"]},{"damage_healed":0,"gold_gain":0,"player_choice":"Gave Potion","damage_taken":0,"relics_obtained":["Paper Frog"],"max_hp_gain":0,"max_hp_loss":0,"event_name":"WeMeetAgain","floor":31,"gold_loss":0}],"is_beta":false,"boss_relics":[{"not_picked":["Ectoplasm","Sozu"],"picked":"Tiny House"}],"items_purged_floors":[20],"is_endless":false,"potions_floor_spawned":[4,5,19,29],"killed_by":"Automaton","ascension_level":0}}