{"host":"r2b8ojg4o4pyvjvq","time":1607876699,"event":{"mods":["BaseMod","Colored Map","Downfall","Highlight Path","Hubris","Minty Spire (QoL Compilation)","Replay The Spire","StSLib","SuperFastMode"],"gold_per_floor":[99,99,9,109,109,34,34,34,44,44,57,75,87,102,120,120,120],"floor_reached":16,"playtime":600,"items_purged":["champ:Strike"],"score":92,"play_id":"cfbe9df0-b8b3-4f85-b1ef-f7b068172830","local_time":"20201213172459","is_ascension_mode":false,"campfire_choices":[{"floor":1,"key":"RECALL"},{"data":"champ:RecklessLeap","floor":6,"key":"SMITH"},{"data":"champ:Taunt","floor":8,"key":"SMITH"},{"data":"champ:BerserkerStyle","floor":10,"key":"SMITH"}],"circlet_count":0,"master_deck":["champ:Strike","champ:Strike","champ:Defend","champ:Defend","champ:Defend","champ:Defend","champ:Execute","champ:Taunt+1","champ:CheapShot","champ:RecklessLeap+1","champ:AdrenalArmor","champ:BerserkerStyle+1","champ:Shatter","champ:LastStand","champ:Encircle","champ:CalledShot"],"relics":["champ:ChampionCrown","CloakClasp","downfall:HeartBlessingRed","Smiling Mask"],"acts_visited":["Exordium"],"potions_floor_usage":[13,16],"damage_taken":[{"damage":5,"enemies":"downfall:FleeingMerchant","floor":3,"turns":4},{"damage":73,"enemies":"downfall:FleeingMerchant","floor":4,"turns":11},{"damage":20,"enemies":"Jaw Worm","floor":9,"turns":3},{"damage":34,"enemies":"Small Slimes","floor":11,"turns":5},{"damage":32,"enemies":"2 Louse","floor":12,"turns":3},{"damage":51,"enemies":"Lots of Slimes","floor":13,"turns":4},{"damage":36,"enemies":"Gremlin Gang","floor":14,"turns":3},{"damage":2,"enemies":"Blue Slaver","floor":15,"turns":3},{"damage":29,"enemies":"downfall:Watcher","floor":16,"turns":4}],"seed_played":"3046100365631072248","potions_obtained":[{"floor":9,"key":"ColorlessPotion"},{"floor":11,"key":"champ:CounterPotion"},{"floor":13,"key":"Explosive Potion"},{"floor":15,"key":"Guardian:BlockOnCardUsePotion"}],"is_trial":false,"path_per_floor":["R_BF","?","$","?","?","R","T","R","M","R","M","M","M","M","M","B"],"character_chosen":"THE_CHAMP","items_purchased":[],"campfire_rested":0,"item_purchase_floors":[],"current_hp_per_floor":[90,95,95,60,60,60,60,60,60,60,59,59,38,22,22,0,0],"gold":120,"neow_bonus":"ONE_RANDOM_RARE_CARD","is_daily":false,"chose_seed":false,"campfire_upgraded":3,"win_rate":0.0,"timestamp":1607876699,"path_taken":["R_BF","?","$","?","?","R","T","R","M","R","M","M","M","?","M","BOSS"],"items_purchased_type":[],"build_version":"2020-11-30","purchased_purges":1,"victory":false,"max_hp_per_floor":[90,95,95,95,95,95,95,95,95,95,95,95,95,95,95,95,95],"card_choices":[{"not_picked":["champ:BladeFlurry","champ:CrookedStrike"],"picked":"champ:RecklessLeap","floor":3},{"not_picked":["champ:GladiatorStyle","champ:StanceDance"],"picked":"champ:AdrenalArmor","floor":4},{"not_picked":["champ:DefensiveStyle","champ:FlashCut"],"picked":"champ:BerserkerStyle","floor":9},{"not_picked":["champ:CrookedStrike","champ:DefensiveShout","champ:AdrenalArmor"],"picked":"SKIP","floor":11},{"not_picked":["champ:Haymaker","champ:StanceDance"],"picked":"champ:Shatter","floor":12},{"not_picked":["champ:FocusedDefense","champ:CrookedStrike"],"picked":"champ:LastStand","floor":13},{"not_picked":["champ:GutPunch","champ:FightOn"],"picked":"champ:Encircle","floor":14},{"not_picked":["champ:SkillfulDodge","champ:EnragedBash"],"picked":"champ:CalledShot","floor":15}],"player_experience":389316,"relics_obtained":[{"floor":4,"key":"CloakClasp"},{"floor":7,"key":"Smiling Mask"}],"event_choices":[{"damage_healed":0,"gold_gain":0,"player_choice":"Donut","damage_taken":0,"max_hp_gain":5,"max_hp_loss":0,"event_name":"Big Fish","floor":2,"gold_loss":0},{"cards_removed":["champ:Strike"],"damage_healed":0,"gold_gain":0,"player_choice":"Purged","damage_taken":0,"max_hp_gain":0,"max_hp_loss":0,"event_name":"Purifier","floor":5,"gold_loss":0}],"is_beta":false,"boss_relics":[],"items_purged_floors":[3],"is_endless":false,"potions_floor_spawned":[9,11,13,15],"killed_by":"downfall:Watcher","ascension_level":0}}