{"host":"milnbpnt8q6cnpmr","time":1607820685,"event":{"mods":["BaseMod","Marisa????????","Minty Spire (QoL Compilation)"],"gold_per_floor":[12,12,31,51,70,70,95,95,395,420,420,420,4,19,19,120,120,134,154,69,69,69,100,100,112,112,137,62,62,90,107,107,185,185,204,28,75,88,88,116,132,159,159,171,188,214,265,209,209,209,209,209,21,47,47],"floor_reached":56,"playtime":4541,"items_purged":["Regret","Strike_MRS"],"score":2871,"play_id":"a31fa33f-3af0-4c71-b215-56d9da274d4e","local_time":"20201212165125","is_ascension_mode":true,"campfire_choices":[{"data":"SprinkleStarSeal","floor":6,"key":"SMITH"},{"data":"UnstableBomb","floor":8,"key":"SMITH"},{"data":"PulseMagic","floor":11,"key":"SMITH"},{"data":"Apotheosis","floor":15,"key":"SMITH"},{"floor":24,"key":"REST"},{"floor":29,"key":"REST"},{"floor":32,"key":"RECALL"},{"floor":49,"key":"REST"},{"floor":52,"key":"REST"}],"circlet_count":0,"master_deck":["AscendersBane","Strike_MRS","Defend_MRS","Defend_MRS","Defend_MRS+1","MasterSpark","UpSweep","SprinkleStarSeal+1","NonDirectionalLaser","UnstableBomb+1","Parasite","Parasite","PulseMagic+1","Apotheosis+1","GasGiant","Acceleration","MillisecondPulsars","UnstableBomb","OortCloud","PowerUp","DeepEcoloBomb","NonDirectionalLaser","GravityBeat","Acceleration","UltimateShortwave","Acceleration","MagicChant","Acceleration","PulseMagic","Wraith","Deep Breath","Acceleration","MagicAbsorber"],"relics":["MiniHakkero","FossilizedHelix","Du-Vu Doll","Old Coin","ShroomBag","War Paint","Fusion Hammer","Bag of Marbles","MagicBroom","Torii","Kunai","Ginger","Cursed Key","SproutingBranch","Bird Faced Urn","StrikeDummy","Blue Candle","CatCart","Lantern"],"acts_visited":["Exordium","TheCity","TheBeyond","TheEnding"],"potions_floor_usage":[7,16,23,27,35,37,37,40,54,54,54,55,55],"damage_taken":[{"damage":4,"enemies":"Jaw Worm","floor":1,"turns":4},{"damage":0,"enemies":"Cultist","floor":3,"turns":2},{"damage":0,"enemies":"2 Louse","floor":4,"turns":2},{"damage":0,"enemies":"Large Slime","floor":5,"turns":3},{"damage":0,"enemies":"Gremlin Nob","floor":7,"turns":4},{"damage":15,"enemies":"3 Sentries","floor":10,"turns":6},{"damage":0,"enemies":"Blue Slaver","floor":14,"turns":2},{"damage":0,"enemies":"The Guardian","floor":16,"turns":7},{"damage":0,"enemies":"Chosen","floor":18,"turns":3},{"damage":0,"enemies":"Spheric Guardian","floor":19,"turns":3},{"damage":14,"enemies":"Book of Stabbing","floor":23,"turns":4},{"damage":0,"enemies":"3 Cultists","floor":25,"turns":4},{"damage":14,"enemies":"Slavers","floor":27,"turns":2},{"damage":0,"enemies":"Book of Stabbing","floor":30,"turns":5},{"damage":0,"enemies":"Cultist and Chosen","floor":31,"turns":3},{"damage":0,"enemies":"Automaton","floor":33,"turns":6},{"damage":9,"enemies":"3 Shapes","floor":35,"turns":4},{"damage":7,"enemies":"2 Orb Walkers","floor":37,"turns":3},{"damage":0,"enemies":"Orb Walker","floor":38,"turns":2},{"damage":0,"enemies":"Nemesis","floor":40,"turns":3},{"damage":0,"enemies":"Spire Growth","floor":41,"turns":2},{"damage":0,"enemies":"Giant Head","floor":42,"turns":3},{"damage":0,"enemies":"Transient","floor":44,"turns":6},{"damage":0,"enemies":"Maw","floor":45,"turns":4},{"damage":0,"enemies":"Reptomancer","floor":46,"turns":4},{"damage":2,"enemies":"Orin","floor":47,"turns":3},{"damage":3,"enemies":"Awakened One","floor":50,"turns":5},{"damage":23,"enemies":"Shield and Spear","floor":54,"turns":4},{"damage":80,"enemies":"The Heart","floor":55,"turns":8}],"seed_played":"4588091063895556203","potions_obtained":[{"floor":3,"key":"Block Potion"},{"floor":7,"key":"Energy Potion"},{"floor":16,"key":"SteroidPotion"},{"floor":27,"key":"ShroomBrew"},{"floor":31,"key":"BottledSpark"},{"floor":35,"key":"ColorlessPotion"},{"floor":37,"key":"SpeedPotion"},{"floor":44,"key":"BlessingOfTheForge"},{"floor":47,"key":"BlessingOfTheForge"},{"floor":54,"key":"EntropicBrew"}],"is_trial":false,"path_per_floor":["M","?","M","M","M","R","E","R","T","E","R","?","$","M","R","B",null,"M","M","?","?","?","E","R","M","T","E","?","R","E","M","R","B",null,"M","$","?","M","?","E","M","E","T","M","M","E","?","$","R","B",null,"R","$","E","B",null],"character_chosen":"MARISA","items_purchased":["Apotheosis","GasGiant","ColorlessPotion","MagicChant","SkillPotion","Deep Breath","Block Potion","Acceleration"],"campfire_rested":4,"item_purchase_floors":[13,13,13,36,48,53,53,53],"current_hp_per_floor":[59,59,59,59,59,59,59,59,59,44,44,44,44,46,46,50,65,69,70,70,50,50,40,62,66,66,56,56,75,75,75,75,75,75,66,66,61,70,70,75,75,75,75,75,75,75,74,74,75,75,75,75,75,63,8],"gold":47,"neow_bonus":"REMOVE_TWO","is_daily":false,"chose_seed":false,"campfire_upgraded":4,"win_rate":0.0,"timestamp":1607820685,"path_taken":["M","?","?","M","M","R","E","R","T","E","R","?","$","M","R","BOSS","M","M","?","?","?","E","R","M","T","E","?","R","E","M","R","BOSS","M","$","?","M","?","E","M","E","T","M","?","E","?","$","R","BOSS","R","$","E","BOSS"],"items_purchased_type":["Card","Card","Potion","Card","Potion","Card","Potion","Card"],"build_version":"2020-11-30","purchased_purges":2,"victory":true,"max_hp_per_floor":[70,70,70,70,70,70,70,70,70,70,70,70,70,70,70,70,70,70,70,70,75,75,75,75,75,75,75,75,75,75,75,75,75,75,75,75,75,75,75,75,75,75,75,75,75,75,75,75,75,75,75,75,75,75,75],"card_choices":[{"not_picked":["GrandCross","MeteoricShower"],"picked":"BlazeAway","floor":1},{"not_picked":["GravityBeat","6A"],"picked":"SprinkleStarSeal","floor":3},{"not_picked":["ShootingEcho","GalacticHalo"],"picked":"NonDirectionalLaser","floor":4},{"not_picked":["SprinkleStarSeal","StarlightTyphoon"],"picked":"Orbital","floor":5},{"not_picked":["DarkSpark","DoubleSpark"],"picked":"UnstableBomb","floor":7},{"not_picked":["GrandCross","UnstableBomb"],"picked":"PulseMagic","floor":10},{"not_picked":["AsteroidBelt","DarkSpark"],"picked":"Acceleration","floor":14},{"not_picked":["CasketOfStar","BinaryStars"],"picked":"MillisecondPulsars","floor":16},{"not_picked":["SporeBomb","ChargingUp"],"picked":"UnstableBomb","floor":18},{"not_picked":["PowerUp","DoubleSpark"],"picked":"OortCloud","floor":19},{"not_picked":["MilkyWay","OpenUniverse+1","LuminesStrike"],"picked":"SKIP","floor":23},{"not_picked":["WitchLeyline","JA"],"picked":"DeepEcoloBomb","floor":25},{"not_picked":["Orbital","GalacticHalo"],"picked":"NonDirectionalLaser","floor":27},{"not_picked":["ShootingEcho","OneTimeOff"],"picked":"GravityBeat","floor":30},{"not_picked":["PowerUp","BlazeAway"],"picked":"Acceleration","floor":31},{"not_picked":["BinaryStars","CasketOfStar"],"picked":"UltimateShortwave","floor":33},{"not_picked":["ShootingEcho","GravityBeat"],"picked":"Acceleration","floor":35},{"not_picked":["PulseMagic","DeepEcoloBomb","WitchLeyline"],"picked":"SKIP","floor":38},{"not_picked":["UnstableBomb","BlazeAway+1","DarkMatter+1"],"picked":"SKIP","floor":40},{"not_picked":["6A","StarlightTyphoon"],"picked":"Acceleration","floor":41},{"not_picked":["DeepEcoloBomb","EscapeVelocity"],"picked":"PulseMagic","floor":42},{"not_picked":["Orbital","WitchLeyline","MeteoricShower"],"picked":"SKIP","floor":44},{"not_picked":["Acceleration","UnstableBomb+1","ChargeUpSpray+1"],"picked":"SKIP","floor":45},{"not_picked":["GravityBeat","DoubleSpark","WitchLeyline"],"picked":"SKIP","floor":46},{"not_picked":["MysteriousBeam","DeepEcoloBomb"],"picked":"MagicAbsorber","floor":54}],"player_experience":1143650,"relics_obtained":[{"floor":7,"key":"Du-Vu Doll"},{"floor":9,"key":"Old Coin"},{"floor":10,"key":"ShroomBag"},{"floor":23,"key":"MagicBroom"},{"floor":26,"key":"Torii"},{"floor":27,"key":"Kunai"},{"floor":30,"key":"Ginger"},{"floor":37,"key":"SproutingBranch"},{"floor":40,"key":"Bird Faced Urn"},{"floor":42,"key":"StrikeDummy"},{"floor":46,"key":"Blue Candle"},{"floor":47,"key":"CatCart"},{"floor":54,"key":"Lantern"}],"event_choices":[{"cards_removed":["BlazeAway"],"damage_healed":0,"gold_gain":0,"player_choice":"Gave Card","damage_taken":0,"relics_obtained":["FossilizedHelix"],"max_hp_gain":0,"max_hp_loss":0,"event_name":"WeMeetAgain","floor":2,"gold_loss":0},{"damage_healed":0,"gold_gain":0,"player_choice":"Box","damage_taken":0,"relics_obtained":["War Paint"],"max_hp_gain":0,"max_hp_loss":0,"event_name":"Big Fish","floor":12,"gold_loss":0,"cards_obtained":["Regret"]},{"damage_healed":0,"gold_gain":0,"player_choice":"Obtained Relic","damage_taken":0,"relics_obtained":["Bag of Marbles"],"max_hp_gain":0,"max_hp_loss":0,"event_name":"Addict","floor":20,"gold_loss":85},{"damage_healed":0,"gold_gain":0,"player_choice":"Shed Blood","damage_taken":25,"max_hp_gain":5,"max_hp_loss":0,"event_name":"Forgotten Altar","floor":21,"gold_loss":0},{"damage_healed":0,"gold_gain":0,"cards_transformed":["Orbital","Strike_MRS"],"player_choice":"Became Test Subject","damage_taken":0,"max_hp_gain":0,"max_hp_loss":0,"event_name":"Drug Dealer","floor":22,"gold_loss":0,"cards_obtained":["PowerUp","SuperPerseids"]},{"cards_removed":["SuperPerseids"],"damage_healed":0,"gold_gain":0,"player_choice":"Gave Gold","damage_taken":0,"max_hp_gain":0,"max_hp_loss":0,"event_name":"Beggar","floor":28,"gold_loss":75},{"damage_healed":0,"gold_gain":0,"player_choice":"Fight","damage_taken":0,"max_hp_gain":0,"max_hp_loss":0,"event_name":"Mysterious Sphere","floor":37,"gold_loss":0},{"damage_healed":0,"gold_gain":0,"player_choice":"0 cards matched","damage_taken":0,"max_hp_gain":0,"max_hp_loss":0,"event_name":"Match and Keep!","floor":39,"gold_loss":0,"cards_obtained":[]},{"damage_healed":0,"gold_gain":0,"player_choice":"Fight","damage_taken":0,"max_hp_gain":0,"max_hp_loss":0,"event_name":"OrinTheCat","floor":47,"gold_loss":0}],"is_beta":false,"boss_relics":[{"not_picked":["Ectoplasm","SacredBark"],"picked":"Fusion Hammer"},{"not_picked":["Runic Dome","Velvet Choker"],"picked":"Cursed Key"}],"items_purged_floors":[13,36],"is_endless":false,"potions_floor_spawned":[3,7,16,18,27,31,35,37,44,47,54],"ascension_level":18}}