{"host":"l8lm1goh5xm9tkuw","time":1607853780,"event":{"mods":["Act Like it!","Alarm Clock","Astrologer","BaseMod","Colored Map","Colored Powertips","GungeonMod","Hermit","KinomotoSakuraMod(Ä¾Ö®±¾Ó£)","KomeijiMod","Library of Ruina","Library of Ruina Extra","Lobotomy","LobotomyExtend","Marisa£¨ìFÓê¡¡Ä§ÀíÉ³£©","Minty Spire (QoL Compilation)","MostiFishMod","Quick Restart","Replay The Spire","Shade Mod","StSLib","TestMod","The Animator","The Bug Knight","The Hierophant","UnlockEverythingMod","Yuri Mod","vexMod","¡¾ÒÅÎï¿¨ÅÆ¡¿REMEMod"],"gold_per_floor":[120,136,151,165,185,215,215,245,268,268,268,285,316,91,91,190,190,202,202,218,229,295,326,326,42,42,59,85,102,130,153,153,269,269,284,304,320,320,24,63,83,122,175,214,214,227,246,246,246,259,259,259,259,22,73,87],"floor_reached":57,"playtime":2291,"items_purged":["Pain","LightAttack","LightDefense","LightDefense"],"score":2327,"play_id":"dd42ff43-4dff-492e-b7d6-f4eed5f9a9a4","local_time":"20201213180300","is_ascension_mode":true,"campfire_choices":[{"data":"ExtractFuel","floor":10,"key":"SMITH"},{"floor":15,"key":"RECALL"},{"data":"WillOfThePrescript","floor":24,"key":"SMITH"},{"data":"Multislash","floor":32,"key":"SMITH"},{"data":"TendonChords","floor":45,"key":"SMITH"},{"data":"QuickAttack","floor":49,"key":"SMITH"},{"data":"Unlock1","floor":53,"key":"SMITH"}],"circlet_count":0,"master_deck":["AscendersBane","Dodge","LightDefense","LightDefense","ChargeAndCover","FocusedStrikes","CleanUp+1","SenseQuarry+1","ExtractFuel+1","Decapitation+1","Multislash+1","WillOfThePrescript+1","ForTheFamily+1","TendonChords+1","Unlock1+1","TrashDisposal+1","QuickAttack+1","Observe+1","SomberProcuration+1","SunsetBlade+1"],"relics":["PageOfLibrarian","DaveBox","testmod-TestBox","REME_ComplimentaryCards","BrkXgEgg","testmod-Justice","Question Card","LetterFromLob","DemoMod:Metronome","ReplayTheSpireMod:Lightbulb","WarpedTongs","Simple Rune","Nunchaku","ImportantClient","HaiYi:Twilight","Pet Ghost","ImprovedEquipment","Ornamental Fan","Replay:Accelerometer","testmod-Acrobat","StrikeDummy","Black Star","PageOfUniverseFragment","vexMod:FocusSash","Replay:Bottled Snecko","PageOfBloodbath","DemoMod:Bottle","Centennial Puzzle","DemoMod:ClearGuonStone","Lee\u0027s Waffle","testmod-CasingShield","testmod-Antiphasic"],"acts_visited":["Exordium","TheCity","TheBeyond","TheEnding"],"potions_floor_usage":[4,13,18,29,35,44,56,56],"damage_taken":[{"damage":0.0,"enemies":"Cultist","floor":1.0,"turns":4.0},{"damage":3.0,"enemies":"2 Louse","floor":2.0,"turns":3.0},{"damage":0.0,"enemies":"Small Slimes","floor":3.0,"turns":3.0},{"damage":10,"enemies":"Exordium Thugs","floor":4,"turns":3},{"damage":0,"enemies":"Large Slime","floor":5,"turns":5},{"damage":20,"enemies":"Lagavulin","floor":6,"turns":7},{"damage":8,"enemies":"Gremlin Nob","floor":8,"turns":3},{"damage":4,"enemies":"2 Fungi Beasts","floor":12,"turns":4},{"damage":5,"enemies":"3 Sentries","floor":13,"turns":6},{"damage":5,"enemies":"Fading Forest","floor":16,"turns":11},{"damage":5,"enemies":"Shell Parasite","floor":18,"turns":4},{"damage":3,"enemies":"Spheric Guardian","floor":20,"turns":4},{"damage":1,"enemies":"Cultist and Chosen","floor":21,"turns":6},{"damage":5,"enemies":"Book of Stabbing","floor":23,"turns":3},{"damage":0,"enemies":"Sentry and Sphere","floor":27,"turns":4},{"damage":10,"enemies":"HollowMod:Nosk","floor":28,"turns":5},{"damage":0,"enemies":"3 Cultists","floor":29,"turns":4},{"damage":7,"enemies":"Book of Stabbing","floor":30,"turns":2},{"damage":0,"enemies":"Cultist and Chosen","floor":31,"turns":3},{"damage":8,"enemies":"Automaton","floor":33,"turns":11},{"damage":7,"enemies":"3 Shapes","floor":35,"turns":5},{"damage":0,"enemies":"Orb Walker","floor":36,"turns":3},{"damage":0,"enemies":"Sphere and 2 Shapes","floor":37,"turns":2},{"damage":0,"enemies":"Nemesis","floor":40,"turns":3},{"damage":0,"enemies":"4 Shapes","floor":41,"turns":4},{"damage":0,"enemies":"Giant Head","floor":42,"turns":4},{"damage":0,"enemies":"Reptomancer","floor":44,"turns":2},{"damage":0,"enemies":"3 Darklings","floor":46,"turns":2},{"damage":0,"enemies":"Sphere and 2 Shapes","floor":47,"turns":2},{"damage":11,"enemies":"Donu and Deca","floor":50,"turns":4},{"damage":13,"enemies":"Shield and Spear","floor":55,"turns":3},{"damage":51,"enemies":"The Heart","floor":56,"turns":5}],"seed_played":"-282238086894853834","potions_obtained":[{"floor":2.0,"key":"FearPotion"},{"floor":5,"key":"GamblersBrew"},{"floor":8,"key":"BlessingOfTheForge"},{"floor":16,"key":"Flashbang"},{"floor":21,"key":"SkillPotion"},{"floor":31,"key":"Ancient Potion"},{"floor":33,"key":"SkillPotion"},{"floor":36,"key":"AttackPotion"},{"floor":46,"key":"ExcitationPotion"}],"is_trial":false,"path_per_floor":["M","M","M","M","M","E","M","E","T","R","?","M","E","$","R","B",null,"M","?","M","M","?","E","R","$","T","M","E","M","E","M","R","B",null,"M","M","M","?","$","E","M","E","T","E","R","M","M","?","R","B",null,null,"R","$","E","B",null],"character_chosen":"Librarian","items_purchased":["Nunchaku","Ornamental Fan","PageOfUniverseFragment","Lee\u0027s Waffle"],"campfire_rested":0,"item_purchase_floors":[14,25,39,54],"current_hp_per_floor":[54,51,51,41,41,21,75,65,65,65,65,65,62,62,62,65,65,60,65,62,65,38,35,35,35,35,37,50,76,76,76,76,76,76,76,76,82,82,82,82,82,82,82,82,82,82,82,78,78,73,73,77,77,85,80,44],"gold":87,"neow_bonus":"TRANSFORM_CARD","is_daily":false,"chose_seed":false,"campfire_upgraded":6,"win_rate":0.0,"timestamp":1607853780,"path_taken":["M","M","?","M","M","E","M","E","T","R","?","M","E","?","R","BOSS","M","?","M","M","?","E","R","$","T","M","E","M","E","M","R","BOSS","M","M","?","?","$","E","M","E","T","E","R","M","?","?","R","BOSS","R","$","E","BOSS"],"items_purchased_type":["Relic","Relic","Relic","Relic"],"build_version":"2020-11-30","purchased_purges":4,"victory":true,"max_hp_per_floor":[61,62,68,68,68,75,75,65,65,65,65,65,65,65,65,65,65,65,65,68,68,68,74,74,74,74,76,76,76,76,76,76,76,76,82,82,82,82,82,82,82,82,82,82,82,82,82,78,78,78,78,78,78,85,85,90],"card_choices":[{"not_picked":["EnergyCycle","FlowOfTheSword","FleetEdge","MultiHit"],"picked":"SKIP","floor":1.0},{"not_picked":["FrontalAssault","ClassAndRespect","Reload","TendonChords","StrongStrike"],"picked":"SKIP","floor":2.0},{"not_picked":["StrongStrike","LoosenUp","FrontalAssault","SunsetBlade","MultiHit"],"picked":"SKIP","floor":3.0},{"not_picked":["Guardian_lor","NightInTheBackstreets","StrongStrike","Zzzzzap","DarkCloud"],"picked":"SKIP","floor":4},{"not_picked":["AbsorbImpact","Guardian_lor","DestructiveImpact","EnergyShield","StructuralAnalysis"],"picked":"SKIP","floor":5},{"not_picked":["AsThePrescriptOrders","MindPrepared","GatherIntel","Execute_lor"],"picked":"SenseQuarry+1","floor":6},{"not_picked":["ShrineToMusic","Cruelty+1","CookingPrep","LawAndOrder"],"picked":"ExtractFuel","floor":8},{"not_picked":["DarkCloud","UpbeatPerformance","StructuralAnalysis","UnavoidableGaze","MultiHit"],"picked":"SKIP","floor":12},{"not_picked":["StrongStrike","OpportunitySpotted","FleetFootsteps","Faith","UnavoidableGaze"],"picked":"SKIP","floor":13},{"not_picked":["SilentNight+1","Cruelty+1","WillProduceFineSilk+1"],"picked":"Decapitation+1","floor":16},{"not_picked":["NightInTheBackstreets","EnergyConversion+1","ChargeUp+1","DestructiveImpact","BladeWhirl"],"picked":"SKIP","floor":18},{"not_picked":["DarkCloud","UpbeatPerformance","ICanCookAnything","Faith","OpportunitySpotted"],"picked":"SKIP","floor":20},{"not_picked":["MindPrepared","Riposte","Thirst","ShockingBlow"],"picked":"Multislash","floor":21},{"not_picked":["NonstopAssault+1","KeepItFresh","MultiBlock","StructuralAnalysis"],"picked":"WillOfThePrescript","floor":22},{"not_picked":["Castigation+1","Zzzzzap","Faith","Pound"],"picked":"ForTheFamily+1","floor":23},{"not_picked":["DarkCloud","Thirst+1","CookingPrep","YoureAHindrance","ChargeUp+1"],"picked":"SKIP","floor":27},{"not_picked":["FleetFootsteps","Decapitation+1","Multislash","AsThePrescriptOrders"],"picked":"TendonChords","floor":28},{"not_picked":["QuickAttack","NightInTheBackstreets+1","WillProduceFineSilk+1","WillBeTasty"],"picked":"Unlock1","floor":29},{"not_picked":["UnavoidableGaze","StructuralAnalysis","MindPrepared+1","StrongStrike","YoureAHindrance"],"picked":"SKIP","floor":30},{"not_picked":["UpbeatPerformance","Unlock1","MultiBlock+1","Faith","StrongStrike"],"picked":"SKIP","floor":31},{"not_picked":["WillProduceFineSilk+1","ScratchThat+1","Observe+1"],"picked":"TrashDisposal+1","floor":33},{"not_picked":["Unlock1","Brawl","UpbeatPerformance+1","ForTheFamily"],"picked":"QuickAttack","floor":35},{"not_picked":["DestructiveImpact","UnavoidableGaze","QuickAttack","WillOfThePrescript"],"picked":"Observe+1","floor":36},{"not_picked":["StructuralAnalysis","Eliminate+1","Faith","MultiBlock","TendonChords"],"picked":"SKIP","floor":37},{"not_picked":["Eliminate","NonstopAssault","Brawl","MultiBlock","StrongStrike"],"picked":"SKIP","floor":40},{"not_picked":["FleetFootsteps+1","WillOfThePrescript","HandlingWork","EnergyShield+1"],"picked":"SomberProcuration+1","floor":41},{"not_picked":["TrashDisposal+1","CutIn","EnergyConversion","UpbeatPerformance","PreparedMind"],"picked":"SKIP","floor":42},{"not_picked":["CutIn","Faith","StrongStrike+1","FleetFootsteps","HeavyPeaks+1"],"picked":"SKIP","floor":44},{"not_picked":["DarkCloud","EnergyShield","Pound","Unlock1","LawAndOrder"],"picked":"SKIP","floor":46},{"not_picked":["Multislash","Faith+1","ExtractFuel","StrongStrike","UnavoidableGaze+1"],"picked":"SKIP","floor":47},{"not_picked":["FleetFootsteps","GatherIntel","Multislash","AsThePrescriptOrders+1"],"picked":"SunsetBlade+1","floor":55}],"player_experience":306987,"relics_obtained":[{"floor":1.0,"key":"Question Card"},{"floor":1.0,"key":"LetterFromLob"},{"floor":6,"key":"DemoMod:Metronome"},{"floor":8,"key":"ReplayTheSpireMod:Lightbulb"},{"floor":13,"key":"Simple Rune"},{"floor":16,"key":"ImportantClient"},{"floor":22,"key":"Pet Ghost"},{"floor":23,"key":"ImprovedEquipment"},{"floor":26,"key":"Replay:Accelerometer"},{"floor":28,"key":"testmod-Acrobat"},{"floor":30,"key":"StrikeDummy"},{"floor":40,"key":"vexMod:FocusSash"},{"floor":40,"key":"Replay:Bottled Snecko"},{"floor":42,"key":"PageOfBloodbath"},{"floor":42,"key":"DemoMod:Bottle"},{"floor":43,"key":"Centennial Puzzle"},{"floor":44,"key":"DemoMod:ClearGuonStone"},{"floor":55,"key":"testmod-CasingShield"},{"floor":55,"key":"testmod-Antiphasic"}],"event_choices":[{"damage_healed":0,"gold_gain":0,"player_choice":"Rummage","damage_taken":0,"relics_obtained":["WarpedTongs"],"max_hp_gain":0,"max_hp_loss":0,"event_name":"Accursed Blacksmith","floor":11,"gold_loss":0,"cards_obtained":["Pain"]},{"damage_healed":0,"gold_gain":0,"player_choice":"Bought 0 Potions","damage_taken":0,"max_hp_gain":0,"max_hp_loss":0,"event_name":"The Woman in Blue","floor":38,"gold_loss":0},{"damage_healed":0,"gold_gain":0,"player_choice":"Max HP","damage_taken":0,"max_hp_gain":0,"max_hp_loss":4,"event_name":"Winding Halls","floor":48,"gold_loss":0}],"is_beta":false,"boss_relics":[{"not_picked":["FixedStarFall","testmod-SaigiyounoYou"],"picked":"HaiYi:Twilight"},{"not_picked":["ChiXiaoBlade","MetatronsCube"],"picked":"Black Star"}],"items_purged_floors":[14,25,39,54],"is_endless":false,"potions_floor_spawned":[2,5,8,16,21,27,31,33,36,46],"ascension_level":12}}