{"host":"vm8b3ptwl81uq21f","time":1607885747,"event":{"mods":["BaseMod","BetterRewards","Colored Powertips","Downfall","GifTheSpireLib","Googly Eyes","GungeonMod","Halation","Hubris","Minty Spire (QoL Compilation)","Quick Restart","Rare Cards Sparkle","Replay The Spire","Shop Mod","StSLib","Stuff the Spire","The Bug Knight","The IronCluck","[IsaacMod]????"],"gold_per_floor":[99,99,112,112,127,127,173,190,190,200,200,55,70,87,97,192,192,192,207,224,37,70,84,84,9,40,40,52,69,82,82,94,193,193,193,209,221,221,221,250,277,71,89,14,33,48,48,66,80,80],"floor_reached":51,"playtime":3407,"items_purged":["Guardian:Strike_Guardian"],"score":742,"play_id":"1907013a-731f-4a81-8389-4e08d1bd64de","local_time":"20201213135547","is_ascension_mode":false,"campfire_choices":[{"floor":1,"key":"DIG"},{"data":"Guardian:TwinSlam","floor":4,"key":"SMITH"},{"data":"Guardian:SentryBeam","floor":6,"key":"SMITH"},{"data":"Guardian:BaubleBeam","floor":9,"key":"SMITH"},{"data":"Guardian:BronzeOrb","floor":18,"key":"SMITH"},{"data":"Guardian:StasisStrike","floor":27,"key":"SMITH"},{"data":"StuffTheSpire:CelestialWarden","floor":35,"key":"SMITH"},{"data":"Guardian:PrismaticBarrier","floor":38,"key":"SMITH"},{"data":"ReplayTheSpireMod:Brewmster","floor":44,"key":"SMITH"}],"circlet_count":0,"master_deck":["Pot Of Greed","Guardian:Strike_Guardian","Guardian:Strike_Guardian","Guardian:Defend_Guardian","Guardian:Defend_Guardian","Guardian:Defend_Guardian","Guardian:Defend_Guardian","Guardian:CurlUp","Guardian:TwinSlam+1","Guardian:PrimingBeam","Guardian:SentryBeam+1","Guardian:BaubleBeam+1","Guardian:MultiBeam+1","Guardian:Reroute","Guardian:BronzeOrb+1","Guardian:PiercingHide","Guardian:ShieldCharger","Guardian:GemFinder","ReplayTheSpireMod:Brewmster+1","Guardian:RevengeProtocol","Guardian:StasisStrike+1","StuffTheSpire:CelestialWarden+1","Guardian:WalkerClaw+1","Guardian:PiercingHide+1","Guardian:CrystalBeam","Guardian:PrismaticBarrier+1","Guardian:ExploitGems","Guardian:ExploitGems","Guardian:Planning","Guardian:VentSteam+1","Guardian:ArmoredProtocol","Guardian:Suspension","Guardian:Aged","Guardian:TimeSifter","Guardian:Gem_Fragmented"],"relics":["Guardian:ModeShifter","HushsDoor","YumHeart","Dream Catcher","StuffTheSpire:DarkSteelAnvil","Replay:Mystery Machine","ReplayTheSpireMod:DimensionalGlitch","Juzu Bracelet","Nunchaku","halation:AfternoonTea","halation:LoveArrow","hubris:Towel","TungstenRod","Mummified Hand","SatanicBible","downfall:HeartBlessingGreen","Guardian:StasisEgg"],"acts_visited":["Exordium","TheCity","TheBeyond"],"potions_floor_usage":[16,22,22,26,26,33,33,33,33,33,33,33,33,33,40,40,40,40,40,46,48,48,48,50,50,50,50,50,50,50],"damage_taken":[{"damage":0,"enemies":"Jaw Worm","floor":3,"turns":4},{"damage":0,"enemies":"Cultist","floor":5,"turns":3},{"damage":0,"enemies":"Small Slimes","floor":8,"turns":3},{"damage":4,"enemies":"Gremlin Gang","floor":10,"turns":4},{"damage":0,"enemies":"downfall:FleeingMerchant","floor":12,"turns":4},{"damage":1,"enemies":"Large Slime","floor":13,"turns":4},{"damage":0,"enemies":"2 Fungi Beasts","floor":14,"turns":1},{"damage":0,"enemies":"3 Louse","floor":15,"turns":2},{"damage":13,"enemies":"downfall:Ironclad","floor":16,"turns":7},{"damage":0,"enemies":"3 Byrds","floor":19,"turns":4},{"damage":5,"enemies":"Centurion and Healer","floor":20,"turns":3},{"damage":2,"enemies":"downfall:FleeingMerchant","floor":21,"turns":4},{"damage":3,"enemies":"Replay:Snechameleon","floor":22,"turns":5},{"damage":9,"enemies":"Snecko","floor":23,"turns":3},{"damage":4,"enemies":"Gremlin Leader","floor":26,"turns":5},{"damage":0,"enemies":"Snake Plant","floor":28,"turns":3},{"damage":0,"enemies":"Shelled Parasite and Fungi","floor":29,"turns":1},{"damage":0,"enemies":"Centurion and Healer","floor":30,"turns":4},{"damage":0,"enemies":"Cultist and Chosen","floor":32,"turns":4},{"damage":2,"enemies":"downfall:Silent","floor":33,"turns":5},{"damage":16,"enemies":"3 Shapes","floor":36,"turns":5},{"damage":0,"enemies":"Orb Walker","floor":37,"turns":3},{"damage":15,"enemies":"Giant Head","floor":40,"turns":6},{"damage":0,"enemies":"downfall:FleeingMerchant","floor":42,"turns":4},{"damage":25,"enemies":"Sphere and 2 Shapes","floor":43,"turns":5},{"damage":0,"enemies":"Spire Growth","floor":45,"turns":3},{"damage":0,"enemies":"Jaw Worm Horde","floor":46,"turns":2},{"damage":6,"enemies":"Transient","floor":48,"turns":5},{"damage":0,"enemies":"Writhing Mass","floor":49,"turns":4},{"damage":14,"enemies":"downfall:Defect","floor":50,"turns":7}],"seed_played":"3771603479740273989","potions_obtained":[{"floor":8,"key":"ColorlessPotion"},{"floor":13,"key":"ColorlessPotion"},{"floor":14,"key":"Energy Potion"},{"floor":16,"key":"DuplicationPotion"},{"floor":23,"key":"hexamod:EctoCoolerPotion"},{"floor":28,"key":"FearPotion"},{"floor":30,"key":"DuplicationPotion"},{"floor":32,"key":"Strength Potion"},{"floor":37,"key":"hexamod:EctoCoolerPotion"},{"floor":45,"key":"BlessingOfTheForge"},{"floor":48,"key":"Venom Potion"}],"is_trial":false,"path_per_floor":["R","?","M","R","M","R","T","M","R","M","?","$","M","M","M","B",null,"R","M","M","$","E","M","T","?","E","R","M","M","M","?","M","B",null,"R","M","M","R","?","E","T","$","M","R","M","M","?","M","M","B",null],"character_chosen":"GUARDIAN","items_purchased":["Guardian:MultiBeam+1","Guardian:BronzeOrb","ReplayTheSpireMod:Brewmster","Mummified Hand","SatanicBible","Guardian:Planning"],"campfire_rested":0,"item_purchase_floors":[12,17,21,42,42,42],"current_hp_per_floor":[80,80,80,80,80,80,80,80,80,76,76,76,75,75,75,62,77,77,77,72,70,67,58,58,58,77,77,77,77,77,77,77,75,77,77,61,61,61,61,71,71,71,46,46,46,71,71,65,65,51],"gold":80,"neow_bonus":"RANDOM_COMMON_RELIC","is_daily":false,"chose_seed":false,"campfire_upgraded":8,"win_rate":0.0,"timestamp":1607885747,"path_taken":["R","?","?","R","M","R","T","M","R","?","?","$","M","M","M","BOSS","R","M","M","?","E","M","T","?","E","R","M","M","M","?","M","BOSS","R","M","M","R","?","E","T","$","M","R","M","M","?","M","M","BOSS"],"items_purchased_type":["Card","Card","Card","Relic","Relic","Card"],"build_version":"2020-11-30","purchased_purges":1,"victory":true,"max_hp_per_floor":[80,80,80,80,80,80,80,80,80,80,80,80,80,80,80,80,77,77,77,77,77,77,77,77,77,77,77,77,77,77,77,77,77,77,77,77,77,77,77,77,77,77,77,77,77,77,77,77,77,77],"card_choices":[{"not_picked":["Guardian:VentSteam","Guardian:Incinerate"],"picked":"Guardian:PrimingBeam","floor":3},{"not_picked":["Guardian:PrimingBeam","Guardian:BronzeArmor"],"picked":"Guardian:SentryBeam","floor":5},{"not_picked":["Guardian:DonusPower","Guardian:Reroute"],"picked":"Guardian:BaubleBeam","floor":8},{"not_picked":["Guardian:ShieldCharger","Guardian:EvasiveProtocol"],"picked":"Bomb","floor":10},{"not_picked":["Guardian:Gem_Lightblue","Guardian:ShieldSpikes"],"picked":"Guardian:Gem_White","floor":12},{"not_picked":["Guardian:MultiBeam","Guardian:HyperBeam_Guardian"],"picked":"Guardian:Reroute","floor":13},{"not_picked":["Guardian:CrystalBeam","Guardian:Gem_Green"],"picked":"Guardian:Gem_Crimson","floor":14},{"not_picked":["Guardian:Planning","Guardian:ArmoredProtocol","Guardian:Suspension"],"picked":"SKIP","floor":15},{"not_picked":["Guardian:GemFire","Guardian:ConstructionForm"],"picked":"Guardian:Gem_Synthetic","floor":16},{"not_picked":["Guardian:ArmoredProtocol","Guardian:Repulse+1"],"picked":"Guardian:PiercingHide","floor":19},{"not_picked":["Guardian:Gem_Cyan","Guardian:TimeCapacitor+1"],"picked":"Guardian:ShieldCharger","floor":20},{"not_picked":["Guardian:Reroute","Guardian:Gem_Cyan"],"picked":"Guardian:GemFinder","floor":21},{"not_picked":["Guardian:Gem_Cyan","Guardian:Gem_Lightblue"],"picked":"Guardian:Gem_Green","floor":22},{"not_picked":["Guardian:Orbwalk","Guardian:Gem_Cyan"],"picked":"Guardian:RevengeProtocol","floor":22},{"not_picked":["Guardian:Gem_Cyan","Guardian:Gem_Lightblue"],"picked":"Guardian:Gem_Red","floor":23},{"not_picked":["Guardian:ChargeCore+1","Guardian:MultiBeam"],"picked":"Guardian:StasisStrike","floor":23},{"not_picked":["Guardian:Gem_Green","Guardian:Gem_Lightblue"],"picked":"Guardian:Gem_Cyan","floor":26},{"not_picked":["Guardian:FloatingOrbs+1","Guardian:ChargeUp"],"picked":"Guardian:Gem_Yellow","floor":26},{"not_picked":["Guardian:Gem_Cyan","Guardian:Gem_Lightblue"],"picked":"Guardian:Gem_Red","floor":28},{"not_picked":["Guardian:ChargeCore","Guardian:Recover"],"picked":"Guardian:WalkerClaw+1","floor":28},{"not_picked":["Guardian:GuardianWhirl+1","Guardian:PolyBeam"],"picked":"Guardian:PiercingHide+1","floor":29},{"not_picked":["Guardian:Gem_Red","Guardian:Gem_Lightblue"],"picked":"Guardian:Gem_Cyan","floor":30},{"not_picked":["Guardian:EvasiveProtocol","Guardian:Recover"],"picked":"Guardian:CrystalBeam","floor":30},{"not_picked":["Guardian:Gem_Cyan","Guardian:Gem_Green"],"picked":"Guardian:Gem_Red","floor":32},{"not_picked":["Guardian:BronzeOrb","Guardian:PiercingHide+1"],"picked":"Guardian:PrismaticBarrier","floor":32},{"not_picked":["Guardian:RevengeProtocol","Guardian:AncientConstruct"],"picked":"Guardian:ExploitGems","floor":33},{"not_picked":["Guardian:Gem_Lightblue","Guardian:Gem_Red"],"picked":"Guardian:Gem_Cyan","floor":36},{"not_picked":["Guardian:Gem_Purple","Guardian:VentSteam+1"],"picked":"Guardian:Gem_Blue","floor":36},{"not_picked":["Guardian:Incinerate","Guardian:TemporalShield+1"],"picked":"Guardian:Gem_Blue","floor":37},{"not_picked":["Guardian:Gem_Lightblue","Guardian:Gem_Cyan"],"picked":"Guardian:Gem_Green","floor":40},{"not_picked":["Guardian:Gem_Lightblue","Guardian:Gem_Cyan"],"picked":"Guardian:Gem_Green","floor":40},{"not_picked":["Guardian:TemporalShield","Guardian:Gem_Lightblue"],"picked":"Guardian:ExploitGems","floor":40},{"not_picked":["Guardian:ArmoredProtocol+1","Guardian:Gem_Red"],"picked":"Guardian:Gem_Fragmented","floor":42},{"not_picked":["Guardian:Gem_Lightblue","Guardian:Gem_Red"],"picked":"Guardian:Gem_Cyan","floor":43},{"not_picked":["Guardian:Gem_Red","Guardian:Gem_Lightblue"],"picked":"Guardian:Gem_Green","floor":43},{"not_picked":["Guardian:CrystalBeam+1","Guardian:WalkerClaw"],"picked":"Guardian:VentSteam+1","floor":43},{"not_picked":["Guardian:RefractedBeam","Guardian:TemporalStrike"],"picked":"Guardian:ArmoredProtocol","floor":45},{"not_picked":["Guardian:PrismaticBarrier+1","Guardian:Gem_Fragmented"],"picked":"Guardian:Suspension","floor":46},{"not_picked":["Guardian:BronzeArmor","Guardian:RollAttack+1"],"picked":"Guardian:TimeSifter","floor":48},{"not_picked":["Guardian:ShieldSpikes","Guardian:PrismaticBeam+1"],"picked":"Guardian:Gem_Fragmented","floor":49}],"player_experience":286357,"relics_obtained":[{"floor":1,"key":"StuffTheSpire:DarkSteelAnvil"},{"floor":7,"key":"Replay:Mystery Machine"},{"floor":22,"key":"Juzu Bracelet"},{"floor":24,"key":"Nunchaku"},{"floor":26,"key":"halation:AfternoonTea"},{"floor":40,"key":"TungstenRod"}],"event_choices":[],"is_beta":false,"boss_relics":[{"not_picked":["SacredBark","Replay:Drink Me"],"picked":"ReplayTheSpireMod:DimensionalGlitch"},{"not_picked":[]},{"not_picked":["StuffTheSpire:RunicConfusion","StuffTheSpire:ModemDavis"],"picked":"halation:LoveArrow"},{"not_picked":[]}],"items_purged_floors":[12],"is_endless":false,"potions_floor_spawned":[8,13,14,16,23,28,29,30,32,37,43,45,46,48],"ascension_level":0}}