{"host":"r3d3rfw8zyydmocx","time":1607892540,"event":{"mods":["Aspiration","BaseMod","Colored Powertips","Conspire","Highlight Path","Hubris","Minty Spire (QoL Compilation)","Replay The Spire","StSLib","The Hierophant","The Servant 0.9.4"],"gold_per_floor":[116,116,123,150,150,150,150,150,196,196,219,246,246,267,267,368,368,388,161,187,215,235,235,215,230,299,299,19,44,44,51,51,153,153,201,58,83,119,168,168,198,227,227,246,254,223,232,250,262,230,242,254,42,147,121],"floor_reached":56,"playtime":6711,"items_purged":["hierophant:Strike_Hierophant","Injury","Parasite"],"score":1237,"play_id":"9fd0e5b5-1d64-4ecf-a05f-bb59bf4ae446","local_time":"20201213124900","is_ascension_mode":true,"campfire_choices":[{"data":"Collect","floor":6.0,"key":"SMITH"},{"floor":8.0,"key":"REST"},{"data":"FlurryOfBlows","floor":10.0,"key":"SMITH"},{"data":"Omniscience","floor":23.0,"key":"SMITH"},{"data":"hierophant:LocustPlague","floor":27.0,"key":"SMITH"},{"data":"TalkToTheHand","floor":30.0,"key":"SMITH"},{"data":"CutThroughFate","floor":32.0,"key":"SMITH"},{"floor":40.0,"key":"RECALL"},{"data":"Scrawl","floor":49.0,"key":"SMITH"},{"data":"DevaForm","floor":52.0,"key":"SMITH"}],"circlet_count":0,"master_deck":["hierophant:Punish+1","hierophant:Defend_Hierophant+1","hierophant:ChurchCoffers+1","hierophant:Doubloon+1","FlurryOfBlows+1","EmptyMind","Replay:AllIn+1","CutThroughFate+1","Wish+1","hierophant:ArchangelShield","FollowUp+1","Omniscience+1","TalkToTheHand+1","hierophant:LocustPlague+1","hierophant:HammerAndAnvil+1","hierophant:ThreeLashes+1","TalkToTheHand+1","Vault","hierophant:Refuge+1","hierophant:Generosity+1","hierophant:CursedGold+1","hierophant:Doubloon","hierophant:Doubloon","hierophant:Doubloon","ClearTheMind+1","DevaForm+1","hierophant:Alms+1","hierophant:Doubloon+1","hierophant:Racketeering+1","Scrawl+1","FlurryOfBlows+1","TalkToTheHand+1","hierophant:Upheaval+1"],"relics":["aspiration:WatcherSkillbook","Akabeko","Dream Catcher","hubris:EvacipatedBox","ReplayTheSpireMod:TigerMarble","Kintsugi","Guide Book","Matryoshka","Strawberry","Molten Egg 2","aspiration:Nostalgia","Cracked Core","aspiration:HiddenCompartment","Oddly Smooth Stone","Replay:Grab Bag","Painkiller Herb","ReplayTheSpireMod:DimensionalGlitch","Astrolabe","SlaversCollar","Nunchaku","Mango","Juzu Bracelet","MawBank","DollysMirror","Lantern"],"acts_visited":["Exordium","TheCity","TheBeyond","TheEnding"],"potions_floor_usage":[55,55],"damage_taken":[{"damage":2.0,"enemies":"2 Louse","floor":1.0,"turns":2.0},{"damage":11.0,"enemies":"Cultist","floor":3.0,"turns":4.0},{"damage":15.0,"enemies":"Jaw Worm","floor":4.0,"turns":4.0},{"damage":9.0,"enemies":"3 Sentries","floor":11.0,"turns":7.0},{"damage":7.0,"enemies":"Blue Slaver","floor":12.0,"turns":3.0},{"damage":0.0,"enemies":"Exordium Wildlife","floor":14.0,"turns":5.0},{"damage":0.0,"enemies":"Slime Boss","floor":16.0,"turns":5.0},{"damage":0.0,"enemies":"3 Byrds","floor":18.0,"turns":2.0},{"damage":2.0,"enemies":"Chosen","floor":20.0,"turns":3.0},{"damage":0.0,"enemies":"Snecko","floor":21.0,"turns":5.0},{"damage":10.0,"enemies":"Cultist and Chosen","floor":22.0,"turns":3.0},{"damage":4.0,"enemies":"Slavers","floor":25.0,"turns":2.0},{"damage":16.0,"enemies":"conspire:SneckoGhost","floor":29.0,"turns":4.0},{"damage":2.0,"enemies":"Gremlin Leader","floor":31.0,"turns":3.0},{"damage":12.0,"enemies":"Champ","floor":33.0,"turns":6.0},{"damage":0.0,"enemies":"3 Darklings","floor":35.0,"turns":1.0},{"damage":0.0,"enemies":"Orb Walker","floor":37.0,"turns":1.0},{"damage":0.0,"enemies":"3 Darklings","floor":38.0,"turns":1.0},{"damage":21.0,"enemies":"Jaw Worm Horde","floor":39.0,"turns":6.0},{"damage":0.0,"enemies":"Writhing Mass","floor":41.0,"turns":1.0},{"damage":0.0,"enemies":"Reptomancer","floor":42.0,"turns":4.0},{"damage":0.0,"enemies":"Spire Growth","floor":44.0,"turns":3.0},{"damage":0.0,"enemies":"Maw","floor":45.0,"turns":3.0},{"damage":9.0,"enemies":"Sphere and 2 Shapes","floor":46.0,"turns":6.0},{"damage":2.0,"enemies":"R_Hoarder","floor":47.0,"turns":4.0},{"damage":22.0,"enemies":"Jaw Worm Horde","floor":48.0,"turns":2.0},{"damage":13.0,"enemies":"Awakened One","floor":50.0,"turns":5.0},{"damage":10.0,"enemies":"Shield and Spear","floor":54.0,"turns":5.0},{"damage":19,"enemies":"The Heart","floor":55,"turns":6}],"seed_played":"7761638180365058314","potions_obtained":[{"floor":1.0,"key":"Swift Potion"},{"floor":3.0,"key":"Block Potion"},{"floor":16.0,"key":"Reflective Coating"},{"floor":20.0,"key":"Regen Potion"},{"floor":22.0,"key":"Energy Potion"},{"floor":24.0,"key":"Adrenaline Potion"},{"floor":25.0,"key":"Milkshake"},{"floor":29.0,"key":"SpeedPotion"},{"floor":38.0,"key":"SkillPotion"},{"floor":41.0,"key":"Fire Potion"},{"floor":42.0,"key":"SkillPotion"},{"floor":48.0,"key":"Energy Potion"}],"is_trial":false,"path_per_floor":["M","?","M","M","?","R","?","R","T","R","E","M","$","M","R","B",null,"M","$","M","M","M","R","?","E","T","R","$","E","R","E","R","B",null,"?","T","?","?","?","T","?","E","T","?","?","?","E","?","T","B",null,"T","T","E","B",null],"character_chosen":"HIEROPHANT","items_purchased":["hubris:EvacipatedBox","ReplayTheSpireMod:TigerMarble","PowerPotion","Guide Book","aspiration:Nostalgia","hierophant:HammerAndAnvil+1","Nunchaku","DollysMirror","DuplicationPotion"],"campfire_rested":1,"item_purchase_floors":[13,13,13,19,28,28,36,53,53],"current_hp_per_floor":[73,73,62,47,47,47,32,54,54,54,45,38,1,1,23,23,75,75,75,73,73,63,63,63,59,66,66,66,50,50,48,48,36,79,79,79,79,79,58,58,58,72,72,72,72,63,61,39,39,26,93,93,93,83,64],"gold":121,"neow_bonus":"BOSS_RELIC","is_daily":false,"chose_seed":false,"campfire_upgraded":8,"win_rate":0.0,"timestamp":1607892540,"path_taken":["M","?","?","M","?","R","?","R","T","R","E","M","?","M","R","BOSS","M","$","M","M","M","R","?","E","T","R","?","E","R","E","R","BOSS","?","T","?","?","?","T","?","E","T","?","?","?","E","?","T","BOSS","T","T","E","BOSS"],"items_purchased_type":["Relic","Relic","Potion","Relic","Relic","Card","Relic","Relic","Potion"],"build_version":"2020-11-30","purchased_purges":3,"victory":true,"max_hp_per_floor":[75,75,75,75,75,75,75,75,75,75,75,75,75,75,75,75,75,75,75,75,75,75,75,75,75,82,82,79,79,79,79,79,79,79,79,79,79,79,79,79,79,93,93,93,93,93,93,93,93,93,93,93,93,93,93],"card_choices":[{"not_picked":["Replay:Battleflow","LikeWater","hierophant:MirrorShield"],"picked":"hierophant:Refuge","floor":1.0},{"not_picked":["hierophant:HolyVerse","Crescendo","hierophant:SolarFlare"],"picked":"FlurryOfBlows","floor":3.0},{"not_picked":["hierophant:OrnateBuckler","CrushJoints","hierophant:HammerAndAnvil"],"picked":"Collect","floor":4.0},{"not_picked":["Replay:AtTheReady","EmptyBody","hierophant:Mercenaries"],"picked":"SandsOfTime","floor":11.0},{"not_picked":["hierophant:SecretStash","WreathOfFlame","Replay:BluntJabs"],"picked":"EmptyMind","floor":12.0},{"not_picked":["hierophant:RepressedViolence","hierophant:Sermon","hierophant:OrnateJavelin"],"picked":"Replay:AllIn","floor":14.0},{"not_picked":["Consecrate","hierophant:AuricBeam","hierophant:HolyVerse"],"picked":"CutThroughFate","floor":15.0},{"not_picked":["Judgement","MasterReality","DeusExMachina"],"picked":"Wish","floor":16.0},{"not_picked":["hierophant:MorningPrayer","hierophant:Refuge","hierophant:Sermon"],"picked":"hierophant:ArchangelShield","floor":18.0},{"not_picked":["Replay:AtTheReady+1","hierophant:Martyrdom","Ragnarok"],"picked":"FollowUp+1","floor":20.0},{"not_picked":["Replay:AtTheReady","hierophant:Zeal","hierophant:SecretStash"],"picked":"Omniscience","floor":21.0},{"not_picked":["BowlingBash","Replay:Anticipation","Halt"],"picked":"TalkToTheHand","floor":22.0},{"not_picked":["Replay:Hum","hierophant:DisplayOfPower+1","EmptyFist+1"],"picked":"hierophant:LocustPlague","floor":25.0},{"not_picked":["hierophant:Determination","Replay:AllIn","CrushJoints+1"],"picked":"hierophant:ThreeLashes+1","floor":29.0},{"not_picked":["hierophant:RecallFunds","hierophant:FlamingChariot+1","ThirdEye"],"picked":"TalkToTheHand+1","floor":31.0},{"not_picked":["hierophant:Generosity","Judgement","Replay:LoomingThreat"],"picked":"Vault","floor":33.0},{"not_picked":["hierophant:HolyVerse","hierophant:SealAway+1","Fasting2+1","Tantrum+1"],"picked":"SKIP","floor":35.0},{"not_picked":["EmptyBody+1","hierophant:Dazzle","hierophant:Zeal+1"],"picked":"ClearTheMind+1","floor":37.0},{"not_picked":["JustLucky+1","hierophant:FlamingChariot+1","hierophant:Smite+1"],"picked":"DevaForm","floor":38.0},{"not_picked":["FollowUp+1","EmptyFist+1","hierophant:CoinFling+1"],"picked":"hierophant:Alms+1","floor":39.0},{"not_picked":["hierophant:Kindle","EmptyBody+1","Crescendo+1"],"picked":"hierophant:Doubloon+1","floor":41.0},{"not_picked":["hierophant:AuricBeam+1","hierophant:Shelter","hierophant:PristineSoul+1"],"picked":"hierophant:Racketeering+1","floor":42.0},{"not_picked":["ClearTheMind","hierophant:Doubloon","EmptyBody+1","Protect+1"],"picked":"SKIP","floor":44.0},{"not_picked":["EmptyBody+1","FlurryOfBlows+1","hierophant:Shelter+1","hierophant:Dazzle+1"],"picked":"SKIP","floor":45.0},{"not_picked":["Perseverance","FlyingSleeves+1","Consecrate+1"],"picked":"Scrawl","floor":46.0},{"not_picked":["hierophant:Upheaval+1","hierophant:Dazzle+1","hierophant:Prophecy","hierophant:Mercenaries+1"],"picked":"SKIP","floor":47.0},{"not_picked":["hierophant:AuricShield","WreathOfFlame+1","Halt+1"],"picked":"FlurryOfBlows+1","floor":48.0},{"not_picked":["hierophant:AuricShield+1","PathToVictory","hierophant:MirrorShield"],"picked":"hierophant:Upheaval+1","floor":54.0}],"player_experience":436361,"relics_obtained":[{"floor":9.0,"key":"Akabeko"},{"floor":11.0,"key":"Dream Catcher"},{"floor":25.0,"key":"Matryoshka"},{"floor":26.0,"key":"Strawberry"},{"floor":26.0,"key":"Molten Egg 2"},{"floor":29.0,"key":"aspiration:HiddenCompartment"},{"floor":31.0,"key":"Oddly Smooth Stone"},{"floor":42.0,"key":"Mango"},{"floor":43.0,"key":"Juzu Bracelet"},{"floor":47.0,"key":"MawBank"},{"floor":54.0,"key":"Lantern"}],"event_choices":[{"cards_removed":["hierophant:Strike_Hierophant"],"damage_healed":0.0,"max_hp_gain":0.0,"max_hp_loss":0.0,"gold_gain":0.0,"event_name":"Bonfire Elementals","player_choice":"Offered Basic","floor":2.0,"gold_loss":0.0,"damage_taken":0.0},{"damage_healed":0.0,"max_hp_gain":0.0,"max_hp_loss":0.0,"gold_gain":0.0,"event_name":"Shining Light","player_choice":"Entered Light","floor":7.0,"gold_loss":0.0,"damage_taken":15.0,"cards_upgraded":["hierophant:Defend_Hierophant","hierophant:Punish"]},{"damage_healed":0.0,"max_hp_gain":0.0,"max_hp_loss":0.0,"gold_gain":0.0,"event_name":"The Woman in Blue","player_choice":"Bought 1 Potion","floor":24.0,"gold_loss":0.0,"damage_taken":0.0}],"is_beta":false,"boss_relics":[{"not_picked":["Ectoplasm","conspire:RoyalGoblet","conspire:SeveredTorchhead"],"picked":"Kintsugi"},{"not_picked":["SacredBark","Black Star","hubris:TerracottaHorce"],"picked":"Replay:Grab Bag"},{"not_picked":["Replay:Wanted Poster","ReplayTheSpireMod:Onyx Gauntlets","aspiration:SecretTechniqueScroll"],"picked":"Painkiller Herb"},{"not_picked":["hubris:GrandSneckoEye","ChewingGum","Empty Cage"],"picked":"ReplayTheSpireMod:DimensionalGlitch"},{"not_picked":["aspiration:RunicSpoon","Pandora\u0027s Box","Replay:Drink Me"],"picked":"Astrolabe"},{"not_picked":["hubris:HollowSoul","Ring of Chaos","Calling Bell"],"picked":"SlaversCollar"}],"items_purged_floors":[13,19,28],"is_endless":false,"potions_floor_spawned":[1,3,16,20,22,25,29,38,41,42,48,54],"ascension_level":1}}