{"host":"cvi30shpqg1ukvbr","time":1607900629,"event":{"mods":["Act Like it!","BaseMod","Better Altar","Better Match","Better Note","Better Sensory Stone","Better Skull","Better Third Choice","Conspire","GifTheSpireLib","Hubris","Infinite Spire","Minty Spire (QoL Compilation)","Relic Stats","Replay The Spire","Shop Mod","Spicy Shops","StSLib","Stuff the Spire"],"gold_per_floor":[113,126,140,151,162,193,193,193,193,193,227,56,56,91,91,190,190,200,214,214,214,225,256,256,282,306,340,340,374,374,385,285,382,382,419,471,55,65,65,148,148,181,206,230,230],"floor_reached":44,"playtime":2995,"items_purged":[],"score":642,"play_id":"a315eeea-64bc-4e6e-a8be-2cf269cc02b6","local_time":"20201214080349","daily_mods":["Draft","DeadlyEvents","Elite Swarm"],"is_ascension_mode":true,"campfire_choices":[{"data":"Armaments","floor":7.0,"key":"SMITH"},{"floor":15.0,"key":"REST"},{"data":"Armaments","floor":24.0,"key":"SMITH"},{"floor":28.0,"key":"REST"},{"floor":30.0,"key":"REST"}],"circlet_count":0,"master_deck":["Armaments+1","StuffTheSpire:Incineration","Rampage","Flex","Blood for Blood","StuffTheSpire:Incineration","Rupture","Armaments+1","Rage","Armaments+1","Abandon","Shrug It Off","StuffTheSpire:Incineration","Metallicize","Hemokinesis","StuffTheSpire:Slingshot","Clash","Evolve","Bloodletting","Demon Form","Secret Weapon","Barricade","Dark Embrace","StuffTheSpire:PlasmaPunch","Impervious","Immolate","StuffTheSpire:Resist","Uppercut","hubris:NaturalOne","Cleave","Double Tap","Exhume","Berserk","Berserk","StuffTheSpire:RockThrow","StuffTheSpire:RockThrow","conspire:SpireCoStock","conspire:SpireCoStock","Offering","Bloodletting+1","Burning Pact+1","Pain","Defy Death+1","Immolate","Bludgeon","Immolate"],"relics":["Burning Blood","Dream Catcher","StuffTheSpire:Expresso","Potion Belt","hubris:Icosahedron","Magic Flower","Replay:Bronze Core","Blood Vial","Blue Candle","conspire:TopHat","hubris:SlimyHat","infinitespire:Eraser","SacredBark","StuffTheSpire:Experiment12","hubris:FunFungus","Bronze Scales","Self Forming Clay","hubris:CrystalStatue","Mango","StuffTheSpire:GrapeVine"],"acts_visited":["Exordium","TheCity","TheBeyond"],"potions_floor_usage":[],"damage_taken":[{"damage":0.0,"enemies":"Jaw Worm","floor":1.0,"turns":5.0},{"damage":0.0,"enemies":"2 Louse","floor":2.0,"turns":3.0},{"damage":0.0,"enemies":"Small Slimes","floor":3.0,"turns":3.0},{"damage":4.0,"enemies":"3 Louse","floor":4.0,"turns":3.0},{"damage":10.0,"enemies":"Exordium Wildlife","floor":5.0,"turns":5.0},{"damage":17.0,"enemies":"Lagavulin","floor":6.0,"turns":7.0},{"damage":30.0,"enemies":"3 Sentries","floor":11.0,"turns":8.0},{"damage":35.0,"enemies":"Gremlin Nob","floor":14.0,"turns":5.0},{"damage":21.0,"enemies":"Fading Forest","floor":16.0,"turns":11.0},{"damage":26.0,"enemies":"2 Thieves","floor":18.0,"turns":3.0},{"damage":5.0,"enemies":"Chosen","floor":19.0,"turns":4.0},{"damage":16.0,"enemies":"Shelled Parasite and Fungi","floor":22.0,"turns":5.0},{"damage":14.0,"enemies":"Slavers","floor":23.0,"turns":4.0},{"damage":19.0,"enemies":"Gremlin Leader","floor":25.0,"turns":7.0},{"damage":46.0,"enemies":"Slavers","floor":27.0,"turns":6.0},{"damage":30.0,"enemies":"conspire:SneckoGhost","floor":29.0,"turns":8.0},{"damage":15.0,"enemies":"Centurion and Healer","floor":31.0,"turns":8.0},{"damage":42.0,"enemies":"conspire:MysteriousRune","floor":33.0,"turns":7.0},{"damage":47.0,"enemies":"3 Shapes","floor":35.0,"turns":11.0},{"damage":19.0,"enemies":"3 Darklings","floor":36.0,"turns":5.0},{"damage":28.0,"enemies":"4 Shapes","floor":38.0,"turns":11.0},{"damage":39.0,"enemies":"Reptomancer","floor":40.0,"turns":10.0},{"damage":46,"enemies":"Nemesis","floor":42,"turns":7},{"damage":48,"enemies":"Giant Head","floor":44,"turns":6}],"seed_played":"-7550328013894163586","potions_obtained":[{"floor":1.0,"key":"SpeedPotion"},{"floor":3.0,"key":"Fruit Juice"},{"floor":5.0,"key":"Energy Potion"},{"floor":14.0,"key":"Reflective Coating"},{"floor":16.0,"key":"PowerPotion"},{"floor":18.0,"key":"Dexterity Potion"},{"floor":23.0,"key":"GamblersBrew"},{"floor":27.0,"key":"Energy Potion"},{"floor":33.0,"key":"GamblersBrew"},{"floor":36.0,"key":"Weak Potion"},{"floor":38.0,"key":"SteroidPotion"}],"is_trial":true,"path_per_floor":["M","M","M","M","M","E","R","?","T","?","E","$","?","E","R","B",null,"M","M","?","$","M","E","R","E","T","E","R","E","R","M","R","B",null,"M","M","$","M","?","E","T","E","T","E"],"character_chosen":"IRONCLAD","items_purchased":["Dark Embrace","StuffTheSpire:PlasmaPunch","StuffTheSpire:Experiment12","hubris:FunFungus","Bronze Scales"],"campfire_rested":3,"item_purchase_floors":[12,12,37,37,37],"current_hp_per_floor":[80,80,85,85,81,70,70,70,70,70,46,46,46,17,42,45,85,68,72,72,72,65,60,60,53,53,19,44,26,51,48,48,18,85,47,40,40,67,67,50,50,37,37,0,0],"gold":230,"neow_bonus":"","is_daily":false,"chose_seed":false,"campfire_upgraded":2,"win_rate":0.0,"timestamp":1607900629,"path_taken":["M","M","M","M","M","E","R","?","T","?","E","$","?","E","R","BOSS","M","M","?","$","M","E","R","E","T","E","R","E","R","M","R","BOSS","M","M","$","M","?","E","?","E","T","E"],"items_purchased_type":["Card","Card","Relic","Relic","Relic"],"build_version":"2020-11-30","purchased_purges":0,"victory":false,"max_hp_per_floor":[80,80,85,85,85,85,85,85,85,85,85,85,85,85,85,85,85,85,85,85,85,85,85,85,85,85,85,85,85,85,85,85,85,85,85,85,85,85,85,85,85,99,99,99,99],"relic_stats":{"Blood Vial":30,"Dream Catcher":3,"counters":[24,152],"Self Forming Clay":[15],"Blue Candle":[1],"Bronze Scales":[77],"Magic Flower":[84],"obtain_stats":[{"Potion Belt":11,"hubris:CrystalStatue":41,"Self Forming Clay":40,"Blue Candle":25,"SacredBark":34,"StuffTheSpire:Expresso":9,"Magic Flower":14,"Mango":42,"hubris:SlimyHat":27,"StuffTheSpire:GrapeVine":43,"Burning Blood":0,"conspire:TopHat":26,"Blood Vial":23,"StuffTheSpire:Experiment12":37,"Dream Catcher":6,"hubris:Icosahedron":13,"Replay:Bronze Core":17,"Bronze Scales":37,"hubris:FunFungus":37,"infinitespire:Eraser":29},{"Potion Belt":7,"hubris:CrystalStatue":22,"Self Forming Clay":22,"Blue Candle":14,"SacredBark":18,"StuffTheSpire:Expresso":6,"Magic Flower":8,"Mango":23,"hubris:SlimyHat":15,"StuffTheSpire:GrapeVine":23,"Burning Blood":0,"conspire:TopHat":14,"Blood Vial":13,"StuffTheSpire:Experiment12":20,"Dream Catcher":6,"hubris:Icosahedron":7,"Replay:Bronze Core":9,"Bronze Scales":20,"hubris:FunFungus":20,"infinitespire:Eraser":16},{"Potion Belt":34,"hubris:CrystalStatue":139,"Self Forming Clay":139,"Blue Candle":73,"SacredBark":102,"StuffTheSpire:Expresso":26,"Magic Flower":39,"Mango":146,"hubris:SlimyHat":79,"StuffTheSpire:GrapeVine":146,"Burning Blood":0,"conspire:TopHat":73,"Blood Vial":66,"StuffTheSpire:Experiment12":118,"Dream Catcher":26,"hubris:Icosahedron":34,"Replay:Bronze Core":50,"Bronze Scales":118,"hubris:FunFungus":118,"infinitespire:Eraser":87}],"Burning Blood":163},"card_choices":[{"not_picked":["Flex","Reckless Charge"],"picked":"Armaments","floor":0.0},{"not_picked":["Anger","Perfected Strike"],"picked":"StuffTheSpire:Incineration","floor":0.0},{"not_picked":["Entrench","StuffTheSpire:RockThrow"],"picked":"Rampage","floor":0.0},{"not_picked":["Heavy Blade","Battle Trance"],"picked":"Flex","floor":0.0},{"not_picked":["Heavy Blade","Anger"],"picked":"Blood for Blood","floor":0.0},{"not_picked":["Wild Strike","Havoc"],"picked":"StuffTheSpire:Incineration","floor":0.0},{"not_picked":["Defy Death","StuffTheSpire:Pyroclast"],"picked":"Sentinel","floor":0.0},{"not_picked":["Perfected Strike","Thunderclap"],"picked":"Rupture","floor":0.0},{"not_picked":["ReplayTheSpireMod:Strike From Hell","StuffTheSpire:RockThrow"],"picked":"Armaments","floor":0.0},{"not_picked":["Armaments","StuffTheSpire:RockThrow"],"picked":"Rage","floor":0.0},{"not_picked":["Run Through","Dark Embrace"],"picked":"Armaments","floor":0.0},{"not_picked":["Run Through","Twin Strike"],"picked":"Abandon","floor":0.0},{"not_picked":["Infernal Blade","Flex"],"picked":"Shrug It Off","floor":0.0},{"not_picked":["Replay:Undeath\u0027s Touch","Anger"],"picked":"StuffTheSpire:Incineration","floor":0.0},{"not_picked":["Heavy Blade","StuffTheSpire:BloodClot"],"picked":"Metallicize","floor":0.0},{"not_picked":["Flex","Body Slam"],"picked":"Hemokinesis","floor":1.0},{"not_picked":["Rampage","Twin Strike"],"picked":"StuffTheSpire:Slingshot","floor":2.0},{"not_picked":["Perfected Strike","StuffTheSpire:TitanForm"],"picked":"Clash","floor":3.0},{"not_picked":["StuffTheSpire:RockThrow","Second Wind"],"picked":"Evolve","floor":4.0},{"not_picked":["StuffTheSpire:Slingshot","Iron Wave"],"picked":"Bloodletting","floor":5.0},{"not_picked":["Juggernaut","conspire:Purge"],"picked":"Demon Form","floor":6.0},{"not_picked":["Panache","Flash of Steel"],"picked":"Secret Weapon","floor":10.0},{"not_picked":["Replay:Many Hands","Demon Form"],"picked":"Barricade","floor":11.0},{"not_picked":["Fiend Fire","Replay:Many Hands"],"picked":"Impervious","floor":14.0},{"not_picked":["Demon Form","Impervious"],"picked":"Immolate","floor":16.0},{"not_picked":["Anger","Wild Strike+1"],"picked":"StuffTheSpire:Resist","floor":18.0},{"not_picked":["hubris:ReadiedAction","Body Slam"],"picked":"Uppercut","floor":19.0},{"not_picked":["Anger","Dropkick+1"],"picked":"Cleave","floor":22.0},{"not_picked":["conspire:HitWhereItHurts","Hemogenesis"],"picked":"Double Tap","floor":23.0},{"not_picked":["Double Tap","Bludgeon"],"picked":"Exhume","floor":25.0},{"not_picked":["Impervious","conspire:HitWhereItHurts"],"picked":"Berserk","floor":27.0},{"not_picked":["Double Tap","conspire:HitWhereItHurts"],"picked":"Berserk","floor":29.0},{"not_picked":["Sword Boomerang","Havoc"],"picked":"StuffTheSpire:RockThrow","floor":30.0},{"not_picked":["Warcry","Evolve"],"picked":"StuffTheSpire:RockThrow","floor":31.0},{"not_picked":["conspire:Purge","Impervious"],"picked":"Offering","floor":33.0},{"not_picked":["Sword Boomerang+1","Whirlwind"],"picked":"Bloodletting+1","floor":35.0},{"not_picked":["Clothesline","Cleave+1"],"picked":"Burning Pact+1","floor":36.0},{"not_picked":["Flex+1","ReplayTheSpireMod:Strike From Hell"],"picked":"Defy Death+1","floor":38.0},{"not_picked":["Fiend Fire","Corruption"],"picked":"Bludgeon","floor":40},{"not_picked":["Berserk","Brutality"],"picked":"Immolate","floor":42}],"player_experience":1740147,"relics_obtained":[{"floor":6.0,"key":"Dream Catcher"},{"floor":9.0,"key":"StuffTheSpire:Expresso"},{"floor":11.0,"key":"Potion Belt"},{"floor":14.0,"key":"Magic Flower"},{"floor":23.0,"key":"Blood Vial"},{"floor":25.0,"key":"Blue Candle"},{"floor":26.0,"key":"conspire:TopHat"},{"floor":27.0,"key":"hubris:SlimyHat"},{"floor":29.0,"key":"infinitespire:Eraser"},{"floor":40,"key":"Self Forming Clay"},{"floor":41,"key":"hubris:CrystalStatue"},{"floor":42,"key":"Mango"},{"floor":43,"key":"StuffTheSpire:GrapeVine"}],"event_choices":[{"damage_healed":0.0,"max_hp_gain":0.0,"max_hp_loss":0.0,"gold_gain":1.0,"event_name":"betterStone:BetterStone","player_choice":"1","floor":10.0,"gold_loss":0.0,"damage_taken":0.0},{"cards_removed":["Sentinel"],"damage_healed":0.0,"max_hp_gain":0.0,"max_hp_loss":0.0,"gold_gain":0.0,"event_name":"Purifier","player_choice":"Purged","floor":20.0,"gold_loss":0.0,"damage_taken":0.0},{"damage_healed":0.0,"max_hp_gain":0.0,"max_hp_loss":0.0,"gold_gain":0.0,"event_name":"conspire:Investor","player_choice":"Invest 2","floor":32.0,"gold_loss":0.0,"damage_taken":0.0},{"damage_healed":0.0,"max_hp_gain":0.0,"max_hp_loss":0.0,"gold_gain":0.0,"event_name":"Duplicator","player_choice":"Copied","floor":39.0,"gold_loss":0.0,"damage_taken":0.0,"cards_obtained":["Immolate"]}],"is_beta":false,"boss_relics":[{"not_picked":["conspire:SeveredTorchhead","hubris:RunicObelisk"],"picked":"Replay:Bronze Core"},{"not_picked":["Calling Bell","Astrolabe"],"picked":"SacredBark"}],"items_purged_floors":[],"is_endless":false,"potions_floor_spawned":[1,3,5,14,16,18,23,27,33,36,38],"killed_by":"Giant Head","ascension_level":1}}