{"host":"jm9833yuloeli2yd","time":1607882058,"event":{"mods":["AchievementEnabler","BaseMod","Better Altar","Better Match","Better Note","Better Sensory Stone","Better Skull","Better Vampires","Colored Map","Colored Powertips","DeckTracker","Minty Spire (QoL Compilation)","Permanent Neow","Quick Restart","Replay The Spire","StSLib","SuperFastMode"],"gold_per_floor":[114,46,66,66,66,102,120,160,212,212,212],"floor_reached":10,"playtime":217,"items_purged":[],"score":202,"play_id":"36b715b6-7d87-465e-9e11-cd8a0205c254","local_time":"20201213125418","is_ascension_mode":true,"campfire_choices":[],"circlet_count":0,"master_deck":["AscendersBane","Strike_G","Strike_G","Strike_G","Strike_G","Strike_G","Defend_G","Defend_G","Defend_G","Defend_G","Defend_G","Survivor","Neutralize","Bane","Footwork","Deep Breath","Dash","Bouncing Flask","Envenom"],"relics":["Ring of the Snake","NeowsBlessing","Replay:Bottled Steam","Golden Idol","Akabeko","Regal Pillow","Orichalcum"],"acts_visited":["Exordium"],"potions_floor_usage":[10],"damage_taken":[{"damage":0.0,"enemies":"Small Slimes","floor":1.0,"turns":1.0},{"damage":0.0,"enemies":"Cultist","floor":3.0,"turns":1.0},{"damage":0.0,"enemies":"3 Sentries","floor":6.0,"turns":1.0},{"damage":0.0,"enemies":"Jaw Worm","floor":7.0,"turns":4.0},{"damage":30.0,"enemies":"Gremlin Nob","floor":8.0,"turns":4.0},{"damage":37,"enemies":"3 Sentries","floor":10,"turns":6}],"seed_played":"6810234612276875556","potions_obtained":[{"floor":8.0,"key":"Energy Potion"}],"is_trial":false,"path_per_floor":["M","?","M","?","?","E","M","E","T","E"],"character_chosen":"THE_SILENT","items_purchased":[],"campfire_rested":0,"item_purchase_floors":[],"current_hp_per_floor":[59,59,59,59,59,59,59,29,29,0,0],"gold":212,"neow_bonus":"THREE_ENEMY_KILL","is_daily":false,"chose_seed":false,"campfire_upgraded":0,"win_rate":0.0,"timestamp":1607882058,"path_taken":["M","?","?","?","?","E","?","E","T","E"],"items_purchased_type":[],"build_version":"2020-11-30","purchased_purges":0,"victory":false,"max_hp_per_floor":[66,66,66,60,60,60,60,60,60,60,60],"card_choices":[{"not_picked":["Cloak And Dagger","Outmaneuver"],"picked":"Bane","floor":1.0},{"not_picked":["Quick Slash","Blade Dance"],"picked":"Footwork","floor":3.0},{"not_picked":["PanicButton","Replay:BasicMightCard"],"picked":"Deep Breath","floor":5.0},{"not_picked":["Terror","Skewer"],"picked":"Dash","floor":6.0},{"not_picked":["ReplayTheSpireMod:Tripwire","ReplayTheSpireMod:Scrap Shanks"],"picked":"Bouncing Flask","floor":7.0},{"not_picked":["Endless Agony","Eviscerate"],"picked":"Envenom","floor":8.0}],"player_experience":1049342,"relics_obtained":[{"floor":6.0,"key":"Akabeko"},{"floor":8.0,"key":"Regal Pillow"},{"floor":9.0,"key":"Orichalcum"}],"event_choices":[{"damage_healed":0.0,"max_hp_gain":0.0,"max_hp_loss":0.0,"gold_gain":0.0,"event_name":"WeMeetAgain","player_choice":"Paid Gold","floor":2.0,"gold_loss":68.0,"damage_taken":0.0,"relics_obtained":["Replay:Bottled Steam"]},{"damage_healed":0.0,"max_hp_gain":0.0,"max_hp_loss":6.0,"gold_gain":0.0,"event_name":"Golden Idol","player_choice":"Lose Max HP","floor":4.0,"gold_loss":0.0,"damage_taken":0.0,"relics_obtained":["Golden Idol"]},{"damage_healed":0.0,"max_hp_gain":0.0,"max_hp_loss":0.0,"gold_gain":1.0,"event_name":"betterStone:BetterStone","player_choice":"1","floor":5.0,"gold_loss":0.0,"damage_taken":0.0}],"is_beta":false,"boss_relics":[],"items_purged_floors":[],"is_endless":false,"potions_floor_spawned":[8],"killed_by":"3 Sentries","ascension_level":20}}