{"host":"ow9msrs9p2ctkx99","time":1607900227,"event":{"mods":["AchievementEnabler","BaseMod","Colored Map","Colored Powertips","Minty Spire (QoL Compilation)","Permanent Neow","Quick Restart","SuperFastMode"],"gold_per_floor":[115,130,305,315,327,360,360,360,387,416,475,19,51,51,51,156,156,96,96,96,96,96,96,96,9,85,85,123,177,215,268,268,366,366,401,401,411,423,61,111,111,128,206,206,225,256,256,293,293,293,293,293,35,60,60,60],"floor_reached":55,"playtime":1621,"items_purged":["Zap"],"score":1307,"play_id":"3b398b80-47e7-4d86-8b11-b9dcdf7f2796","local_time":"20201213235707","is_ascension_mode":true,"campfire_choices":[{"floor":8,"key":"REST"},{"floor":15,"key":"REST"},{"data":"Defragment","floor":23,"key":"SMITH"},{"data":"Dualcast","floor":27,"key":"SMITH"},{"floor":32,"key":"REST"},{"floor":41,"key":"RECALL"},{"data":"Multi-Cast","floor":44,"key":"SMITH"},{"data":"Echo Form","floor":49,"key":"SMITH"},{"data":"Capacitor","floor":52,"key":"SMITH"}],"circlet_count":0,"master_deck":["AscendersBane","Defend_B+1","Defend_B+1","Defend_B+1","Defend_B+1","Dualcast+1","BootSequence","Ball Lightning","Leap","Steam","Glacier","Defragment+1","Multi-Cast+1","Rainbow","Compile Driver+1","Bite","Bite","Bite","Thinking Ahead","HandOfGreed","Necronomicurse","Panacea","Skim","Doom and Gloom","Capacitor+1","Beam Cell+1","Seek","Hologram+1","Force Field+1","Skim","Echo Form+1","Defragment+1","Hologram+1","Turbo+1","Aggregate+1","White Noise","Sunder+1","Glacier","Apotheosis","Go for the Eyes+1"],"relics":["FrozenCore","Happy Flower","Art of War","Whetstone","Lizard Tail","FossilizedHelix","Juzu Bracelet","Necronomicon","Symbiotic Virus","Orichalcum","SlaversCollar","DollysMirror","Mango","DataDisk","Bronze Scales"],"acts_visited":["Exordium","TheCity","TheBeyond","TheEnding"],"potions_floor_usage":[10,13,13,33,33,50,54,55],"damage_taken":[{"damage":2,"enemies":"Jaw Worm","floor":1,"turns":3},{"damage":0,"enemies":"2 Louse","floor":2,"turns":2},{"damage":0,"enemies":"Small Slimes","floor":4,"turns":3},{"damage":11,"enemies":"3 Louse","floor":5,"turns":4},{"damage":27,"enemies":"3 Sentries","floor":6,"turns":8},{"damage":30,"enemies":"Lagavulin","floor":10,"turns":7},{"damage":9,"enemies":"3 Sentries","floor":11,"turns":7},{"damage":0,"enemies":"Gremlin Nob","floor":13,"turns":4},{"damage":41,"enemies":"Slime Boss","floor":16,"turns":11},{"damage":6,"enemies":"2 Thieves","floor":18,"turns":4},{"damage":0,"enemies":"Chosen","floor":28,"turns":3},{"damage":47,"enemies":"Book of Stabbing","floor":29,"turns":7},{"damage":0,"enemies":"Sentry and Sphere","floor":30,"turns":5},{"damage":0,"enemies":"Shelled Parasite and Fungi","floor":31,"turns":5},{"damage":0,"enemies":"Automaton","floor":33,"turns":8},{"damage":0,"enemies":"3 Shapes","floor":35,"turns":5},{"damage":0,"enemies":"Orb Walker","floor":37,"turns":3},{"damage":3,"enemies":"Spire Growth","floor":38,"turns":7},{"damage":0,"enemies":"Giant Head","floor":40,"turns":9},{"damage":1,"enemies":"3 Darklings","floor":42,"turns":5},{"damage":0,"enemies":"Sphere and 2 Shapes","floor":45,"turns":7},{"damage":17,"enemies":"Nemesis","floor":46,"turns":5},{"damage":0,"enemies":"Spire Growth","floor":48,"turns":6},{"damage":30,"enemies":"Time Eater","floor":50,"turns":6},{"damage":11,"enemies":"Shield and Spear","floor":54,"turns":9},{"damage":101,"enemies":"The Heart","floor":55,"turns":9}],"seed_played":"4009668409871641359","potions_obtained":[{"floor":1,"key":"FearPotion"},{"floor":4,"key":"FearPotion"},{"floor":10,"key":"Swift Potion"},{"floor":11,"key":"Energy Potion"},{"floor":29,"key":"LiquidBronze"},{"floor":30,"key":"PowerPotion"},{"floor":33,"key":"Regen Potion"},{"floor":37,"key":"PowerPotion"},{"floor":54,"key":"EssenceOfSteel"}],"is_trial":false,"path_per_floor":["M","M","?","M","M","E","?","R","T","E","?","$","E","?","R","B",null,"M","?","?","$","?","R","?","$","T","R","M","E","M","M","R","B",null,"M","?","M","M","$","E","R","M","T","R","M","E","?","M","R","B",null,"R","$","E","B"],"character_chosen":"DEFECT","items_purchased":["FossilizedHelix","Multi-Cast","Panacea","Echo Form","DollysMirror","Glacier","Apotheosis"],"campfire_rested":3,"item_purchase_floors":[12,12,25,39,39,53,53],"current_hp_per_floor":[66,66,66,66,55,28,28,50,50,22,15,15,17,17,39,37,66,62,62,62,62,46,46,46,46,46,46,50,11,15,17,39,45,68,72,72,72,72,72,89,89,88,88,88,89,72,72,72,72,42,77,77,77,87,0,0],"gold":60,"neow_bonus":"RANDOM_COMMON_RELIC","is_daily":false,"chose_seed":false,"campfire_upgraded":5,"win_rate":0.0,"timestamp":1607900227,"path_taken":["M","M","?","M","M","E","?","R","T","E","?","$","E","?","R","BOSS","M","?","?","?","?","R","?","$","T","R","M","E","M","M","R","BOSS","M","?","M","M","$","E","R","M","T","R","M","E","?","M","R","BOSS","R","$","E","BOSS"],"items_purchased_type":["Relic","Card","Card","Card","Relic","Card","Card"],"build_version":"2020-11-30","purchased_purges":1,"victory":false,"max_hp_per_floor":[75,75,75,75,75,75,75,75,75,75,75,75,75,75,75,75,75,75,75,75,75,75,75,75,75,75,75,75,75,75,75,75,75,75,75,75,75,75,75,89,89,89,89,89,89,89,89,89,89,89,89,89,89,89,89,89],"card_choices":[{"not_picked":["Rip and Tear","Go for the Eyes"],"picked":"BootSequence","floor":1},{"not_picked":["Scrape","Conserve Battery"],"picked":"Ball Lightning","floor":2},{"not_picked":["Go for the Eyes","Ball Lightning"],"picked":"Leap","floor":4},{"not_picked":["Hologram","Go for the Eyes"],"picked":"Steam","floor":5},{"not_picked":["Auto Shields","Chill"],"picked":"Glacier","floor":6},{"not_picked":["Redo","Leap"],"picked":"Sweeping Beam","floor":10},{"not_picked":["Gash","Coolheaded"],"picked":"Defragment","floor":11},{"not_picked":["Aggregate","Double Energy","Leap"],"picked":"SKIP","floor":13},{"not_picked":["Creative AI","Fission"],"picked":"Rainbow","floor":16},{"not_picked":["Rebound","Go for the Eyes"],"picked":"Compile Driver+1","floor":18},{"not_picked":["Steam","Gash+1"],"picked":"Skim","floor":28},{"not_picked":["Static Discharge","Hologram"],"picked":"Doom and Gloom","floor":29},{"not_picked":["Stack+1","Turbo"],"picked":"Capacitor","floor":30},{"not_picked":["Gash","Rainbow"],"picked":"Beam Cell+1","floor":31},{"not_picked":["Hyperbeam","Reboot"],"picked":"Seek","floor":33},{"not_picked":["Beam Cell","Gash"],"picked":"Hologram+1","floor":35},{"not_picked":["Streamline","Go for the Eyes"],"picked":"Force Field+1","floor":37},{"not_picked":["Hello World","Go for the Eyes"],"picked":"Skim","floor":38},{"not_picked":["Darkness","Self Repair+1"],"picked":"Hologram+1","floor":40},{"not_picked":["Compile Driver","Steam+1"],"picked":"Turbo+1","floor":42},{"not_picked":["Conserve Battery","Ball Lightning+1"],"picked":"Aggregate+1","floor":45},{"not_picked":["Double Energy","Ball Lightning+1"],"picked":"White Noise","floor":46},{"not_picked":["Amplify","Heatsinks+1"],"picked":"Sunder+1","floor":48},{"not_picked":["BootSequence+1","Leap+1"],"picked":"Go for the Eyes+1","floor":54}],"player_experience":1045205,"relics_obtained":[{"floor":6,"key":"Art of War"},{"floor":9,"key":"Blood Vial"},{"floor":10,"key":"Whetstone"},{"floor":11,"key":"Lizard Tail"},{"floor":13,"key":"Juzu Bracelet"},{"floor":22,"key":"Necronomicon"},{"floor":26,"key":"Symbiotic Virus"},{"floor":29,"key":"Orichalcum"},{"floor":40,"key":"Mango"},{"floor":46,"key":"DataDisk"},{"floor":54,"key":"Bronze Scales"}],"event_choices":[{"damage_healed":0,"gold_gain":175,"player_choice":"AGREE","damage_taken":0,"max_hp_gain":0,"max_hp_loss":0,"event_name":"Liars Game","floor":3,"gold_loss":0,"cards_obtained":["Doubt"]},{"cards_removed":["Doubt"],"damage_healed":0,"gold_gain":0,"player_choice":"Forget","damage_taken":0,"max_hp_gain":0,"max_hp_loss":0,"event_name":"Living Wall","floor":7,"gold_loss":0},{"damage_healed":0,"gold_gain":0,"player_choice":"Searched \u00271\u0027 times","damage_taken":0,"max_hp_gain":0,"max_hp_loss":0,"event_name":"Dead Adventurer","floor":11,"gold_loss":0},{"damage_healed":0,"gold_gain":0,"player_choice":"Ignored","damage_taken":0,"max_hp_gain":0,"max_hp_loss":0,"event_name":"Shining Light","floor":14,"gold_loss":0},{"damage_healed":0,"gold_gain":0,"player_choice":"Became a vampire (Vial)","damage_taken":0,"max_hp_gain":0,"max_hp_loss":0,"event_name":"Vampires","floor":19,"relics_lost":["Blood Vial"],"gold_loss":0,"cards_obtained":["Bite","Bite","Bite","Bite","Bite"]},{"damage_healed":0,"gold_gain":0,"cards_transformed":["Bite","Bite"],"player_choice":"Became Test Subject","damage_taken":0,"max_hp_gain":0,"max_hp_loss":0,"event_name":"Drug Dealer","floor":20,"gold_loss":0,"cards_obtained":["Thinking Ahead","HandOfGreed"]},{"damage_healed":0,"gold_gain":0,"player_choice":"Obtained Book","damage_taken":16,"max_hp_gain":0,"max_hp_loss":0,"event_name":"Cursed Tome","floor":22,"gold_loss":0},{"damage_healed":0,"gold_gain":0,"player_choice":"Simplicity","damage_taken":0,"max_hp_gain":0,"max_hp_loss":0,"event_name":"Back to Basics","floor":24,"gold_loss":0,"cards_upgraded":["Defend_B","Defend_B","Defend_B","Defend_B"]},{"damage_healed":0,"gold_gain":0,"player_choice":"Ignored","damage_taken":0,"max_hp_gain":0,"max_hp_loss":0,"event_name":"Tomb of Lord Red Mask","floor":36,"gold_loss":0},{"cards_removed":["Sweeping Beam"],"damage_healed":0,"gold_gain":0,"player_choice":"Removed Attack","damage_taken":0,"max_hp_gain":0,"max_hp_loss":0,"event_name":"Falling","floor":47,"gold_loss":0}],"is_beta":false,"boss_relics":[{"not_picked":["Runic Dome","Tiny House"],"picked":"FrozenCore"},{"not_picked":["Fusion Hammer","Runic Pyramid"],"picked":"SlaversCollar"}],"items_purged_floors":[39],"is_endless":false,"potions_floor_spawned":[1,4,6,10,11,29,30,33,37,45,48,54],"killed_by":"The Heart","ascension_level":11}}