{"host":"poixavpewvabi3b6","time":1607855899,"event":{"mods":["BaseMod","DeckTracker","Minty Spire (QoL Compilation)","Replay The Spire","StSLib"],"gold_per_floor":[115,115,85,106,131,131,145,145,145,166,11,0,18,39,39,39,39],"floor_reached":16,"playtime":540,"items_purged":[],"score":94,"play_id":"1661c538-7d14-4ef7-aaa1-b26d4d35f3d1","local_time":"20201213193819","is_ascension_mode":false,"campfire_choices":[{"floor":6,"key":"REST"},{"floor":15,"key":"REST"}],"circlet_count":0,"master_deck":["Strike_G","Strike_G","Strike_G","Strike_G","Strike_G","Defend_G","Defend_G","Defend_G","Defend_G","Defend_G","Survivor","Neutralize","Blade Dance","Hidden Blade","Acrobatics","Prepared"],"relics":["Ring of the Snake","Golden Idol","Paper Crane","Mercury Hourglass","Medical Kit"],"acts_visited":["Exordium"],"potions_floor_usage":[7],"damage_taken":[{"damage":0,"enemies":"Jaw Worm","floor":1,"turns":6},{"damage":5,"enemies":"Cultist","floor":4,"turns":5},{"damage":5,"enemies":"2 Louse","floor":5,"turns":2},{"damage":2,"enemies":"Looter","floor":7,"turns":4},{"damage":3,"enemies":"Red Slaver","floor":10,"turns":3},{"damage":5,"enemies":"Lots of Slimes","floor":13,"turns":3},{"damage":12,"enemies":"Exordium Thugs","floor":14,"turns":5},{"damage":0,"enemies":"Hexaghost","floor":16,"turns":2}],"seed_played":"59008986476599550","potions_obtained":[{"floor":1,"key":"GhostInAJar"},{"floor":3,"key":"Ancient Potion"},{"floor":3,"key":"DuplicationPotion"},{"floor":7,"key":"EssenceOfSteel"}],"is_trial":false,"path_per_floor":["M","?","?","M","M","R","M","T","T","M","$","?","M","M","R","B"],"character_chosen":"THE_SILENT","items_purchased":["Medical Kit"],"campfire_rested":2,"item_purchase_floors":[11],"current_hp_per_floor":[77,58,58,53,48,71,69,69,69,66,66,66,61,49,72,72,72],"gold":39,"neow_bonus":"TEN_PERCENT_HP_BONUS","is_daily":false,"chose_seed":false,"campfire_upgraded":0,"win_rate":0.0,"timestamp":1607855899,"path_taken":["M","?","?","?","M","R","M","?","T","M","$","?","M","M","R","BOSS"],"items_purchased_type":["Relic"],"build_version":"2020-11-30","purchased_purges":0,"victory":false,"max_hp_per_floor":[77,77,77,77,77,77,77,77,77,77,77,77,77,77,77,77,77],"card_choices":[{"not_picked":["Concentrate","Sucker Punch","Cloak And Dagger"],"picked":"SKIP","floor":1},{"not_picked":["Dodge and Roll","Concentrate"],"picked":"Blade Dance","floor":4},{"not_picked":["Dagger Throw","Riddle With Holes"],"picked":"Hidden Blade","floor":5},{"not_picked":["Cloak And Dagger","Underhanded Strike"],"picked":"Acrobatics","floor":7},{"not_picked":["Backflip","Escape Plan","Dagger Spray"],"picked":"SKIP","floor":10},{"not_picked":["Slice","Grand Finale","Underhanded Strike"],"picked":"SKIP","floor":13},{"not_picked":["Underhanded Strike","Escape Plan"],"picked":"Prepared","floor":14}],"player_experience":123992,"relics_obtained":[{"floor":8,"key":"Paper Crane"},{"floor":9,"key":"Mercury Hourglass"}],"event_choices":[{"damage_healed":0,"gold_gain":0,"player_choice":"Take Damage","damage_taken":19,"relics_obtained":["Golden Idol"],"max_hp_gain":0,"max_hp_loss":0,"event_name":"Golden Idol","floor":2,"gold_loss":0},{"damage_healed":0,"gold_gain":0,"player_choice":"Bought 2 Potions","damage_taken":0,"max_hp_gain":0,"max_hp_loss":0,"event_name":"The Woman in Blue","floor":3,"gold_loss":0},{"damage_healed":0,"gold_gain":0,"player_choice":"Left Gold","damage_taken":0,"max_hp_gain":0,"max_hp_loss":0,"event_name":"World of Goop","floor":12,"gold_loss":11}],"is_beta":false,"boss_relics":[],"items_purged_floors":[],"is_endless":false,"potions_floor_spawned":[1,7,10,14],"killed_by":"Hexaghost","ascension_level":0}}