{"host":"hn9kwncajibu2nw8","time":1607832431,"event":{"mods":["AchievementEnabler","BaseMod","Block Reminder","Colored Powertips","DeckTracker","Highlight Path","KOR Keyword Fix","Minty Spire (QoL Compilation)","Quick Restart","Rare Cards Sparkle"],"gold_per_floor":[118,118,135,10,29,29,45,61,143,160,160,188,188,216,216,288,288,303,317,131,149,199,225,225,251,333,333,344,377,377,173,173,245,245,256,27,80,96,0,30,30,54,54,54,74,74,74],"floor_reached":46,"playtime":2696,"items_purged":["Strike_P","Strike_P","Strike_P","Defend_P"],"score":1019,"play_id":"c653e19a-1855-42ad-a50f-de12beec91b6","local_time":"20201213130711","is_ascension_mode":true,"campfire_choices":[{"data":"Eruption","floor":6.0,"key":"SMITH"},{"data":"Crescendo","floor":11.0,"key":"SMITH"},{"data":"FlurryOfBlows","floor":13.0,"key":"SMITH"},{"data":"EmptyFist","floor":15.0,"key":"SMITH"},{"floor":24.0,"key":"REST"},{"data":"FlurryOfBlows","floor":27.0,"key":"SMITH"},{"floor":32,"key":"REST"},{"floor":41,"key":"REST"},{"data":"Adaptation","floor":44,"key":"SMITH"}],"circlet_count":0,"master_deck":["AscendersBane","Defend_P","Defend_P","Defend_P+1","Eruption+1","Vigilance","Sanctity+1","Consecrate","FlurryOfBlows+1","Crescendo+1","BowlingBash","EmptyFist+1","EmptyBody","LessonLearned","FlurryOfBlows+1","Tantrum","InnerPeace","FlurryOfBlows+1","InnerPeace","DeusExMachina","EmptyFist+1","Adaptation+1","Crescendo+1"],"relics":["Runic Dome","HornCleat","Mango","Nunchaku","VioletLotus","Dream Catcher","Potion Belt","Ornamental Fan","Omamori","SlaversCollar","FossilizedHelix","Red Mask","WingedGreaves","Molten Egg 2"],"acts_visited":["Exordium","TheCity","TheBeyond"],"potions_floor_usage":[29,46],"damage_taken":[{"damage":0.0,"enemies":"Jaw Worm","floor":1.0,"turns":5.0},{"damage":0.0,"enemies":"Cultist","floor":3.0,"turns":4.0},{"damage":0.0,"enemies":"Small Slimes","floor":5.0,"turns":2.0},{"damage":0.0,"enemies":"Gremlin Gang","floor":7.0,"turns":2.0},{"damage":15.0,"enemies":"Exordium Wildlife","floor":8.0,"turns":5.0},{"damage":0.0,"enemies":"Exordium Thugs","floor":10.0,"turns":3.0},{"damage":5.0,"enemies":"3 Sentries","floor":12.0,"turns":5.0},{"damage":8.0,"enemies":"Lagavulin","floor":14.0,"turns":5.0},{"damage":25.0,"enemies":"Slime Boss","floor":16.0,"turns":7.0},{"damage":1.0,"enemies":"Chosen","floor":18.0,"turns":5.0},{"damage":5.0,"enemies":"2 Thieves","floor":19.0,"turns":4.0},{"damage":12.0,"enemies":"Snecko","floor":21.0,"turns":3.0},{"damage":0.0,"enemies":"Gremlin Leader","floor":23.0,"turns":5.0},{"damage":24.0,"enemies":"Slavers","floor":25.0,"turns":5.0},{"damage":0.0,"enemies":"3 Cultists","floor":28.0,"turns":3.0},{"damage":8,"enemies":"Gremlin Leader","floor":29,"turns":3},{"damage":37,"enemies":"Collector","floor":33,"turns":10},{"damage":0,"enemies":"Orb Walker","floor":35,"turns":1},{"damage":14,"enemies":"2 Orb Walkers","floor":37,"turns":4},{"damage":0,"enemies":"3 Darklings","floor":38,"turns":4},{"damage":6,"enemies":"Nemesis","floor":40,"turns":5},{"damage":0,"enemies":"Jaw Worm Horde","floor":45,"turns":2},{"damage":74,"enemies":"Writhing Mass","floor":46,"turns":5}],"seed_played":"119109815429976369","potions_obtained":[{"floor":1.0,"key":"AttackPotion"},{"floor":3.0,"key":"Block Potion"},{"floor":12.0,"key":"SteroidPotion"},{"floor":21.0,"key":"FearPotion"},{"floor":23.0,"key":"Ancient Potion"},{"floor":25.0,"key":"Dexterity Potion"},{"floor":33,"key":"StancePotion"},{"floor":38,"key":"SmokeBomb"},{"floor":40,"key":"Strength Potion"},{"floor":45,"key":"Ambrosia"}],"is_trial":false,"path_per_floor":["M","?","M","$","M","R","M","M","T","M","R","E","R","E","R","B",null,"M","M","$","M","?","E","R","E","T","R","M","E","?","$","R","B",null,"M","$","?","M","?","E","R","T","T","R","M","M"],"character_chosen":"WATCHER","items_purchased":["Crescendo","Tantrum","InnerPeace","Adaptation"],"campfire_rested":3,"item_purchase_floors":[4,20,31,36],"current_hp_per_floor":[61,61,61,61,61,61,61,46,46,46,46,55,55,47,47,22,67,66,61,61,49,49,49,73,49,49,49,49,41,41,41,65,28,69,69,69,55,55,55,49,73,73,73,73,73,0,0],"gold":74,"neow_bonus":"BOSS_RELIC","is_daily":false,"chose_seed":false,"campfire_upgraded":6,"win_rate":0.0,"timestamp":1607832431,"path_taken":["M","?","?","$","M","R","M","M","T","M","R","E","R","E","R","BOSS","M","M","$","M","?","E","R","E","T","R","?","E","?","?","R","BOSS","M","$","?","M","?","E","R","?","T","R","M","M"],"items_purchased_type":["Card","Card","Card","Card"],"build_version":"2020-11-30","purchased_purges":4,"victory":false,"max_hp_per_floor":[68,68,68,68,68,68,68,68,68,68,68,82,82,82,82,82,82,82,82,82,82,82,82,82,82,82,82,82,82,82,82,82,82,82,82,82,82,82,82,82,82,82,82,82,82,82,82],"card_choices":[{"not_picked":["Halt","ReachHeaven"],"picked":"Sanctity","floor":1.0},{"not_picked":["ReachHeaven","Nirvana"],"picked":"FlurryOfBlows","floor":3.0},{"not_picked":["SashWhip","CrushJoints"],"picked":"BowlingBash","floor":5.0},{"not_picked":["Conclude","Nirvana","Swivel"],"picked":"SKIP","floor":7.0},{"not_picked":["MasterReality","Prostrate","Wireheading"],"picked":"SKIP","floor":8.0},{"not_picked":["FearNoEvil","Perseverance"],"picked":"EmptyFist","floor":10.0},{"not_picked":["CrushJoints","Prostrate","CutThroughFate"],"picked":"SKIP","floor":12.0},{"not_picked":["PathToVictory","FlyingSleeves"],"picked":"EmptyBody","floor":14.0},{"not_picked":["Ragnarok","Devotion"],"picked":"LessonLearned","floor":16.0},{"not_picked":["WaveOfTheHand","PathToVictory"],"picked":"FlurryOfBlows","floor":18.0},{"not_picked":["CrushJoints","BowlingBash","ThirdEye+1"],"picked":"SKIP","floor":19.0},{"not_picked":["Crescendo","FlyingSleeves","SashWhip"],"picked":"SKIP","floor":21.0},{"not_picked":["PathToVictory","Omniscience","BattleHymn"],"picked":"SKIP","floor":23.0},{"not_picked":["BattleHymn+1","Protect","Worship"],"picked":"SKIP","floor":25.0},{"not_picked":["SashWhip","Collect"],"picked":"InnerPeace","floor":28.0},{"not_picked":["Prostrate","CutThroughFate","Pray"],"picked":"SKIP","floor":29},{"not_picked":["Wish","Blasphemy"],"picked":"DeusExMachina","floor":33},{"not_picked":["Evaluate+1","WaveOfTheHand"],"picked":"EmptyFist+1","floor":35},{"not_picked":["Pray","LikeWater+1","ForeignInfluence+1"],"picked":"SKIP","floor":38},{"not_picked":["WaveOfTheHand+1","EmptyFist+1","JustLucky"],"picked":"SKIP","floor":40},{"not_picked":["FlyingSleeves+1","FollowUp"],"picked":"Crescendo+1","floor":41},{"not_picked":["Nirvana","Protect+1","Wireheading"],"picked":"SKIP","floor":45}],"player_experience":459000,"relics_obtained":[{"floor":9.0,"key":"HornCleat"},{"floor":12.0,"key":"Mango"},{"floor":14.0,"key":"Nunchaku"},{"floor":23.0,"key":"Dream Catcher"},{"floor":25.0,"key":"Potion Belt"},{"floor":26.0,"key":"Ornamental Fan"},{"floor":29,"key":"Omamori"},{"floor":37,"key":"FossilizedHelix"},{"floor":40,"key":"WingedGreaves"},{"floor":43,"key":"Molten Egg 2"}],"event_choices":[{"damage_healed":0.0,"max_hp_gain":0.0,"max_hp_loss":0.0,"gold_gain":0.0,"cards_transformed":["Strike_P"],"event_name":"Transmorgrifier","player_choice":"Transformed","floor":2.0,"gold_loss":0.0,"damage_taken":0.0,"cards_obtained":["Consecrate"]},{"damage_healed":0.0,"max_hp_gain":0.0,"max_hp_loss":0.0,"gold_gain":50.0,"event_name":"Golden Shrine","player_choice":"Pray","floor":22.0,"gold_loss":0.0,"damage_taken":0.0},{"damage_healed":0,"gold_gain":0,"player_choice":"Copied","damage_taken":0,"max_hp_gain":0,"max_hp_loss":0,"event_name":"Duplicator","floor":30,"gold_loss":0,"cards_obtained":["FlurryOfBlows"]},{"damage_healed":0,"gold_gain":0,"player_choice":"Fight","damage_taken":0,"max_hp_gain":0,"max_hp_loss":0,"event_name":"Mysterious Sphere","floor":37,"gold_loss":0},{"damage_healed":0,"gold_gain":0,"player_choice":"Paid","damage_taken":0,"relics_obtained":["Red Mask"],"max_hp_gain":0,"max_hp_loss":0,"event_name":"Tomb of Lord Red Mask","floor":39,"gold_loss":96}],"is_beta":false,"boss_relics":[{"not_picked":["SacredBark","Fusion Hammer"],"picked":"VioletLotus"},{"not_picked":["Busted Crown","Runic Pyramid"],"picked":"SlaversCollar"}],"items_purged_floors":[4,20,31,36],"is_endless":false,"potions_floor_spawned":[1,3,12,16,21,23,25,33,38,40,45],"killed_by":"Writhing Mass","ascension_level":16}}