{"host":"qw1m3zcvi888b4j7","time":1607901718,"event":{"mods":["AchievementEnabler","BaseMod","Block Reminder","Colored Map","Colored Powertips","Consume Value Calculator","DeckTracker","Highlight Path","Minty Spire (QoL Compilation)","Quick Restart","Rare Cards Sparkle","Relic Sorter","Relic Stats"],"gold_per_floor":[113,113,288,302,25,25,25],"floor_reached":6,"playtime":215,"items_purged":[],"score":36,"play_id":"15227ff3-59a7-470f-8583-8d9c5db857e2","local_time":"20201214002158","is_ascension_mode":true,"campfire_choices":[],"circlet_count":0,"master_deck":["Strike_R","Strike_R","Strike_R","Strike_R","Strike_R","Defend_R","Defend_R","Defend_R","Defend_R","Bash","Finesse","Flame Barrier","Regret","Doubt","Bloodletting","Rupture"],"relics":["Burning Blood","Potion Belt","Molten Egg 2"],"acts_visited":["Exordium"],"potions_floor_usage":[],"damage_taken":[{"damage":2,"enemies":"Cultist","floor":1,"turns":4},{"damage":7,"enemies":"Small Slimes","floor":4,"turns":4},{"damage":101,"enemies":"Gremlin Nob","floor":6,"turns":6}],"seed_played":"-1569039109687865901","potions_obtained":[],"is_trial":false,"path_per_floor":["M","?","?","M","$","E"],"character_chosen":"IRONCLAD","items_purchased":["Molten Egg 2","Rupture"],"campfire_rested":0,"item_purchase_floors":[5,5],"current_hp_per_floor":[80,80,80,79,79,0,0],"gold":25,"neow_bonus":"RANDOM_COLORLESS","is_daily":false,"chose_seed":false,"campfire_upgraded":0,"win_rate":0.0,"timestamp":1607901718,"path_taken":["M","?","?","M","$","E"],"items_purchased_type":["Relic","Card"],"build_version":"2020-11-30","purchased_purges":0,"victory":false,"max_hp_per_floor":[80,80,80,80,80,80,80],"relic_stats":{"counters":[3,14],"obtain_stats":[{"Potion Belt":2,"Molten Egg 2":5,"Burning Blood":0},{"Potion Belt":1,"Molten Egg 2":2,"Burning Blood":0},{"Potion Belt":4,"Molten Egg 2":8,"Burning Blood":0}],"Burning Blood":8},"card_choices":[{"not_picked":["Good Instincts","Impatience"],"picked":"Finesse","floor":0},{"not_picked":["Iron Wave","Rampage"],"picked":"Flame Barrier","floor":1},{"not_picked":["Flex","Seeing Red"],"picked":"Bloodletting","floor":4}],"player_experience":54512,"relics_obtained":[],"event_choices":[{"damage_healed":0,"gold_gain":0,"player_choice":"Box","damage_taken":0,"relics_obtained":["Potion Belt"],"max_hp_gain":0,"max_hp_loss":0,"event_name":"Big Fish","floor":2,"gold_loss":0,"cards_obtained":["Regret"]},{"damage_healed":0,"gold_gain":175,"player_choice":"AGREE","damage_taken":0,"max_hp_gain":0,"max_hp_loss":0,"event_name":"Liars Game","floor":3,"gold_loss":0,"cards_obtained":["Doubt"]}],"is_beta":false,"boss_relics":[],"items_purged_floors":[],"is_endless":false,"potions_floor_spawned":[],"killed_by":"Gremlin Nob","ascension_level":1}}