{"host":"1kq2ingo3j45gyyp","time":1607892879,"event":{"mods":["BaseMod","Better Note","Better Third Choice","Minty Spire (QoL Compilation)","StSLib","The Dragon Tamer"],"gold_per_floor":[118,134,114,114,60,60,73,89,140,140,140,158,90,109,109,211,211,223,243,256,256,284,284,304,304,304,304,304,147,158,258,258,356,356,369,369,379,391,408,423,42,42,42,62,162,176,204,217,217,217],"floor_reached":51,"playtime":1432,"items_purged":[],"score":948,"play_id":"203ed919-8c6e-42e9-8a17-67f79a6a9ce2","local_time":"20201213155439","daily_mods":["SealedDeck"],"is_ascension_mode":false,"metric_token":403,"campfire_choices":[{"data":"DTMod:HeatWave","floor":6,"key":"SMITH"},{"data":"DTMod:BurningForce","floor":15,"key":"SMITH"},{"data":"DTMod:InvisibleFlame","floor":23,"key":"SMITH"},{"data":"DTMod:InvisibleFlame","floor":25,"key":"SMITH"},{"data":"DTMod:CleansingStrike","floor":27,"key":"SMITH"},{"floor":32,"key":"REST"},{"floor":42,"key":"REST"},{"data":"DTMod:HeadStart","floor":49,"key":"SMITH"}],"dtmod_dragon_data":[3,50,1,1,8,8],"circlet_count":0,"master_deck":["DTMod:BurningEnergy","DTMod:FlameSlash","DTMod:QuickFly","DTMod:FlameSlash","DTMod:BurningEnergy","DTMod:CleansingStrike+1","DTMod:InvisibleFlame+1","DTMod:InvisibleFlame+1","DTMod:CleansingStrike","DTMod:CleansingStrike","DTMod:ForkedFire+1","DTMod:HeatWave+1","DTMod:ForkedFire","DTMod:Astonish","DTMod:BurningForce+1","DTMod:Inferno","DTMod:DragonDance+1","Insight","DTMod:HeadStart+1","DTMod:Prediction","DTMod:BurningEnergy","DTMod:FierySynthesis","DTMod:BurningEnergy","DTMod:DragonDance","Parasite","DTMod:BurningEnergy+1","DTMod:DarkBreath+1"],"relics":["DTMod:PactStone","betterThird:SlimedRelic","Vajra","InkBottle","Mummified Hand","Runic Pyramid","Red Mask","Bird Faced Urn","Calipers","Question Card","Runic Dome","Happy Flower","Shuriken","Bag of Marbles","Gremlin Horn"],"acts_visited":["Exordium","TheCity","TheBeyond"],"potions_floor_usage":[50,50,50],"damage_taken":[{"damage":0,"enemies":"Cultist","floor":1,"turns":2},{"damage":0,"enemies":"Small Slimes","floor":2,"turns":1},{"damage":0,"enemies":"Jaw Worm","floor":7,"turns":2},{"damage":0,"enemies":"Exordium Thugs","floor":8,"turns":2},{"damage":0,"enemies":"Looter","floor":12,"turns":2},{"damage":0,"enemies":"Blue Slaver","floor":14,"turns":1},{"damage":0,"enemies":"Hexaghost","floor":16,"turns":5},{"damage":0,"enemies":"3 Byrds","floor":18,"turns":2},{"damage":0,"enemies":"2 Thieves","floor":19,"turns":2},{"damage":0,"enemies":"Shelled Parasite and Fungi","floor":20,"turns":2},{"damage":0,"enemies":"Masked Bandits","floor":22,"turns":2},{"damage":0,"enemies":"Centurion and Healer","floor":24,"turns":3},{"damage":0,"enemies":"Snecko","floor":30,"turns":3},{"damage":0,"enemies":"Colosseum Slavers","floor":31,"turns":1},{"damage":0,"enemies":"Colosseum Nobs","floor":31,"turns":2},{"damage":0,"enemies":"Collector","floor":33,"turns":4},{"damage":0,"enemies":"Orb Walker","floor":35,"turns":1},{"damage":0,"enemies":"3 Shapes","floor":37,"turns":1},{"damage":0,"enemies":"3 Darklings","floor":38,"turns":2},{"damage":0,"enemies":"Transient","floor":39,"turns":5},{"damage":0,"enemies":"4 Shapes","floor":40,"turns":1},{"damage":0,"enemies":"Writhing Mass","floor":44,"turns":2},{"damage":0,"enemies":"Sphere and 2 Shapes","floor":46,"turns":1},{"damage":0,"enemies":"Giant Head","floor":47,"turns":3},{"damage":0,"enemies":"Jaw Worm Horde","floor":48,"turns":1},{"damage":0,"enemies":"Awakened One","floor":50,"turns":4}],"seed_played":"-8716764504273444263","potions_obtained":[{"floor":1,"key":"Weak Potion"},{"floor":8,"key":"Ancient Potion"},{"floor":14,"key":"Ancient Potion"},{"floor":22,"key":"Block Potion"},{"floor":37,"key":"FearPotion"}],"is_trial":true,"path_per_floor":["M","M","?","?","$","R","M","M","T","T","T","M","$","M","R","B",null,"M","M","M","?","?","R","M","R","T","R","?","$","M","?","R","B",null,"M","?","M","M","M","M","$","R","T","M","?","M","E","M","R","B",null],"character_chosen":"THE_DT","items_purchased":["DTMod:HeatWave","DTMod:Astonish","DTMod:HeadStart","Shuriken","DTMod:BurningEnergy","DTMod:DragonDance"],"campfire_rested":2,"item_purchase_floors":[5,13,29,41,41,41],"current_hp_per_floor":[45,45,34,34,34,34,34,34,34,34,34,34,34,34,34,34,45,45,45,45,45,45,45,45,45,45,45,45,45,45,45,45,45,45,45,45,45,45,45,45,45,45,45,45,45,45,45,45,45,45],"gold":217,"neow_bonus":"","is_daily":false,"chose_seed":false,"campfire_upgraded":6,"win_rate":0.0,"timestamp":1607892879,"path_taken":["M","M","?","?","$","R","M","?","T","?","?","M","$","?","R","BOSS","M","M","M","?","?","R","?","R","T","R","?","$","M","?","R","BOSS","M","?","?","M","M","M","$","R","T","M","?","?","E","M","R","BOSS"],"items_purchased_type":["Card","Card","Card","Relic","Card","Card"],"build_version":"2020-11-30","purchased_purges":0,"victory":true,"max_hp_per_floor":[45,45,45,45,45,45,45,45,45,45,45,45,45,45,45,45,45,45,45,45,45,45,45,45,45,45,45,45,45,45,45,45,45,45,45,45,45,45,45,45,45,45,45,45,45,45,45,45,45,45],"card_choices":[{"not_picked":["DTMod:BalancedStrike","DTMod:MagicField"],"picked":"DTMod:ForkedFire","floor":1},{"not_picked":["DTMod:MagiciansMark","DTMod:MagicField","DTMod:Coolant"],"picked":"SKIP","floor":2},{"not_picked":["DTMod:Weaken","DTMod:Feint","DTMod:Observe"],"picked":"SKIP","floor":7},{"not_picked":["DTMod:BuildUp","DTMod:Threaten","DTMod:BurningEnergy"],"picked":"SKIP","floor":8},{"not_picked":["DTMod:BurningEnergy","DTMod:MasterPlan"],"picked":"DTMod:ForkedFire","floor":12},{"not_picked":["DTMod:Observe","DTMod:PurifyingFlame"],"picked":"DTMod:BurningForce","floor":14},{"not_picked":["DTMod:GearUp","DTMod:StunTrap"],"picked":"DTMod:Inferno","floor":16},{"not_picked":["DTMod:BreakAttack","DTMod:PurifyingFlame","DTMod:Punisher"],"picked":"SKIP","floor":18},{"not_picked":["DTMod:StarRain+1","DTMod:BlazingStrike"],"picked":"DTMod:DragonDance+1","floor":19},{"not_picked":["DTMod:BuildUp","DTMod:Weaken","DTMod:InvisibleFlame"],"picked":"SKIP","floor":20},{"not_picked":["DTMod:FlameSlash","DTMod:Hide","DTMod:Punisher"],"picked":"SKIP","floor":24},{"not_picked":["DTMod:Training","DTMod:Safeguard","DTMod:BuildUp"],"picked":"SKIP","floor":30},{"not_picked":["DTMod:ExcessFootwork","DTMod:Inferno","DTMod:LightShield"],"picked":"DTMod:Prediction","floor":33},{"not_picked":["DTMod:CrossStep+1","DTMod:SneakAttack","DTMod:Feint","DTMod:BreakAttack"],"picked":"SKIP","floor":35},{"not_picked":["DTMod:BreakAttack","DTMod:BuildUp","DTMod:MasterPlan"],"picked":"DTMod:BurningEnergy","floor":37},{"not_picked":["DTMod:Threaten+1","DTMod:Feint+1","DTMod:LastStand"],"picked":"DTMod:FierySynthesis","floor":38},{"not_picked":["DTMod:FlameSlash","DTMod:Punisher+1","DTMod:BuildUp+1","DTMod:QuickFly+1"],"picked":"SKIP","floor":39},{"not_picked":["DTMod:ForkedFire","DTMod:CleansingStrike","DTMod:Threaten+1","DTMod:TauntingStrike"],"picked":"SKIP","floor":40},{"not_picked":["DTMod:BreakAttack+1","DTMod:MaximumCharge+1","DTMod:HeatWave+1","DTMod:Weaken+1"],"picked":"SKIP","floor":44},{"not_picked":["DTMod:Weaken","DTMod:Hide","DTMod:StunTrap"],"picked":"DTMod:BurningEnergy+1","floor":46},{"not_picked":["DTMod:Coolant","DTMod:StarRain+1","DTMod:MaximumCharge+1"],"picked":"DTMod:DarkBreath+1","floor":47},{"not_picked":["DTMod:Feint","DTMod:Threaten","DTMod:CleansingStrike+1","DTMod:ShieldDrain+1"],"picked":"SKIP","floor":48}],"player_experience":803520,"relics_obtained":[{"floor":9,"key":"Vajra"},{"floor":10,"key":"InkBottle"},{"floor":11,"key":"Mummified Hand"},{"floor":22,"key":"Red Mask"},{"floor":26,"key":"Bird Faced Urn"},{"floor":31,"key":"Calipers"},{"floor":31,"key":"Question Card"},{"floor":43,"key":"Bag of Marbles"},{"floor":47,"key":"Gremlin Horn"}],"event_choices":[{"damage_healed":0,"gold_gain":0,"player_choice":"Slimed","damage_taken":11,"max_hp_gain":0,"max_hp_loss":0,"event_name":"betterThird:BetterGoop","floor":3,"gold_loss":20},{"damage_healed":0,"gold_gain":0,"player_choice":"Forge","damage_taken":0,"max_hp_gain":0,"max_hp_loss":0,"event_name":"Accursed Blacksmith","floor":4,"gold_loss":0,"cards_upgraded":["DTMod:ForkedFire"]},{"damage_healed":0,"gold_gain":0,"player_choice":"Ignored","damage_taken":0,"max_hp_gain":0,"max_hp_loss":0,"event_name":"betterNote:BetterNote","floor":21,"gold_loss":0,"cards_obtained":["Blind"]},{"damage_healed":0,"gold_gain":0,"player_choice":"Fought Bandits","damage_taken":0,"max_hp_gain":0,"max_hp_loss":0,"event_name":"Masked Bandits","floor":22,"gold_loss":0},{"damage_healed":0,"gold_gain":0,"player_choice":"Insight","damage_taken":0,"max_hp_gain":0,"max_hp_loss":0,"event_name":"betterThird:BetterWriting","floor":28,"gold_loss":0,"cards_obtained":["Insight"]},{"damage_healed":0,"gold_gain":0,"player_choice":"Fight","damage_taken":0,"max_hp_gain":0,"max_hp_loss":0,"event_name":"Colosseum","floor":31,"gold_loss":0},{"damage_healed":0,"gold_gain":0,"player_choice":"Fought Nobs","damage_taken":0,"max_hp_gain":0,"max_hp_loss":0,"event_name":"Colosseum","floor":31,"gold_loss":0},{"damage_healed":0,"gold_gain":0,"player_choice":"Gave Potion","damage_taken":0,"relics_obtained":["Happy Flower"],"max_hp_gain":0,"max_hp_loss":0,"event_name":"WeMeetAgain","floor":36,"gold_loss":0},{"damage_healed":0,"gold_gain":100,"player_choice":"Pray","damage_taken":0,"max_hp_gain":0,"max_hp_loss":0,"event_name":"Golden Shrine","floor":45,"gold_loss":0}],"is_beta":false,"boss_relics":[{"not_picked":["Coffee Dripper","Velvet Choker"],"picked":"Runic Pyramid"},{"not_picked":["Tiny House","SlaversCollar"],"picked":"Runic Dome"}],"items_purged_floors":[],"is_endless":false,"potions_floor_spawned":[1,8,14,22,24,30,31,37,38,39,46,47],"ascension_level":0}}