{"host":"zk71suw73lg2r165","time":1607834411,"event":{"mods":["BaseMod","Colored Map","Minty Spire (QoL Compilation)","Permanent Neow","Relic Stats","StSLib"],"gold_per_floor":[15,34,34,46,59,59,59],"floor_reached":6,"playtime":180,"items_purged":[],"score":76,"play_id":"7f840107-3748-4a66-9349-8f662a672c8d","local_time":"20201212234011","is_ascension_mode":true,"campfire_choices":[],"circlet_count":0,"master_deck":["AscendersBane","Strike_B","Strike_B","Strike_B","Defend_B","Defend_B","Defend_B","Defend_B","Zap","Dualcast","Hyperbeam","Double Energy","Compile Driver","Heatsinks","Coolheaded","Sweeping Beam"],"relics":["Cracked Core"],"acts_visited":["Exordium"],"potions_floor_usage":[6,6],"damage_taken":[{"damage":2,"enemies":"Jaw Worm","floor":1,"turns":3},{"damage":0,"enemies":"Cultist","floor":2,"turns":2},{"damage":4,"enemies":"2 Louse","floor":4,"turns":2},{"damage":7,"enemies":"Looter","floor":5,"turns":3},{"damage":22,"enemies":"Lagavulin","floor":6,"turns":6}],"seed_played":"3790108934894309306","potions_obtained":[{"floor":2,"key":"Regen Potion"},{"floor":4,"key":"PotionOfCapacity"}],"is_trial":false,"path_per_floor":["M","M","?","M","M","E"],"character_chosen":"DEFECT","items_purchased":[],"campfire_rested":0,"item_purchase_floors":[],"current_hp_per_floor":[62,62,62,58,51,34,34],"gold":59,"neow_bonus":"THREE_RARE_CARDS","is_daily":false,"chose_seed":false,"campfire_upgraded":0,"win_rate":0.0,"timestamp":1607834411,"path_taken":["M","M","?","M","?","E"],"items_purchased_type":[],"build_version":"2020-11-30","purchased_purges":0,"victory":false,"max_hp_per_floor":[71,71,71,71,71,71,71],"relic_stats":{"counters":[5,16],"obtain_stats":[{"Cracked Core":0},{"Cracked Core":0},{"Cracked Core":0}]},"card_choices":[{"not_picked":["Meteor Strike","Thunder Strike"],"picked":"Hyperbeam","floor":0},{"not_picked":["Streamline","Redo"],"picked":"Double Energy","floor":1},{"not_picked":["Go for the Eyes","Conserve Battery"],"picked":"Compile Driver","floor":2},{"not_picked":["Chaos","Heatsinks"],"picked":"Coolheaded","floor":4},{"not_picked":["Stack","Coolheaded"],"picked":"Sweeping Beam","floor":5}],"player_experience":1309980,"relics_obtained":[],"event_choices":[{"damage_healed":0,"gold_gain":0,"cards_transformed":["Strike_B"],"player_choice":"Transformed","damage_taken":0,"max_hp_gain":0,"max_hp_loss":0,"event_name":"Transmorgrifier","floor":3,"gold_loss":0,"cards_obtained":["Heatsinks"]}],"is_beta":false,"boss_relics":[],"items_purged_floors":[],"is_endless":false,"potions_floor_spawned":[2,4,5],"killed_by":"Lagavulin","ascension_level":20}}