{"host":"3a1ypf1irl30q4k8","time":1607851695,"event":{"mods":["AchievementEnabler","BaseMod","Bestiary","Colored Map","Minty Spire (QoL Compilation)","Relic Stats"],"gold_per_floor":[115,47,47,63,77,77,110,110,110,110,32,45,70,93,93,212,212,233,233,247,260,260,260],"floor_reached":22,"playtime":1181,"items_purged":[],"score":263,"play_id":"9f776f69-cd8d-417c-b9bf-4d8eb0187dce","local_time":"20201213092815","is_ascension_mode":true,"campfire_choices":[{"data":"Sweeping Beam","floor":6,"key":"SMITH"},{"data":"Reprogram","floor":10,"key":"SMITH"},{"floor":15,"key":"REST"}],"circlet_count":0,"master_deck":["Strike_B","Strike_B","Strike_B","Defend_B","Defend_B","Defend_B","Zap","Dualcast","Sweeping Beam+1","BootSequence","Rebound","Reprogram+1","Beam Cell","Beam Cell","Conserve Battery","Go for the Eyes","Leap","Turbo","Hyperbeam","Undo","Glacier+1","Leap+1"],"relics":["Black Star","Golden Idol","Blue Candle","Dream Catcher","Pantograph","Nuclear Battery"],"acts_visited":["Exordium","TheCity"],"potions_floor_usage":[7,12,16,18,21],"damage_taken":[{"damage":3,"enemies":"2 Louse","floor":1,"turns":2},{"damage":0,"enemies":"Small Slimes","floor":4,"turns":2},{"damage":1,"enemies":"Cultist","floor":5,"turns":3},{"damage":14,"enemies":"3 Sentries","floor":7,"turns":6},{"damage":0,"enemies":"Lots of Slimes","floor":12,"turns":3},{"damage":6,"enemies":"Gremlin Gang","floor":13,"turns":2},{"damage":10,"enemies":"Exordium Thugs","floor":14,"turns":5},{"damage":39,"enemies":"The Guardian","floor":16,"turns":12},{"damage":19,"enemies":"3 Byrds","floor":18,"turns":5},{"damage":14,"enemies":"2 Thieves","floor":20,"turns":4},{"damage":10,"enemies":"Snecko","floor":21,"turns":5},{"damage":16,"enemies":"Centurion and Healer","floor":22,"turns":4}],"seed_played":"3220940422921211196","potions_obtained":[{"floor":5,"key":"Block Potion"},{"floor":7,"key":"LiquidMemories"},{"floor":12,"key":"EssenceOfSteel"},{"floor":14,"key":"Swift Potion"},{"floor":20,"key":"Swift Potion"}],"is_trial":false,"path_per_floor":["M","$","?","M","M","R","E","?","T","R","$","M","M","M","R","B",null,"M","?","M","M","M"],"character_chosen":"DEFECT","items_purchased":["BootSequence","Beam Cell","Conserve Battery"],"campfire_rested":1,"item_purchase_floors":[2,11,11],"current_hp_per_floor":[65,65,65,65,64,64,50,43,43,43,43,43,37,27,47,30,59,40,40,26,16,0,0],"gold":260,"neow_bonus":"BOSS_RELIC","is_daily":false,"chose_seed":false,"campfire_upgraded":2,"win_rate":0.0,"timestamp":1607851695,"path_taken":["M","$","?","M","M","R","E","?","T","R","$","M","M","M","R","BOSS","M","?","M","M","M"],"items_purchased_type":["Card","Card","Card"],"build_version":"2020-11-30","purchased_purges":0,"victory":false,"max_hp_per_floor":[75,75,69,69,69,69,69,69,69,69,69,69,69,69,69,69,69,69,69,69,69,69,69],"relic_stats":{"Dream Catcher":1,"counters":[12,53],"Golden Idol":60,"Blue Candle":[0],"Pantograph":22,"Black Star":1,"obtain_stats":[{"Dream Catcher":7,"Golden Idol":3,"Blue Candle":7,"Pantograph":9,"Black Star":0,"Cracked Core":0,"Nuclear Battery":17},{"Dream Catcher":4,"Golden Idol":1,"Blue Candle":4,"Pantograph":4,"Black Star":0,"Cracked Core":0,"Nuclear Battery":8},{"Dream Catcher":13,"Golden Idol":2,"Blue Candle":13,"Pantograph":13,"Black Star":0,"Cracked Core":0,"Nuclear Battery":35}]},"card_choices":[{"not_picked":["Stack","Loop"],"picked":"Sweeping Beam","floor":1},{"not_picked":["BootSequence","Streamline"],"picked":"Rebound","floor":4},{"not_picked":["Rebound","Storm"],"picked":"Reprogram","floor":5},{"not_picked":["Go for the Eyes","Chill"],"picked":"Beam Cell","floor":7},{"not_picked":["White Noise","Storm"],"picked":"Go for the Eyes","floor":12},{"not_picked":["Loop","Sweeping Beam"],"picked":"Leap","floor":13},{"not_picked":["Reboot","Barrage"],"picked":"Turbo","floor":14},{"not_picked":["Electrodynamics","Multi-Cast"],"picked":"Hyperbeam","floor":16},{"not_picked":["Glacier+1","Coolheaded+1"],"picked":"Undo","floor":18},{"not_picked":["Fusion","Streamline+1"],"picked":"Glacier+1","floor":20},{"not_picked":["Sweeping Beam","Darkness"],"picked":"Leap+1","floor":21}],"player_experience":832756,"relics_obtained":[{"floor":7,"key":"Blue Candle"},{"floor":7,"key":"Dream Catcher"},{"floor":9,"key":"Pantograph"}],"event_choices":[{"damage_healed":0,"gold_gain":0,"player_choice":"Lose Max HP","damage_taken":0,"relics_obtained":["Golden Idol"],"max_hp_gain":0,"max_hp_loss":6,"event_name":"Golden Idol","floor":3,"gold_loss":0},{"cards_removed":["Strike_B"],"damage_healed":0,"gold_gain":0,"player_choice":"Card Removal","damage_taken":7,"max_hp_gain":0,"max_hp_loss":0,"event_name":"Golden Wing","floor":8,"gold_loss":0},{"cards_removed":["Defend_B"],"damage_healed":0,"gold_gain":0,"player_choice":"Purged","damage_taken":0,"max_hp_gain":0,"max_hp_loss":0,"event_name":"Purifier","floor":19,"gold_loss":0}],"is_beta":false,"boss_relics":[{"not_picked":["Busted Crown","Fusion Hammer"],"picked":"Nuclear Battery"}],"items_purged_floors":[],"is_endless":false,"potions_floor_spawned":[5,7,12,14,20],"killed_by":"Centurion and Healer","ascension_level":8}}