{"host":"vm8b3ptwl81uq21f","time":1607894728,"event":{"mods":["BaseMod","BetterRewards","Colored Powertips","Downfall","GifTheSpireLib","Googly Eyes","GungeonMod","Halation","Hubris","Minty Spire (QoL Compilation)","Quick Restart","Rare Cards Sparkle","Replay The Spire","Shop Mod","StSLib","Stuff the Spire","The Bug Knight","The IronCluck","[IsaacMod]????"],"gold_per_floor":[99,134,134,202,202,202,202,237,237,162,174,188,207,225,236,332,332,332],"floor_reached":17,"playtime":508,"items_purged":[],"score":215,"play_id":"f776a4a7-fe94-486e-b3b5-b82a498c37e3","local_time":"20201213162528","is_ascension_mode":false,"campfire_choices":[{"data":"sneckomod:Unknown","floor":1,"key":"SMITH"},{"data":"sneckomod:QuickBite","floor":6,"key":"SMITH"},{"data":"sneckomod:DiceBoulder","floor":10,"key":"SMITH"}],"circlet_count":0,"master_deck":["sneckomod:Strike+1","sneckomod:Strike","sneckomod:Strike+1","sneckomod:Defend","sneckomod:Defend","sneckomod:Defend","sneckomod:TailWhip","sneckomod:SnekBite","sneckomod:Unknown+1","sneckomod:Unknown","EpicFetus+1","sneckomod:QuickBite+1","Regret","sneckomod:DiceBoulder+1","sneckomod:Unknown0Cost","sneckomod:UnknownRarePower","sneckomod:DiceBlock","sneckomod:UnlimitedRolls"],"relics":["sneckomod:SneckoSoul","HushsDoor","GuppysHead","downfall:HeartsMalice","Pen Nib","StuffTheSpire:Tea","Onion Ring","Chaos","downfall:HeartBlessingGreen","DemoMod:Relodestone"],"acts_visited":["Exordium","TheCity"],"potions_floor_usage":[],"damage_taken":[{"damage":0,"enemies":"Gremlin Nob","floor":2,"turns":1},{"damage":0,"enemies":"3 Sentries","floor":8,"turns":1},{"damage":0,"enemies":"Jaw Worm","floor":9,"turns":1},{"damage":2,"enemies":"Small Slimes","floor":11,"turns":2},{"damage":0,"enemies":"Cultist","floor":12,"turns":2},{"damage":2,"enemies":"3 Louse","floor":13,"turns":2},{"damage":0,"enemies":"Exordium Wildlife","floor":14,"turns":3},{"damage":0,"enemies":"Exordium Thugs","floor":15,"turns":2},{"damage":54,"enemies":"downfall:Ironclad","floor":16,"turns":7}],"seed_played":"-4951901239196249176","potions_obtained":[{"floor":2,"key":"Fire Potion"},{"floor":11,"key":"GamblersBrew"},{"floor":13,"key":"sneckomod:MuddlingPotion"}],"is_trial":false,"path_per_floor":["R","E","?","T","?","R","T","E","M","R","M","M","M","M","M","B",null],"character_chosen":"THE_SNECKO","items_purchased":[],"campfire_rested":0,"item_purchase_floors":[],"current_hp_per_floor":[90,90,90,90,90,90,90,90,90,90,88,89,88,88,88,34,92,92],"gold":332,"neow_bonus":"THREE_ENEMY_KILL","is_daily":false,"chose_seed":false,"campfire_upgraded":3,"win_rate":0.0,"timestamp":1607894728,"path_taken":["R","E","?","?","?","R","T","E","M","R","M","?","M","M","M","BOSS"],"items_purchased_type":[],"build_version":"2020-11-30","purchased_purges":0,"victory":false,"max_hp_per_floor":[90,90,90,90,90,90,90,90,90,90,90,91,92,92,92,92,92,92],"card_choices":[{"not_picked":[],"picked":"EpicFetus","floor":0},{"not_picked":["sneckomod:UnknownBlock","sneckomod:Unknown2Cost"],"picked":"sneckomod:QuickBite","floor":2},{"not_picked":["sneckomod:UnknownUncommonPower","sneckomod:UnknownClassHUNTRESS"],"picked":"sneckomod:DiceBoulder","floor":8},{"not_picked":["sneckomod:UnknownClassTHE_CHAMP_GRAY","sneckomod:ImprovisedGuard","sneckomod:DiceBoulder"],"picked":"SKIP","floor":9},{"not_picked":["sneckomod:DefensiveFlair","sneckomod:DiceCrush","sneckomod:UnknownClassHEXA_GHOST_PURPLE"],"picked":"SKIP","floor":11},{"not_picked":["sneckomod:UnknownUncommonAttack","sneckomod:UnknownClassSLIMEBOUND"],"picked":"sneckomod:Unknown0Cost","floor":12},{"not_picked":["sneckomod:DiceCrush","sneckomod:Unknown0Cost"],"picked":"sneckomod:UnknownRarePower","floor":13},{"not_picked":["sneckomod:ImprovisedAttack","sneckomod:UnknownCommonAttack","sneckomod:DiceBlock"],"picked":"SKIP","floor":14},{"not_picked":["sneckomod:DiceCrush","sneckomod:UnknownX"],"picked":"sneckomod:DiceBlock","floor":15},{"not_picked":["sneckomod:Restock","sneckomod:SerpentMind"],"picked":"sneckomod:UnlimitedRolls","floor":16}],"player_experience":290933,"relics_obtained":[{"floor":2,"key":"Pen Nib"},{"floor":4,"key":"StuffTheSpire:Tea"},{"floor":7,"key":"Onion Ring"},{"floor":8,"key":"Chaos"}],"event_choices":[],"is_beta":false,"boss_relics":[{"not_picked":["StuffTheSpire:NeowsTribute","Strawberry"],"picked":"DemoMod:Relodestone"},{"not_picked":[]}],"items_purged_floors":[],"is_endless":false,"potions_floor_spawned":[2,11,13,16],"ascension_level":0}}