{"host":"uuef13iiy6j2c50k","time":1607854501,"event":{"mods":["BaseMod","Minty Spire (QoL Compilation)","Quick Restart","Relic Stats","Slay-I","StSLib","SuperFastMode"],"gold_per_floor":[118,130,55,55,4,37,37,70,70,70,97,97,131,147,147,249,249,265,365,378,75,75,110,129,129,129,139,139,169,188,218,218,318,318,332,343,343,218,234,234,244,244,268,287,320,320,337,349,349,349,349,349,46,73,73],"floor_reached":56,"playtime":1711,"items_purged":["Strike_R","Strike_R","Strike_R","Strike_R"],"score":1582,"play_id":"ff0dc820-6ff8-449f-ad09-2085838881f8","local_time":"20201213001501","is_ascension_mode":true,"campfire_choices":[{"data":"Limit Break","floor":7,"key":"SMITH"},{"data":"1","floor":10,"key":"LIFT"},{"data":"2","floor":12,"key":"LIFT"},{"data":"3","floor":15,"key":"LIFT"},{"data":"Bash","floor":25,"key":"SMITH"},{"data":"Cleave","floor":28,"key":"SMITH"},{"data":"Shrug It Off","floor":32,"key":"SMITH"},{"floor":40,"key":"RECALL"}],"circlet_count":0,"master_deck":["Strike_R+1","Defend_R","Defend_R","Defend_R","Defend_R","Bash+1","Limit Break+1","Inflame+1","Sword Boomerang+1","Shrug It Off+1","Cleave+1","Offering+1","Reaper","Flame Barrier+1","True Grit+1","Headbutt+1","Disarm+1","Heavy Blade+1","Battle Trance+1","Burning Pact+1","Metallicize+1","Limit Break+1","Shrug It Off+1","Intimidate+1","Intimidate+1","True Grit+1"],"relics":["Burning Blood","Eternal Feather","Self Forming Clay","Girya","Whetstone","Toxic Egg 2","Orichalcum","Coffee Dripper","ClockworkSouvenir","Bottled Lightning","Bronze Scales","Shuriken","Fusion Hammer","Happy Flower","Vajra","Oddly Smooth Stone","Turnip"],"acts_visited":["Exordium","TheCity","TheBeyond","TheEnding"],"potions_floor_usage":[8,11,29,29,55,55],"damage_taken":[{"damage":14,"enemies":"Jaw Worm","floor":1,"turns":5},{"damage":0,"enemies":"Small Slimes","floor":2,"turns":3},{"damage":36,"enemies":"Gremlin Nob","floor":6,"turns":4},{"damage":25,"enemies":"3 Sentries","floor":8,"turns":7},{"damage":0,"enemies":"Lagavulin","floor":11,"turns":3},{"damage":19,"enemies":"3 Sentries","floor":13,"turns":6},{"damage":6,"enemies":"Cultist","floor":14,"turns":2},{"damage":6,"enemies":"Slime Boss","floor":16,"turns":3},{"damage":7,"enemies":"Chosen","floor":18,"turns":2},{"damage":6,"enemies":"Spheric Guardian","floor":20,"turns":2},{"damage":16,"enemies":"Slavers","floor":23,"turns":3},{"damage":6,"enemies":"Centurion and Healer","floor":24,"turns":2},{"damage":0,"enemies":"3 Cultists","floor":27,"turns":3},{"damage":25,"enemies":"Gremlin Leader","floor":29,"turns":4},{"damage":6,"enemies":"Snake Plant","floor":30,"turns":1},{"damage":7,"enemies":"Book of Stabbing","floor":31,"turns":4},{"damage":6,"enemies":"Champ","floor":33,"turns":7},{"damage":3,"enemies":"3 Shapes","floor":35,"turns":4},{"damage":0,"enemies":"Orb Walker","floor":36,"turns":2},{"damage":28,"enemies":"Jaw Worm Horde","floor":39,"turns":3},{"damage":6,"enemies":"Transient","floor":41,"turns":5},{"damage":7,"enemies":"Maw","floor":44,"turns":5},{"damage":6,"enemies":"Giant Head","floor":45,"turns":3},{"damage":10,"enemies":"Sphere and 2 Shapes","floor":47,"turns":3},{"damage":0,"enemies":"Transient","floor":48,"turns":5},{"damage":29,"enemies":"Time Eater","floor":50,"turns":6},{"damage":17,"enemies":"Shield and Spear","floor":54,"turns":4},{"damage":62,"enemies":"The Heart","floor":55,"turns":6}],"seed_played":"5285375214554620519","potions_obtained":[{"floor":1,"key":"FearPotion"},{"floor":6,"key":"SkillPotion"},{"floor":11,"key":"BloodPotion"},{"floor":14,"key":"BlessingOfTheForge"},{"floor":20,"key":"AttackPotion"},{"floor":27,"key":"PowerPotion"},{"floor":30,"key":"SneckoOil"},{"floor":31,"key":"BlessingOfTheForge"},{"floor":33,"key":"SpeedPotion"},{"floor":39,"key":"LiquidMemories"}],"is_trial":false,"path_per_floor":["M","M","$","?","$","E","R","E","T","R","E","R","E","M","R","B",null,"M","?","M","$","?","E","M","R","T","M","R","E","M","E","R","B",null,"M","M","?","$","M","R","M","R","T","M","E","R","M","M","R","B",null,"R","$","E","B",null],"character_chosen":"IRONCLAD","items_purchased":["Sword Boomerang","ClockworkSouvenir","True Grit+1","Oddly Smooth Stone"],"campfire_rested":0,"item_purchase_floors":[5,21,21,53],"current_hp_per_floor":[64,70,70,67,67,37,43,24,24,30,36,42,29,29,38,38,72,71,71,72,72,72,69,69,72,72,72,72,72,72,71,72,72,72,72,72,72,72,72,72,72,72,72,71,71,72,68,72,72,49,72,72,72,72,51],"gold":73,"neow_bonus":"THREE_RARE_CARDS","is_daily":false,"chose_seed":false,"campfire_upgraded":4,"win_rate":0.0,"timestamp":1607854501,"path_taken":["M","M","$","?","$","E","R","E","T","R","E","R","E","M","R","BOSS","M","?","?","$","?","E","?","R","T","M","R","E","M","E","R","BOSS","M","M","?","$","?","R","M","R","T","M","E","R","M","M","R","BOSS","R","$","E","BOSS"],"items_purchased_type":["Card","Relic","Card","Relic"],"build_version":"2020-11-30","purchased_purges":4,"victory":true,"max_hp_per_floor":[72,72,72,72,72,72,72,72,72,72,72,72,72,72,72,72,72,72,72,72,72,72,72,72,72,72,72,72,72,72,72,72,72,72,72,72,72,72,72,72,72,72,72,72,72,72,72,72,72,72,72,72,72,72,72],"relic_stats":{"Happy Flower":[10],"counters":[28,107],"Self Forming Clay":[138],"Shuriken":[5],"Bronze Scales":[198],"Eternal Feather":32,"Turnip":[2],"Whetstone":["Sword Boomerang","Strike_R"],"Orichalcum":[66],"obtain_stats":[{"Girya":8,"Happy Flower":43,"Self Forming Clay":6,"Vajra":45,"Oddly Smooth Stone":53,"Eternal Feather":4,"Whetstone":9,"Orichalcum":13,"Burning Blood":0,"ClockworkSouvenir":21,"Shuriken":31,"Bronze Scales":29,"Fusion Hammer":34,"Turnip":54,"Coffee Dripper":17,"Bottled Lightning":23,"Toxic Egg 2":11},{"Girya":4,"Happy Flower":21,"Self Forming Clay":3,"Vajra":23,"Oddly Smooth Stone":26,"Eternal Feather":2,"Whetstone":4,"Orichalcum":6,"Burning Blood":0,"ClockworkSouvenir":10,"Shuriken":16,"Bronze Scales":14,"Fusion Hammer":17,"Turnip":27,"Coffee Dripper":8,"Bottled Lightning":11,"Toxic Egg 2":5},{"Girya":19,"Happy Flower":75,"Self Forming Clay":12,"Vajra":83,"Oddly Smooth Stone":97,"Eternal Feather":8,"Whetstone":19,"Orichalcum":28,"Burning Blood":0,"ClockworkSouvenir":37,"Shuriken":54,"Bronze Scales":49,"Fusion Hammer":61,"Turnip":101,"Coffee Dripper":33,"Bottled Lightning":40,"Toxic Egg 2":22}],"Burning Blood":127},"card_choices":[{"not_picked":["Feed","Offering"],"picked":"Limit Break","floor":0},{"not_picked":["Flex","Clash"],"picked":"Inflame","floor":1},{"not_picked":["Perfected Strike","Flex","Rage"],"picked":"SKIP","floor":2},{"not_picked":["Body Slam","Dropkick","Armaments"],"picked":"SKIP","floor":6},{"not_picked":["Power Through","Corruption"],"picked":"Shrug It Off","floor":8},{"not_picked":["Sever Soul","Twin Strike"],"picked":"Cleave","floor":11},{"not_picked":["Double Tap+1","Rage+1"],"picked":"Offering+1","floor":13},{"not_picked":["Rampage","Flex+1","Entrench+1"],"picked":"SKIP","floor":14},{"not_picked":["Juggernaut","Brutality"],"picked":"Reaper","floor":16},{"not_picked":["Armaments+1","Thunderclap+1"],"picked":"Flame Barrier+1","floor":18},{"not_picked":["Infernal Blade+1","Dual Wield+1","Rampage+1"],"picked":"SKIP","floor":20},{"not_picked":["Rampage","Ghostly Armor+1"],"picked":"Headbutt+1","floor":23},{"not_picked":["Thunderclap","Searing Blow"],"picked":"Disarm+1","floor":24},{"not_picked":["Flex+1","Sword Boomerang"],"picked":"Heavy Blade+1","floor":27},{"not_picked":["Anger+1","Body Slam"],"picked":"Battle Trance+1","floor":29},{"not_picked":["Flame Barrier+1","Sword Boomerang"],"picked":"Burning Pact+1","floor":30},{"not_picked":["Reckless Charge","Burning Pact+1"],"picked":"Metallicize+1","floor":31},{"not_picked":["Brutality","Impervious+1"],"picked":"Limit Break+1","floor":33},{"not_picked":["Cleave","Perfected Strike","Infernal Blade+1"],"picked":"SKIP","floor":35},{"not_picked":["Clash","Ghostly Armor+1"],"picked":"Shrug It Off+1","floor":36},{"not_picked":["Uppercut","Anger"],"picked":"Intimidate+1","floor":39},{"not_picked":["Body Slam","Thunderclap","Perfected Strike"],"picked":"SKIP","floor":41},{"not_picked":["Double Tap+1","Spot Weakness+1","Dropkick+1"],"picked":"SKIP","floor":44},{"not_picked":["Inflame","Thunderclap+1"],"picked":"Intimidate+1","floor":45},{"not_picked":["True Grit+1","Bloodletting+1","Clash"],"picked":"SKIP","floor":47},{"not_picked":["True Grit+1","Infernal Blade+1","Iron Wave"],"picked":"SKIP","floor":48},{"not_picked":["Wild Strike+1","Double Tap+1"],"picked":"True Grit+1","floor":54}],"player_experience":23844,"relics_obtained":[{"floor":6,"key":"Self Forming Clay"},{"floor":8,"key":"Girya"},{"floor":9,"key":"Whetstone"},{"floor":11,"key":"Toxic Egg 2"},{"floor":13,"key":"Orichalcum"},{"floor":23,"key":"Bottled Lightning"},{"floor":29,"key":"Bronze Scales"},{"floor":31,"key":"Shuriken"},{"floor":43,"key":"Happy Flower"},{"floor":45,"key":"Vajra"},{"floor":54,"key":"Turnip"}],"event_choices":[{"damage_healed":0,"gold_gain":0,"player_choice":"Success","damage_taken":3,"relics_obtained":["Eternal Feather"],"max_hp_gain":0,"max_hp_loss":0,"event_name":"Scrap Ooze","floor":4,"gold_loss":0},{"damage_healed":0,"gold_gain":100,"player_choice":"Pray","damage_taken":0,"max_hp_gain":0,"max_hp_loss":0,"event_name":"Golden Shrine","floor":19,"gold_loss":0},{"damage_healed":0,"gold_gain":0,"player_choice":"Forge","damage_taken":0,"max_hp_gain":0,"max_hp_loss":0,"event_name":"Accursed Blacksmith","floor":22,"gold_loss":0,"cards_upgraded":["Inflame"]},{"damage_healed":0,"gold_gain":0,"player_choice":"0 cards matched","damage_taken":0,"max_hp_gain":0,"max_hp_loss":0,"event_name":"Match and Keep!","floor":37,"gold_loss":0,"cards_obtained":[]}],"is_beta":false,"boss_relics":[{"not_picked":["Sozu","Philosopher\u0027s Stone"],"picked":"Coffee Dripper"},{"not_picked":["Runic Pyramid","Snecko Eye"],"picked":"Fusion Hammer"}],"items_purged_floors":[3,21,38,53],"is_endless":false,"potions_floor_spawned":[1,6,11,14,20,27,30,31,33,36,39,41,45],"ascension_level":3}}