{"host":"2a1jp7fcxdmpg8w5","time":1607895075,"event":{"mods":["Aspiration","BaseMod","Better Altar","Better Match","Better Note","Better Skull","Better Third Choice","Better Vampires","BetterRewards","Colored Map","Colored Powertips","Conspire","DeckTracker","Downfall","Energized Spire","Halation","Hermit","Highlight Path","Hubris","Infinite Spire","JesterMod","Jorbs\u0027s Wanderer Trilogy","Marked Mod","Melee Mod","Minty Spire (QoL Compilation)","Potionbrewer","Quick Restart","Random Character Button","Rare Cards Sparkle","Relic Sorter","Relic Stats","Replay The Spire","Robot Space Explorer","Small Relic Pack","Spicy Shops","Spire Birthday Party","StSLib","Synergy Search","The Cursed","The Disciple","The Factory","The Jungle","The Kombatant","The Runesmith","TheVacant"],"gold_per_floor":[109,124,106,117,117,152,152,152,152,163,163,176,186,198,198,198,198],"floor_reached":16,"playtime":1222,"items_purged":[],"score":104,"play_id":"de0319cc-994b-4ffa-8132-68e359739456","local_time":"20201213213115","is_ascension_mode":false,"campfire_choices":[{"floor":7,"key":"REST"},{"floor":15,"key":"REST"}],"circlet_count":0,"master_deck":["Strike_P","Strike_P","Strike_P","Strike_P","Defend_P","Defend_P","Defend_P","Defend_P","Eruption","Vigilance","MentalFortress","Brilliance","Sadistic Nature","MarkedMod:FirstStrike","conspire:Rain","PathToVictory","Replay:DivineShield","MarkedMod:OneThousandNeedles","Replay:Anticipation","Worship"],"relics":["PureWater","NeowsBlessing","hubris:TenFootPole","aspiration:DSix","aspiration:TomeofQuesting","aspiration:HiddenCompartment"],"acts_visited":["Exordium"],"potions_floor_usage":[6],"damage_taken":[{"damage":0,"enemies":"Small Slimes","floor":1,"turns":1},{"damage":0,"enemies":"2 Louse","floor":2,"turns":2},{"damage":0,"enemies":"Cultist","floor":4,"turns":1},{"damage":51,"enemies":"Lagavulin","floor":6,"turns":11},{"damage":20,"enemies":"3 Louse","floor":10,"turns":5},{"damage":8,"enemies":"Red Slaver","floor":12,"turns":6},{"damage":0,"enemies":"Looter","floor":13,"turns":3},{"damage":15,"enemies":"2 Fungi Beasts","floor":14,"turns":5},{"damage":33,"enemies":"The Guardian","floor":16,"turns":5}],"seed_played":"-8940925721966485612","potions_obtained":[{"floor":1,"key":"Strength Potion"},{"floor":4,"key":"potionbrewer:CleansingPotion"},{"floor":13,"key":"potionbrewer:CleansingPotion"},{"floor":14,"key":"CultistPotion"}],"is_trial":false,"path_per_floor":["M","M","$","M","?","E","R","?","T","M","?","M","M","M","R","B"],"character_chosen":"WATCHER","items_purchased":["Sadistic Nature"],"campfire_rested":2,"item_purchase_floors":[3],"current_hp_per_floor":[72,72,72,72,68,17,38,62,62,42,35,27,27,12,33,0,0],"gold":198,"neow_bonus":"THREE_ENEMY_KILL","is_daily":false,"chose_seed":false,"campfire_upgraded":0,"win_rate":0.0,"timestamp":1607895075,"path_taken":["M","M","$","M","?","E","R","?","T","M","?","M","M","M","R","BOSS"],"items_purchased_type":["Card"],"build_version":"2020-11-30","purchased_purges":0,"victory":false,"max_hp_per_floor":[72,72,72,72,72,72,72,72,72,72,72,72,72,72,72,72,72],"relic_stats":{"counters":[9,39],"obtain_stats":[{"NeowsBlessing":0,"aspiration:TomeofQuesting":9,"hubris:TenFootPole":5,"PureWater":0,"aspiration:DSix":6,"aspiration:HiddenCompartment":11},{"NeowsBlessing":0,"aspiration:TomeofQuesting":4,"hubris:TenFootPole":3,"PureWater":0,"aspiration:DSix":4,"aspiration:HiddenCompartment":5},{"NeowsBlessing":0,"aspiration:TomeofQuesting":15,"hubris:TenFootPole":4,"PureWater":0,"aspiration:DSix":15,"aspiration:HiddenCompartment":20}]},"card_choices":[{"not_picked":["FollowUp","LikeWater"],"picked":"MentalFortress","floor":1},{"not_picked":["Indignation","Consecrate"],"picked":"Brilliance","floor":2},{"not_picked":["InnerPeace","FlyingSleeves"],"picked":"MarkedMod:FirstStrike","floor":4},{"not_picked":["FollowUp","MentalFortress"],"picked":"PathToVictory","floor":6},{"not_picked":["FlyingSleeves","Replay:Cycle"],"picked":"Replay:DivineShield","floor":10},{"not_picked":["Sanctity","Evaluate"],"picked":"MarkedMod:OneThousandNeedles","floor":12},{"not_picked":["Protect","ClearTheMind"],"picked":"Replay:Anticipation","floor":13},{"not_picked":["Halt","CutThroughFate"],"picked":"Worship","floor":14}],"player_experience":122377,"relics_obtained":[{"floor":6,"key":"aspiration:DSix"},{"floor":9,"key":"aspiration:TomeofQuesting"}],"event_choices":[{"damage_healed":24,"gold_gain":0,"player_choice":"Banana","damage_taken":0,"max_hp_gain":0,"max_hp_loss":0,"event_name":"Big Fish","floor":8,"gold_loss":0},{"damage_healed":0,"gold_gain":0,"player_choice":"RE ","damage_taken":18,"relics_obtained":["aspiration:HiddenCompartment"],"max_hp_gain":0,"max_hp_loss":0,"event_name":"betterSkull:BetterSkull","floor":11,"gold_loss":0,"cards_upgraded":[]}],"is_beta":false,"boss_relics":[],"items_purged_floors":[],"is_endless":false,"potions_floor_spawned":[1,4,13,14],"killed_by":"The Guardian","ascension_level":0}}