{"host":"udzsrhbqdxqtlypj","time":1607896064,"event":{"mods":["BaseMod","Minty Spire (QoL Compilation)","Relic Stats"],"gold_per_floor":[118,133,133,133,149,178,178,148,226,226,556,104,104,132,132,132,132],"floor_reached":16,"playtime":611,"items_purged":["Strike_B"],"score":174,"play_id":"9a6a087d-7ce7-4cc5-9a7a-495a28850bd3","local_time":"20201213154744","is_ascension_mode":true,"campfire_choices":[{"data":"Rip and Tear","floor":7,"key":"SMITH"},{"data":"Zap","floor":10,"key":"SMITH"},{"floor":13,"key":"REST"},{"data":"Storm","floor":15,"key":"SMITH"}],"circlet_count":0,"master_deck":["AscendersBane","Strike_B","Strike_B","Strike_B+1","Defend_B","Defend_B","Defend_B","Defend_B+1","Zap+1","Dualcast","Rip and Tear+1","Heatsinks","Go for the Eyes","Compile Driver","Gash","Storm+1","Force Field","Ball Lightning","Genetic Algorithm"],"relics":["Cracked Core","NeowsBlessing","Smiling Mask","White Beast Statue","Old Coin","Meat on the Bone","HornCleat"],"acts_visited":["Exordium"],"potions_floor_usage":[6,11,16,16],"damage_taken":[{"damage":0,"enemies":"Jaw Worm","floor":1,"turns":1},{"damage":0,"enemies":"Small Slimes","floor":2,"turns":1},{"damage":0,"enemies":"2 Louse","floor":5,"turns":1},{"damage":22,"enemies":"Gremlin Nob","floor":6,"turns":5},{"damage":13,"enemies":"3 Sentries","floor":11,"turns":7},{"damage":18,"enemies":"Gremlin Nob","floor":14,"turns":3},{"damage":37,"enemies":"Slime Boss","floor":16,"turns":10}],"seed_played":"-2287116810186718308","potions_obtained":[{"floor":1,"key":"SpeedPotion"},{"floor":6,"key":"SmokeBomb"},{"floor":8,"key":"EssenceOfSteel"},{"floor":8,"key":"PotionOfCapacity"},{"floor":11,"key":"PotionOfCapacity"},{"floor":14,"key":"Swift Potion"}],"is_trial":false,"path_per_floor":["M","M","?","?","M","E","R","?","T","R","E","$","R","E","R","B"],"character_chosen":"DEFECT","items_purchased":["Meat on the Bone","Storm","Force Field","Ball Lightning"],"campfire_rested":1,"item_purchase_floors":[12,12,12,12],"current_hp_per_floor":[68,68,53,53,53,31,31,31,31,31,18,18,40,34,34,0,0],"gold":132,"neow_bonus":"THREE_ENEMY_KILL","is_daily":false,"chose_seed":false,"campfire_upgraded":3,"win_rate":0.0,"timestamp":1607896064,"path_taken":["M","M","?","?","M","E","R","?","T","R","E","$","R","E","R","BOSS"],"items_purchased_type":["Relic","Card","Card","Card"],"build_version":"2020-11-30","purchased_purges":1,"victory":false,"max_hp_per_floor":[75,75,75,75,75,75,75,75,75,75,75,75,75,75,75,75,75],"relic_stats":{"counters":[7,28],"Smiling Mask":25,"obtain_stats":[{"HornCleat":14,"NeowsBlessing":0,"Cracked Core":0,"Smiling Mask":6,"White Beast Statue":9,"Old Coin":11,"Meat on the Bone":12},{"HornCleat":6,"NeowsBlessing":0,"Cracked Core":0,"Smiling Mask":4,"White Beast Statue":4,"Old Coin":5,"Meat on the Bone":5},{"HornCleat":18,"NeowsBlessing":0,"Cracked Core":0,"Smiling Mask":8,"White Beast Statue":8,"Old Coin":15,"Meat on the Bone":15}],"Meat on the Bone":12},"card_choices":[{"not_picked":["Barrage","Compile Driver"],"picked":"Rip and Tear","floor":1},{"not_picked":["Beam Cell","Redo"],"picked":"Heatsinks","floor":2},{"not_picked":["Stack","Recycle"],"picked":"Go for the Eyes","floor":5},{"not_picked":["Go for the Eyes","Stack"],"picked":"Compile Driver","floor":6},{"not_picked":["Redo","Undo"],"picked":"Gash","floor":11},{"not_picked":["Loop","Hello World"],"picked":"Genetic Algorithm","floor":14}],"player_experience":2615596,"relics_obtained":[{"floor":6,"key":"Smiling Mask"},{"floor":9,"key":"White Beast Statue"},{"floor":11,"key":"Old Coin"},{"floor":14,"key":"HornCleat"}],"event_choices":[{"damage_healed":0,"gold_gain":0,"player_choice":"Entered Light","damage_taken":15,"max_hp_gain":0,"max_hp_loss":0,"event_name":"Shining Light","floor":3,"gold_loss":0,"cards_upgraded":["Defend_B","Strike_B"]},{"damage_healed":0,"gold_gain":0,"player_choice":"Ignored","damage_taken":0,"max_hp_gain":0,"max_hp_loss":0,"event_name":"Liars Game","floor":4,"gold_loss":0},{"damage_healed":0,"gold_gain":0,"player_choice":"Bought 2 Potions","damage_taken":0,"max_hp_gain":0,"max_hp_loss":0,"event_name":"The Woman in Blue","floor":8,"gold_loss":0}],"is_beta":false,"boss_relics":[],"items_purged_floors":[12],"is_endless":false,"potions_floor_spawned":[1,6,11,14],"killed_by":"Slime Boss","ascension_level":10}}