{"host":"efgqx4zs42teb71b","time":1607891845,"event":{"mods":["AchievementEnabler","BaseMod","Minty Spire (QoL Compilation)","Relic Stats","StSLib"],"gold_per_floor":[122,134,165,193,205,249,261,290,302,327,351,363,386,398,410,422,422],"floor_reached":16,"playtime":672,"items_purged":[],"score":208,"play_id":"ba028fdd-de3b-45c9-b5cb-b245d0384e14","local_time":"20201213153725","is_ascension_mode":true,"campfire_choices":[{"floor":7,"key":"REST"},{"floor":15,"key":"REST"}],"circlet_count":0,"master_deck":["AscendersBane","Strike_R","Strike_R","Strike_R","Strike_R","Strike_R","Defend_R","Defend_R","Defend_R","Defend_R","Bash","Clash","Shrug It Off","Armaments","Carnage","Disarm","Cleave","Battle Trance"],"relics":["Burning Blood","MawBank","FossilizedHelix","Thread and Needle","Charon\u0027s Ashes","White Beast Statue"],"acts_visited":["Exordium"],"potions_floor_usage":[6,6,13],"damage_taken":[{"damage":9,"enemies":"Jaw Worm","floor":1,"turns":4},{"damage":10,"enemies":"2 Louse","floor":3,"turns":3},{"damage":12,"enemies":"Small Slimes","floor":4,"turns":5},{"damage":56,"enemies":"3 Sentries","floor":6,"turns":14},{"damage":14,"enemies":"3 Louse","floor":8,"turns":4},{"damage":0,"enemies":"Large Slime","floor":10,"turns":7},{"damage":0,"enemies":"Looter","floor":11,"turns":3},{"damage":0,"enemies":"Lots of Slimes","floor":13,"turns":2},{"damage":35,"enemies":"Slime Boss","floor":16,"turns":7}],"seed_played":"-4377658837191433831","potions_obtained":[{"floor":1,"key":"SneckoOil"},{"floor":4,"key":"Energy Potion"},{"floor":8,"key":"Ancient Potion"},{"floor":11,"key":"SpeedPotion"}],"is_trial":false,"path_per_floor":["M","?","M","M","?","E","R","M","T","M","M","?","M","T","R","B"],"character_chosen":"IRONCLAD","items_purchased":[],"campfire_rested":2,"item_purchase_floors":[],"current_hp_per_floor":[65,70,66,60,60,10,34,26,26,32,38,3,9,9,33,0,0],"gold":422,"neow_bonus":"RANDOM_COMMON_RELIC","is_daily":false,"chose_seed":false,"campfire_upgraded":0,"win_rate":0.0,"timestamp":1607891845,"path_taken":["M","?","M","M","?","E","R","M","T","M","M","?","M","?","R","BOSS"],"items_purchased_type":[],"build_version":"2020-11-30","purchased_purges":0,"victory":false,"max_hp_per_floor":[75,80,80,80,80,80,80,80,80,80,80,80,80,80,80,80,80],"relic_stats":{"counters":[9,49],"Charon\u0027s Ashes":[33],"MawBank":192,"obtain_stats":[{"Thread and Needle":9,"Charon\u0027s Ashes":12,"MawBank":0,"Burning Blood":0,"FossilizedHelix":6,"White Beast Statue":14},{"Thread and Needle":5,"Charon\u0027s Ashes":7,"MawBank":0,"Burning Blood":0,"FossilizedHelix":4,"White Beast Statue":8},{"Thread and Needle":30,"Charon\u0027s Ashes":40,"MawBank":0,"Burning Blood":0,"FossilizedHelix":26,"White Beast Statue":42}],"Burning Blood":48},"card_choices":[{"not_picked":["Infernal Blade","Heavy Blade"],"picked":"Clash","floor":1},{"not_picked":["Havoc","Rupture"],"picked":"Shrug It Off","floor":3},{"not_picked":["Shockwave","Headbutt"],"picked":"Armaments","floor":4},{"not_picked":["Thunderclap","Evolve"],"picked":"Carnage","floor":6},{"not_picked":["Dropkick","Havoc","Feel No Pain"],"picked":"SKIP","floor":8},{"not_picked":["Perfected Strike","Pommel Strike"],"picked":"Disarm","floor":10},{"not_picked":["Twin Strike","Wild Strike"],"picked":"Cleave","floor":11},{"not_picked":["Havoc","Warcry"],"picked":"Battle Trance","floor":13}],"player_experience":626573,"relics_obtained":[{"floor":6,"key":"FossilizedHelix"},{"floor":9,"key":"Thread and Needle"},{"floor":14,"key":"White Beast Statue"}],"event_choices":[{"damage_healed":0,"gold_gain":0,"player_choice":"Donut","damage_taken":0,"max_hp_gain":5,"max_hp_loss":0,"event_name":"Big Fish","floor":2,"gold_loss":0},{"damage_healed":0,"gold_gain":0,"player_choice":"Ignored","damage_taken":0,"max_hp_gain":0,"max_hp_loss":0,"event_name":"Liars Game","floor":5,"gold_loss":0},{"damage_healed":0,"gold_gain":0,"player_choice":"Success","damage_taken":35,"relics_obtained":["Charon\u0027s Ashes"],"max_hp_gain":0,"max_hp_loss":0,"event_name":"Scrap Ooze","floor":12,"gold_loss":0}],"is_beta":false,"boss_relics":[],"items_purged_floors":[],"is_endless":false,"potions_floor_spawned":[1,4,8,11],"killed_by":"Slime Boss","ascension_level":20}}