{"host":"lw874zp3en0pz6a7","time":1607844858,"event":{"mods":["Act Like it!","BaseMod","Downfall","Key Reminder","KinomotoSakuraMod(木之本樱)","LagranYue(拉格朗・月)","Luminous","Marisa（F雨　魔理沙）","Minty Spire (QoL Compilation)","Quick Restart","READ ME - Guardian Mod","Reimu（博丽灵梦）","Remilia（蕾米莉亚）","Replay The Spire","SIMod","SOS（斯巴达之子）","Shop Mod","StSLib","Td1madao Mod","The Administrix","The Bladedancer","The Bug Knight","The Construct","The Cursed","The Gatherer","The Runesmith","The Servant 0.9.4","WarShipGirlsR/战舰少女R mod","Youmu（魂魄妖梦）","[地精首领爬塔]The Maniac","vexMod"],"gold_per_floor":[20,295,315,326,345,372,372,372,398,398,430,430,446,36,36,137,137,149,149,168,128,128],"floor_reached":21,"playtime":868,"items_purged":["Regret"],"score":223,"play_id":"6e582af2-a8a0-4f83-a3f8-d2bd725372e6","local_time":"20201213153418","is_ascension_mode":true,"campfire_choices":[{"data":"SpellCardSeal","floor":8,"key":"SMITH"},{"data":"ClowCardTheFirey","floor":10,"key":"SMITH"},{"data":"ClowCardTheFlower","floor":12,"key":"SMITH"},{"data":"ClowCardTheWave","floor":15,"key":"SMITH"}],"circlet_count":0,"master_deck":["SakuraCardTheFirey+","ClowCardTheSword","ClowCardTheSword","ClowCardTheSword","ClowCardTheShield","ClowCardTheShield","ClowCardTheShield","ClowCardTheShield","SpellCardSeal+1","SpellCardRelease","ClowCardTheDark","ClowCardTheFlower+1","ClowCardTheWave+1","ClowCardTheMove","ClowCardTheLight","Gluttony_TH"],"relics":["KSMOD_SealedBook","KSMOD_SealedWand","LagranYue:RandomDrawCardRelic","Vajra","keyreminder:keyreminder","ReplayTheSpireMod:TigerMarble","Pantograph","Fusion Hammer","ZunR:ReiMu"],"acts_visited":["Exordium","TheCity"],"potions_floor_usage":[11],"damage_taken":[{"damage":0,"enemies":"Small Slimes","floor":1,"turns":2},{"damage":4,"enemies":"Cultist","floor":3,"turns":4},{"damage":9,"enemies":"Jaw Worm","floor":4,"turns":3},{"damage":9,"enemies":"Blue Slaver","floor":5,"turns":3},{"damage":29,"enemies":"Lagavulin","floor":6,"turns":8},{"damage":8,"enemies":"Gremlin Nob","floor":11,"turns":3},{"damage":9,"enemies":"2 Fungi Beasts","floor":13,"turns":4},{"damage":33,"enemies":"The Guardian","floor":16,"turns":9},{"damage":8,"enemies":"3 Byrds","floor":18,"turns":3},{"damage":8,"enemies":"Chosen","floor":20,"turns":5}],"seed_played":"2489298537834576553","potions_obtained":[{"floor":5,"key":"LiquidMemories"},{"floor":6,"key":"AttackPotion"},{"floor":13,"key":"SteroidPotion"}],"is_trial":false,"path_per_floor":["M","?","M","M","M","E","?","R","T","R","E","R","M","$","R","B",null,"M","?","M","?"],"character_chosen":"KINOMOTOSAKURA","items_purchased":["Pantograph","ClowCardTheMove"],"campfire_rested":0,"item_purchase_floors":[14,14],"current_hp_per_floor":[84,84,80,71,62,33,33,33,33,33,25,25,16,16,16,8,84,76,91,83,83,83],"gold":128,"neow_bonus":"TWENTY_PERCENT_HP_BONUS","is_daily":false,"chose_seed":false,"campfire_upgraded":4,"win_rate":0.0,"timestamp":1607844858,"path_taken":["M","?","M","?","M","E","?","R","T","R","E","R","M","$","R","BOSS","M","?","M","?"],"items_purchased_type":["Relic","Card"],"build_version":"2020-11-30","purchased_purges":1,"victory":false,"max_hp_per_floor":[84,84,84,84,84,84,84,84,84,84,84,84,84,84,84,84,84,84,99,99,99,99],"card_choices":[{"not_picked":["ClowCardTheSand","ClowCardTheSilent","ClowCardTheErase"],"picked":"SKIP","floor":1},{"not_picked":["ClowCardTheCloud","ClowCardTheLock","ClowCardTheWave"],"picked":"SKIP","floor":3},{"not_picked":["ClowCardTheLock","ClowCardTheMist"],"picked":"ClowCardTheFirey","floor":4},{"not_picked":["ClowCardTheBubbles","ClowCardTheRain","ClowCardTheWatery"],"picked":"SKIP","floor":5},{"not_picked":["ClowCardTheMirror","ClowCardTheFlower"],"picked":"ClowCardTheDark","floor":6},{"not_picked":["ClowCardTheFreeze","ClowCardTheFlower","ClowCardTheWindy"],"picked":"SKIP","floor":11},{"not_picked":["ClowCardTheFreeze","ClowCardTheWindy"],"picked":"ClowCardTheFlower","floor":11},{"not_picked":["ClowCardTheLock","ClowCardTheShadow"],"picked":"ClowCardTheWave","floor":13},{"not_picked":["ClowCardTheReturn","ClowCardTheThunder"],"picked":"ClowCardTheLight","floor":16},{"not_picked":["ClowCardTheIllusion","ClowCardTheCloud","ClowCardTheChange"],"picked":"SKIP","floor":18},{"not_picked":["ClowCardTheWindy+1","ClowCardTheArrow+1","ClowCardTheBubbles+1"],"picked":"SKIP","floor":20}],"player_experience":235892,"relics_obtained":[{"floor":6,"key":"Vajra"},{"floor":11,"key":"ReplayTheSpireMod:TigerMarble"}],"event_choices":[{"damage_healed":0,"gold_gain":275,"player_choice":"Desecrate","damage_taken":0,"max_hp_gain":0,"max_hp_loss":0,"event_name":"Golden Shrine","floor":2,"gold_loss":0,"cards_obtained":["Regret"]}],"is_beta":false,"boss_relics":[{"not_picked":["vexMod:ImprovementManual","Runic Dome"],"picked":"Fusion Hammer"}],"items_purged_floors":[14],"is_endless":false,"potions_floor_spawned":[5,6,13],"ascension_level":1}}