{"host":"a484oiac96svwyi6","time":1607903432,"event":{"mods":["2.2 Compatiblity","AchievementEnabler","Act Like it!","Astrologer","BaseMod","Better Altar","Better Match","Better Sensory Stone","Better Skull","Better Third Choice","Better-Laid Plans","BetterRewards","Block Reminder","Clawfect","Colored Map","Colored Powertips","Conjunction","Conspire","Custom Start","Dio Mod","Displayed Cursed Tome","Duelist Mod","GifTheSpireLib","Gold Saver","Googly Eyes","Hallownest","Hubris","Infinite Spire","Ironclad Rager","Jorbs\u0027s Wanderer Trilogy","Melee Mod","Menagerie","Minty Spire (QoL Compilation)","Quick Restart","RNG Fix","Random Character Button","Relic Filter","Relic Sorter","Relic Stats","Replay The Spire","Retaliation","Shop Mod","Small Relic Pack","Spikes Relics","Spire Birthday Party","StSLib","Stuff the Spire","SuperFastMode","The Fake Hero","The Necromancer","The Poker Player","TheHero","Transform Curses","Uncapped","Virulent Crown","[JumpMod]????","everything is the same but u backflip on backflip","vexMod"],"gold_per_floor":[940,940,960,970,1045,1157,1157,1157,1180,1196,1196,1326,1339,1451,1451,1566,1566,1577,1593,1593,1613,1613,1725,1737,1737,1761,1897,1897,1915,2047,2047,2047,2150,2150,2161,2161,2161,2184,2200,2324,2342,2342,2342,2474,2474,2497,2605,2605,2607],"floor_reached":51,"playtime":5808,"items_purged":[],"score":1905,"play_id":"4fa19b95-f928-4095-8649-a1c2edcbfa45","local_time":"20201213185032","is_ascension_mode":true,"campfire_choices":[{"floor":7.0,"key":"REST"},{"data":"dioMod:MudaMudaMuda","floor":15.0,"key":"SMITH"},{"data":"dioMod:DoubleTime","floor":25.0,"key":"SMITH"},{"data":"dioMod:DominatingPresence","floor":28.0,"key":"SMITH"},{"data":"dioMod:SecretPlan","floor":32.0,"key":"SMITH"},{"data":"Bite","floor":42.0,"key":"SMITH"},{"data":"dioMod:TheWalk","floor":45,"key":"SMITH"},{"data":"dioMod:DaggerToss","floor":49,"key":"SMITH"}],"circlet_count":0,"master_deck":["AscendersBane","dioMod:Strike","dioMod:Strike","dioMod:Strike","dioMod:Strike","Bite+1","dioMod:Defend+1","dioMod:Defend+1","dioMod:Defend+1","dioMod:Defend+1","dioMod:DaggerToss","dioMod:DoubleTime+1","dioMod:MudaMudaMuda+1","dioMod:TheWalk","dioMod:SecretPlan","dioMod:Muda","dioMod:SecretPlan+1","dioMod:Muda","dioMod:TheWalk+1","dioMod:DaggerToss+1","dioMod:Muda","dioMod:DominatingPresence+1"],"relics":["dioMod:VampireBlood","HowToJump","Iron Hammer","StuffTheSpire:TintedRock","hubris:EmptyBottle","infinitespire:Midas Blood","Replay:Baseball","StuffTheSpire:HeavyRock","Sundial","StuffTheSpire:Kangaroo","Tiny Chest","LugNut","infinitespire:PuzzleCube","MealTicket","Replay:Wax Seal","ReplayFunnel","infinitespire:Lucky Rock","Garlic","Replay:Bottled Eggs","hubris:Teleporter"],"acts_visited":["Exordium","TheCity","TheBeyond"],"potions_floor_usage":[],"damage_taken":[{"damage":0.0,"enemies":"2 Louse","floor":1.0,"turns":1.0},{"damage":12.0,"enemies":"Small Slimes","floor":3.0,"turns":3.0},{"damage":15.0,"enemies":"Cultist","floor":4.0,"turns":5.0},{"damage":22.0,"enemies":"3 Sentries","floor":6.0,"turns":9.0},{"damage":0.0,"enemies":"3 Louse","floor":10.0,"turns":2.0},{"damage":16.0,"enemies":"Lagavulin","floor":12.0,"turns":6.0},{"damage":0.0,"enemies":"Gremlin Gang","floor":13.0,"turns":1.0},{"damage":0.0,"enemies":"Gremlin Nob","floor":14.0,"turns":4.0},{"damage":24.0,"enemies":"Fading Forest","floor":16.0,"turns":11.0},{"damage":0.0,"enemies":"2 Thieves","floor":18.0,"turns":1.0},{"damage":0.0,"enemies":"3 Byrds","floor":19.0,"turns":1.0},{"damage":0.0,"enemies":"Snake Plant","floor":21.0,"turns":1.0},{"damage":0.0,"enemies":"Gremlin Leader","floor":23.0,"turns":1.0},{"damage":0.0,"enemies":"Cultist and Chosen","floor":24.0,"turns":1.0},{"damage":0.0,"enemies":"Slavers","floor":27.0,"turns":1.0},{"damage":0.0,"enemies":"Chosen and Byrds","floor":29.0,"turns":1.0},{"damage":0.0,"enemies":"conspire:SneckoGhost","floor":30.0,"turns":1.0},{"damage":0.0,"enemies":"hubris:MusketHawk","floor":33.0,"turns":1.0},{"damage":0.0,"enemies":"3 Darklings","floor":35.0,"turns":1.0},{"damage":8.0,"enemies":"3 Shapes","floor":39.0,"turns":1.0},{"damage":0.0,"enemies":"Giant Head","floor":40.0,"turns":1.0},{"damage":0.0,"enemies":"Maw","floor":41.0,"turns":1.0},{"damage":0.0,"enemies":"Nemesis","floor":44.0,"turns":1.0},{"damage":12,"enemies":"4 Shapes","floor":46,"turns":1},{"damage":0,"enemies":"Reptomancer","floor":47,"turns":1},{"damage":31,"enemies":"Time Eater","floor":50,"turns":2}],"seed_played":"-3171697939833953696","potions_obtained":[{"floor":4.0,"key":"Fire Potion"},{"floor":12.0,"key":"FearPotion"},{"floor":13.0,"key":"DuplicationPotion"},{"floor":21.0,"key":"PowerPotion"}],"is_trial":false,"path_per_floor":["M","$","M","M","?","E","R","?","T","M","?","E","M","E","R","B",null,"M","M","?","M","?","E","M","R","T","E","R","M","E","?","R","B",null,"M","$","?","T","M","E","M","R","T","E","R","M","E","R","B",null],"character_chosen":"THE_DEFAULT","items_purchased":["dioMod:DaggerToss","Iron Hammer","dioMod:DoubleTime","dioMod:MudaMudaMuda","StuffTheSpire:TintedRock","hubris:EmptyBottle"],"campfire_rested":1,"item_purchase_floors":[0,0,0,0,0,0],"current_hp_per_floor":[74,74,69,63,52,48,70,70,70,75,75,66,75,75,75,65,73,75,75,75,75,75,75,75,75,75,75,75,75,75,75,75,75,75,75,75,75,75,73,75,75,75,75,75,75,74,75,75,47],"gold":2607,"neow_bonus":"","is_daily":false,"chose_seed":false,"campfire_upgraded":7,"win_rate":0.0,"timestamp":1607903432,"path_taken":["M","$","?","M","?","E","R","?","T","?","?","E","M","E","R","BOSS","M","M","?","M","?","E","M","R","T","E","R","M","E","?","R","BOSS","M","$","?","?","M","E","?","R","T","E","R","M","E","R","BOSS"],"items_purchased_type":["Card","Relic","Card","Card","Relic","Relic"],"build_version":"2020-12-13","purchased_purges":0,"victory":true,"max_hp_per_floor":[75,75,75,75,75,75,75,75,75,75,75,75,75,75,75,75,75,75,75,75,75,75,75,75,75,75,75,75,75,75,75,75,75,75,75,75,75,75,75,75,75,75,75,75,75,75,75,75,75],"relic_stats":{"counters":[254,872],"Sundial":[2],"Tiny Chest":1,"MealTicket":0,"obtain_stats":[{"infinitespire:BottledMercury":28,"Golden Egg":14,"StuffTheSpire:Barrel":11,"vexMod:MemoryStick":26,"StuffTheSpire:Rhapsscallions":38,"Whetstone":8,"Ginger":9,"Boot":0,"Sling":5,"Old Coin":23,"Replay:Wanted Poster":17,"Blood Vial":19,"vexMod:InvisibilityCloak":24,"hubris:AstralHammer":0,"Sundial":3,"infinitespire:Golems Mask":24,"MealTicket":20,"hubris:DeckOfHolding":44,"Kunai":10,"relicPack:AllForOne":37,"Replay:Wax Seal":30,"Replay:Bottled Steam":7,"MerchantsRug":0,"Counterbalance":7,"Pen Nib":45,"Akabeko":0,"relicPack:EdsArm":5,"SlaversCollar":34,"dioMod:VampireBlood":0,"Pandora\u0027s Box":34,"conspire:BottledYoYo":46,"vexMod:ImprovementManual":28,"infinitespire:PuzzleCube":42,"vexMod:BigBerry":34,"Lantern":0,"Regal Pillow":14,"Rawhide":11,"StuffTheSpire:EmeraldSignet":43,"Replay:Multitool":40,"Bag of Preparation":27,"StuffTheSpire:GrapeVine":0,"HeavenlyBonsai":32,"hubris:EmptyBottle":0,"Smiling Mask":11,"Pet Ghost":2,"Replay:Rubber Ducky":9,"StuffTheSpire:RunicConfusion":17,"StuffTheSpire:Gunfinga":43,"Shovel":30,"Matryoshka":0,"Toolbox":0,"hubris:FunFungus":9,"Replay:Lucky Slots":28,"Replay:Bottled Eggs":44,"Potion Belt":17,"StuffTheSpire:TintedRock":0,"Golden Idol":5,"StuffTheSpire:Expresso":11,"StuffTheSpire:Saxophone":0,"conspire:RunicOctahedron":34,"Omamori":31,"infinitespire:CheckeredPen":0,"infinitespire:Lucky Rock":40,"hubris:Towel":29,"MawBank":13,"Replay:Arrowhead":25,"Busted Crown":17,"StuffTheSpire:Mouthbags":43,"Ornamental Fan":13,"betterThird:SlimedRelic":3,"Bloody Idol":19,"dioMod:JoestarBlood":17,"Turnip":0,"SpikesRelics:DaevaFist":0,"Durian":9,"Garlic":43,"Bottled Lightning":28,"ReplayTheSpireMod:Lightbulb":8,"hubris:BottledRain":50,"infinitespire:Midas Blood":6,"Ice Cream":0,"Gremlin Horn":46,"CeramicFish":40,"Vajra":13,"relicPack:StarArrow":17,"DollysMirror":10,"Strawberry":26,"Philosopher\u0027s Stone":25,"Iron Hammer":0,"LugNut":5,"conspire:Dentures":27,"Girya":20,"hubris:Teleporter":47,"Happy Flower":6,"vexMod:ScavengeHelm":10,"Replay:Grab Bag":17,"StuffTheSpire:ForceGauntlet":11,"Oddly Smooth Stone":0,"infinitespire:Beetle Shell":0,"conspire:SlowCooker":0,"vexMod:PaidLearning":21,"Letter Opener":26,"BlackRope":0,"War Paint":4,"Question Card":24,"WarpedTongs":19,"Bottled Flame":45,"Replay:Baseball":50,"relicPack:KazumaCape":34,"ReplayTheSpireMod:Shallot":37,"Shuriken":8,"StuffTheSpire:DarkSteelAnvil":41,"Simple Rune":42,"Molten Egg 2":0,"ReplayTheSpireMod:TigerMarble":28,"infinitespire:EmpoweringShard":23,"StuffTheSpire:PointBlank":21,"ReplayTheSpireMod:DimensionalGlitch":38,"StuffTheSpire:OldFever":7,"Pocketwatch":40,"Meat on the Bone":27,"ReplayFunnel":0,"Darkstone Periapt":40,"SnailShell":38,"SacredBark":17,"RetroEgg":30,"conspire:SpecialSausage":17,"BrokenLever":0,"hubris:SlimyHat":0,"Juzu Bracelet":26,"Replay:Mystery Machine":6,"Empty Cage":17,"vexMod:Spyglass":0,"conspire:TopHat":47,"ReplayTheSpireMod:EnergyBall":36,"Frozen Eye":14,"Nunchaku":44,"Replay:Bandana":0,"hubris:Icosahedron":19,"Mummified Hand":0,"StuffTheSpire:HeavyRock":6,"MiniBlackHole":26,"Tiny Chest":20,"Red Mask":19,"Gremlin Food":10,"BargainBundle":0,"HowToJump":0,"Replay:Towering Pillar of Hats":48,"Quantum Egg":9,"SuspiciousGoo":0,"vexMod:Dragonfruit":43,"Calling Bell":17,"Strange Spoon":28,"Pondfish Scales":26,"CaptainsWheel":9,"vexMod:BarristanHead":9,"StuffTheSpire:CocoNut":44,"Snack Pack":8,"Bag of Marbles":45,"StuffTheSpire:Kangaroo":34,"FossilizedHelix":42},{"infinitespire:BottledMercury":83,"Golden Egg":202,"StuffTheSpire:Barrel":72,"vexMod:MemoryStick":127,"StuffTheSpire:Rhapsscallions":108,"Whetstone":4,"Ginger":28,"Boot":25,"Sling":96,"Old Coin":81,"Replay:Wanted Poster":8,"Blood Vial":47,"vexMod:InvisibilityCloak":11,"hubris:AstralHammer":139,"Sundial":141,"infinitespire:Golems Mask":104,"MealTicket":176,"hubris:DeckOfHolding":223,"Kunai":99,"relicPack:AllForOne":154,"Replay:Wax Seal":245,"Replay:Bottled Steam":43,"MerchantsRug":66,"Counterbalance":97,"Pen Nib":62,"Akabeko":39,"relicPack:EdsArm":26,"SlaversCollar":55,"dioMod:VampireBlood":0,"Pandora\u0027s Box":153,"conspire:BottledYoYo":161,"vexMod:ImprovementManual":13,"infinitespire:PuzzleCube":188,"vexMod:BigBerry":131,"Lantern":66,"Regal Pillow":146,"Rawhide":28,"StuffTheSpire:EmeraldSignet":217,"Replay:Multitool":19,"Bag of Preparation":105,"StuffTheSpire:GrapeVine":115,"HeavenlyBonsai":152,"hubris:EmptyBottle":228,"Smiling Mask":5,"Pet Ghost":116,"Replay:Rubber Ducky":4,"StuffTheSpire:RunicConfusion":8,"StuffTheSpire:Gunfinga":135,"Shovel":53,"Matryoshka":139,"Toolbox":25,"hubris:FunFungus":43,"Replay:Lucky Slots":105,"Replay:Bottled Eggs":251,"Potion Belt":122,"StuffTheSpire:TintedRock":228,"Golden Idol":117,"StuffTheSpire:Expresso":28,"StuffTheSpire:Saxophone":163,"conspire:RunicOctahedron":107,"Omamori":106,"infinitespire:CheckeredPen":115,"infinitespire:Lucky Rock":249,"hubris:Towel":151,"MawBank":45,"Replay:Arrowhead":207,"Busted Crown":76,"StuffTheSpire:Mouthbags":20,"Ornamental Fan":74,"betterThird:SlimedRelic":1,"Bloody Idol":47,"dioMod:JoestarBlood":147,"Turnip":25,"SpikesRelics:DaevaFist":94,"Durian":171,"Garlic":250,"Bottled Lightning":208,"ReplayTheSpireMod:Lightbulb":43,"hubris:BottledRain":227,"infinitespire:Midas Blood":232,"Ice Cream":115,"Gremlin Horn":63,"CeramicFish":157,"Vajra":145,"relicPack:StarArrow":175,"DollysMirror":43,"Strawberry":82,"Philosopher\u0027s Stone":151,"Iron Hammer":228,"LugNut":141,"conspire:Dentures":36,"Girya":9,"hubris:Teleporter":253,"Happy Flower":97,"vexMod:ScavengeHelm":120,"Replay:Grab Bag":8,"StuffTheSpire:ForceGauntlet":200,"Oddly Smooth Stone":25,"infinitespire:Beetle Shell":139,"conspire:SlowCooker":168,"vexMod:PaidLearning":205,"Letter Opener":12,"BlackRope":66,"War Paint":41,"Question Card":35,"WarpedTongs":148,"Bottled Flame":21,"Replay:Baseball":65,"relicPack:KazumaCape":16,"ReplayTheSpireMod:Shallot":213,"Shuriken":71,"StuffTheSpire:DarkSteelAnvil":91,"Simple Rune":91,"Molten Egg 2":94,"ReplayTheSpireMod:TigerMarble":13,"infinitespire:EmpoweringShard":50,"StuffTheSpire:PointBlank":205,"ReplayTheSpireMod:DimensionalGlitch":18,"StuffTheSpire:OldFever":142,"Pocketwatch":110,"Meat on the Bone":208,"ReplayFunnel":94,"Darkstone Periapt":216,"SnailShell":18,"SacredBark":8,"RetroEgg":14,"conspire:SpecialSausage":31,"BrokenLever":94,"hubris:SlimyHat":66,"Juzu Bracelet":104,"Replay:Mystery Machine":118,"Empty Cage":8,"vexMod:Spyglass":66,"conspire:TopHat":219,"ReplayTheSpireMod:EnergyBall":88,"Frozen Eye":45,"Nunchaku":21,"Replay:Bandana":25,"hubris:Icosahedron":9,"Mummified Hand":192,"StuffTheSpire:HeavyRock":3,"MiniBlackHole":35,"Tiny Chest":239,"Red Mask":205,"Gremlin Food":43,"BargainBundle":139,"HowToJump":0,"Replay:Towering Pillar of Hats":226,"Quantum Egg":142,"SuspiciousGoo":163,"vexMod:Dragonfruit":91,"Calling Bell":122,"Strange Spoon":208,"Pondfish Scales":51,"CaptainsWheel":71,"vexMod:BarristanHead":119,"StuffTheSpire:CocoNut":62,"Snack Pack":98,"Bag of Marbles":190,"StuffTheSpire:Kangaroo":211,"FossilizedHelix":60},{"infinitespire:BottledMercury":314,"Golden Egg":753,"StuffTheSpire:Barrel":284,"vexMod:MemoryStick":464,"StuffTheSpire:Rhapsscallions":395,"Whetstone":21,"Ginger":96,"Boot":81,"Sling":356,"Old Coin":309,"Replay:Wanted Poster":32,"Blood Vial":191,"vexMod:InvisibilityCloak":40,"hubris:AstralHammer":507,"Sundial":515,"infinitespire:Golems Mask":379,"MealTicket":654,"hubris:DeckOfHolding":794,"Kunai":364,"relicPack:AllForOne":561,"Replay:Wax Seal":862,"Replay:Bottled Steam":169,"MerchantsRug":269,"Counterbalance":359,"Pen Nib":254,"Akabeko":154,"relicPack:EdsArm":84,"SlaversCollar":227,"dioMod:VampireBlood":0,"Pandora\u0027s Box":559,"conspire:BottledYoYo":586,"vexMod:ImprovementManual":43,"infinitespire:PuzzleCube":708,"vexMod:BigBerry":478,"Lantern":269,"Regal Pillow":532,"Rawhide":96,"StuffTheSpire:EmeraldSignet":779,"Replay:Multitool":57,"Bag of Preparation":383,"StuffTheSpire:GrapeVine":415,"HeavenlyBonsai":552,"hubris:EmptyBottle":812,"Smiling Mask":24,"Pet Ghost":418,"Replay:Rubber Ducky":21,"StuffTheSpire:RunicConfusion":32,"StuffTheSpire:Gunfinga":490,"Shovel":214,"Matryoshka":507,"Toolbox":81,"hubris:FunFungus":169,"Replay:Lucky Slots":383,"Replay:Bottled Eggs":868,"Potion Belt":440,"StuffTheSpire:TintedRock":812,"Golden Idol":421,"StuffTheSpire:Expresso":96,"StuffTheSpire:Saxophone":591,"conspire:RunicOctahedron":392,"Omamori":385,"infinitespire:CheckeredPen":415,"infinitespire:Lucky Rock":866,"hubris:Towel":550,"MawBank":176,"Replay:Arrowhead":764,"Busted Crown":296,"StuffTheSpire:Mouthbags":61,"Ornamental Fan":291,"betterThird:SlimedRelic":3,"Bloody Idol":191,"dioMod:JoestarBlood":538,"Turnip":81,"SpikesRelics:DaevaFist":351,"Durian":629,"Garlic":867,"Bottled Lightning":765,"ReplayTheSpireMod:Lightbulb":169,"hubris:BottledRain":805,"infinitespire:Midas Blood":830,"Ice Cream":415,"Gremlin Horn":257,"CeramicFish":569,"Vajra":529,"relicPack:StarArrow":650,"DollysMirror":169,"Strawberry":312,"Philosopher\u0027s Stone":550,"Iron Hammer":812,"LugNut":515,"conspire:Dentures":140,"Girya":35,"hubris:Teleporter":870,"Happy Flower":359,"vexMod:ScavengeHelm":430,"Replay:Grab Bag":32,"StuffTheSpire:ForceGauntlet":749,"Oddly Smooth Stone":81,"infinitespire:Beetle Shell":507,"conspire:SlowCooker":609,"vexMod:PaidLearning":762,"Letter Opener":42,"BlackRope":269,"War Paint":160,"Question Card":137,"WarpedTongs":541,"Bottled Flame":66,"Replay:Baseball":263,"relicPack:KazumaCape":51,"ReplayTheSpireMod:Shallot":773,"Shuriken":281,"StuffTheSpire:DarkSteelAnvil":341,"Simple Rune":341,"Molten Egg 2":351,"ReplayTheSpireMod:TigerMarble":43,"infinitespire:EmpoweringShard":204,"StuffTheSpire:PointBlank":762,"ReplayTheSpireMod:DimensionalGlitch":53,"StuffTheSpire:OldFever":521,"Pocketwatch":400,"Meat on the Bone":765,"ReplayFunnel":351,"Darkstone Periapt":776,"SnailShell":53,"SacredBark":32,"RetroEgg":45,"conspire:SpecialSausage":114,"BrokenLever":351,"hubris:SlimyHat":269,"Juzu Bracelet":379,"Replay:Mystery Machine":424,"Empty Cage":32,"vexMod:Spyglass":269,"conspire:TopHat":781,"ReplayTheSpireMod:EnergyBall":331,"Frozen Eye":176,"Nunchaku":66,"Replay:Bandana":81,"hubris:Icosahedron":35,"Mummified Hand":727,"StuffTheSpire:HeavyRock":14,"MiniBlackHole":137,"Tiny Chest":856,"Red Mask":762,"Gremlin Food":169,"BargainBundle":507,"HowToJump":0,"Replay:Towering Pillar of Hats":801,"Quantum Egg":521,"SuspiciousGoo":591,"vexMod:Dragonfruit":341,"Calling Bell":440,"Strange Spoon":765,"Pondfish Scales":207,"CaptainsWheel":281,"vexMod:BarristanHead":426,"StuffTheSpire:CocoNut":254,"Snack Pack":362,"Bag of Marbles":718,"StuffTheSpire:Kangaroo":771,"FossilizedHelix":249}]},"card_choices":[{"not_picked":["dioMod:ComposedMuda","dioMod:BlendIn","dioMod:TripleThreat"],"picked":"SKIP","floor":1.0},{"not_picked":["dioMod:ComposedMuda","dioMod:BloodTransfusion","dioMod:SadisticLaugh"],"picked":"SKIP","floor":3.0},{"not_picked":["dioMod:CoffinBath","dioMod:VengefulMuda","dioMod:BloodShield"],"picked":"SKIP","floor":4.0},{"not_picked":["dioMod:HeavyLifting","dioMod:CoffinBath"],"picked":"dioMod:TheWalk","floor":6.0},{"not_picked":["dioMod:VengefulMuda","dioMod:FlyAway"],"picked":"dioMod:SecretPlan","floor":10.0},{"not_picked":["dioMod:SadisticLaugh","dioMod:PathToHeaven"],"picked":"dioMod:Muda","floor":12.0},{"not_picked":["dioMod:BloodShield","dioMod:ComposedMuda"],"picked":"dioMod:SecretPlan","floor":13.0},{"not_picked":["dioMod:Diversion","dioMod:GoldVial"],"picked":"dioMod:Muda","floor":14.0},{"not_picked":["dioMod:KonoDioDa","dioMod:SevenPageMuda"],"picked":"dioMod:TheWalk","floor":16.0},{"not_picked":["dioMod:LaserVision","dioMod:Donut+1","dioMod:BloodSplash"],"picked":"SKIP","floor":18.0},{"not_picked":["dioMod:BloodSuck","dioMod:BloodTransfusion","dioMod:LaserVision"],"picked":"SKIP","floor":19.0},{"not_picked":["dioMod:BloodSplash","dioMod:SadisticLaugh"],"picked":"dioMod:DaggerToss","floor":21.0},{"not_picked":["dioMod:BloodSplash","dioMod:SlashThroughTime","dioMod:GoodbyeJojo+1"],"picked":"SKIP","floor":23.0},{"not_picked":["dioMod:Diversion","dioMod:BloodShield"],"picked":"dioMod:Muda","floor":24.0},{"not_picked":["dioMod:BloodSuck","dioMod:DaggerSpree"],"picked":"dioMod:DominatingPresence","floor":27.0},{"not_picked":["dioMod:CautiousMuda","dioMod:StreetSign","dioMod:PathToHeaven"],"picked":"SKIP","floor":29.0},{"not_picked":["dioMod:SadisticLaugh","dioMod:BloodTransfusion+1","dioMod:Diversion+1"],"picked":"SKIP","floor":30.0},{"not_picked":["dioMod:WRYYY","dioMod:DaggerSpree+1","dioMod:SecretPlan"],"picked":"SKIP","floor":35.0},{"not_picked":["dioMod:Minions","dioMod:CutDeep","dioMod:CautiousMuda"],"picked":"SKIP","floor":39.0},{"not_picked":["dioMod:ComposedMuda+1","dioMod:Roundabout","dioMod:BloodSplash"],"picked":"SKIP","floor":40.0},{"not_picked":["dioMod:ComboFever+1","dioMod:BloodTransfusion","dioMod:Freeze"],"picked":"SKIP","floor":41.0},{"not_picked":["dioMod:DaggerToss+1","dioMod:Minions+1","dioMod:SevenPageMuda"],"picked":"SKIP","floor":44.0},{"not_picked":["dioMod:ComposedMuda+1","dioMod:DarkRebirth","dioMod:Minions+1"],"picked":"SKIP","floor":46},{"not_picked":["dioMod:Donut+1","dioMod:SadisticLaugh+1","dioMod:BloodSplash+1"],"picked":"SKIP","floor":47}],"player_experience":320650,"relics_obtained":[{"floor":6.0,"key":"infinitespire:Midas Blood"},{"floor":9.0,"key":"Replay:Baseball"},{"floor":12.0,"key":"StuffTheSpire:HeavyRock"},{"floor":14.0,"key":"Sundial"},{"floor":23.0,"key":"LugNut"},{"floor":26.0,"key":"infinitespire:PuzzleCube"},{"floor":27.0,"key":"MealTicket"},{"floor":30.0,"key":"Replay:Wax Seal"},{"floor":38.0,"key":"ReplayFunnel"},{"floor":40.0,"key":"infinitespire:Lucky Rock"},{"floor":43.0,"key":"Garlic"},{"floor":44.0,"key":"Replay:Bottled Eggs"},{"floor":47,"key":"hubris:Teleporter"}],"event_choices":[{"damage_healed":0.0,"max_hp_gain":0.0,"max_hp_loss":0.0,"gold_gain":75.0,"event_name":"betterThird:BetterGoop","player_choice":"Gold","floor":5.0,"gold_loss":0.0,"damage_taken":11.0},{"damage_healed":0.0,"max_hp_gain":0.0,"max_hp_loss":0.0,"gold_gain":0.0,"event_name":"Golden Wing","player_choice":"Ignored","floor":8.0,"gold_loss":0.0,"damage_taken":0.0},{"damage_healed":0.0,"max_hp_gain":0.0,"max_hp_loss":0.0,"gold_gain":0.0,"event_name":"WeMeetAgain","player_choice":"Gave Potion","floor":20.0,"gold_loss":0.0,"damage_taken":0.0,"relics_obtained":["Tiny Chest"]},{"damage_healed":4.0,"max_hp_gain":0.0,"max_hp_loss":0.0,"gold_gain":0.0,"event_name":"betterSkull:BetterSkull","player_choice":"LEAVE ","floor":22.0,"gold_loss":0.0,"damage_taken":0.0,"cards_upgraded":[],"relics_obtained":[]}],"is_beta":false,"boss_relics":[{"not_picked":["ReplayTheSpireMod:DimensionalGlitch","hubris:GrandSneckoEye"],"picked":"StuffTheSpire:Kangaroo"},{"not_picked":["ReplayTheSpireMod:SealedPack","relicPack:ShieldShield","hubris:BlackHole"]}],"items_purged_floors":[],"is_endless":false,"potions_floor_spawned":[4,12,13,14,19,21,23,30,40,46,47],"ascension_level":11}}