{"host":"fbqvzfq8f1yzoo4u","time":1607875815,"event":{"mods":["BaseMod","Minty Spire (QoL Compilation)","Replay The Spire","StSLib"],"gold_per_floor":[112,112,130,143,173,173,207,207,256,256,282,282,301,317,317,396,396,411,411,431,431,431],"floor_reached":21,"playtime":721,"items_purged":[],"score":378,"play_id":"cfd4cf63-37b3-43c2-97a1-cb1391c72927","local_time":"20201214001015","is_ascension_mode":true,"campfire_choices":[{"floor":6.0,"key":"REST"},{"data":"Establishment","floor":8.0,"key":"SMITH"},{"data":"Eruption","floor":10.0,"key":"SMITH"},{"floor":15.0,"key":"REST"}],"circlet_count":0,"master_deck":["AscendersBane","Strike_P","Strike_P","Defend_P","Defend_P","Defend_P","Eruption+1","Vigilance","Establishment+1","CrushJoints","CarveReality","Replay:Battleflow","Conclude","FollowUp","BattleHymn","Worship","Eruption","Sanctity","CutThroughFate","Ragnarok","SandsOfTime","FollowUp","SandsOfTime+1","Consecrate+1","Replay:AtTheReady+1","Halt"],"relics":["PureWater","ReplayTheSpireMod:Ninjato","Orichalcum","MealTicket","Letter Opener","Astrolabe"],"acts_visited":["Exordium","TheCity"],"potions_floor_usage":[21],"damage_taken":[{"damage":3.0,"enemies":"2 Louse","floor":1.0,"turns":4.0},{"damage":0.0,"enemies":"Small Slimes","floor":3.0,"turns":2.0},{"damage":0.0,"enemies":"Cultist","floor":4.0,"turns":2.0},{"damage":2.0,"enemies":"3 Sentries","floor":7.0,"turns":3.0},{"damage":3.0,"enemies":"Gremlin Nob","floor":11.0,"turns":3.0},{"damage":0.0,"enemies":"Looter","floor":13.0,"turns":1.0},{"damage":5.0,"enemies":"Exordium Wildlife","floor":14.0,"turns":3.0},{"damage":15.0,"enemies":"The Guardian","floor":16.0,"turns":5.0},{"damage":24.0,"enemies":"Shell Parasite","floor":18.0,"turns":3.0},{"damage":19.0,"enemies":"Spheric Guardian","floor":20.0,"turns":5.0},{"damage":21,"enemies":"Shelled Parasite and Fungi","floor":21,"turns":3}],"seed_played":"-8401750349404799260","potions_obtained":[{"floor":3.0,"key":"DuplicationPotion"},{"floor":7.0,"key":"SteroidPotion"},{"floor":11.0,"key":"Venom Potion"},{"floor":13.0,"key":"LifebloodPotion"}],"is_trial":false,"path_per_floor":["M","?","M","M","?","R","E","R","T","R","E","?","M","M","R","B",null,"M","?","M","M"],"character_chosen":"WATCHER","items_purchased":[],"campfire_rested":2,"item_purchase_floors":[],"current_hp_per_floor":[58,63,63,63,39,60,58,58,58,58,55,55,55,50,71,56,69,45,45,26,5,5],"gold":431,"neow_bonus":"ONE_RANDOM_RARE_CARD","is_daily":false,"chose_seed":false,"campfire_upgraded":2,"win_rate":0.0,"timestamp":1607875815,"path_taken":["M","?","M","M","?","R","E","R","T","R","E","?","M","M","R","BOSS","M","?","M","M"],"items_purchased_type":[],"build_version":"2020-11-30","purchased_purges":0,"victory":false,"max_hp_per_floor":[68,73,73,73,73,73,73,73,73,73,73,73,73,73,73,73,73,73,73,73,73,73],"card_choices":[{"not_picked":["Replay:ManipulateFuture","Protect"],"picked":"CrushJoints","floor":1.0},{"not_picked":["CutThroughFate","Pray"],"picked":"CarveReality","floor":3.0},{"not_picked":["Study","Wireheading"],"picked":"Replay:Battleflow","floor":4.0},{"not_picked":["WheelKick","Pray"],"picked":"Conclude","floor":5.0},{"not_picked":["Prostrate","Halt"],"picked":"FollowUp","floor":5.0},{"not_picked":["Conclude","MentalFortress"],"picked":"BattleHymn","floor":7.0},{"not_picked":["Meditate","Prostrate"],"picked":"Worship","floor":11.0},{"not_picked":["Replay:AtTheReady","CrushJoints"],"picked":"SandsOfTime","floor":13.0},{"not_picked":["JustLucky","Prostrate"],"picked":"FollowUp","floor":14.0},{"not_picked":["LikeWater","JustLucky","Nirvana+1"],"picked":"SKIP","floor":18.0},{"not_picked":["ThirdEye+1","Study"],"picked":"Halt","floor":20.0}],"player_experience":581167,"relics_obtained":[{"floor":5.0,"key":"ReplayTheSpireMod:Ninjato"},{"floor":7.0,"key":"Orichalcum"},{"floor":9.0,"key":"MealTicket"},{"floor":11.0,"key":"Letter Opener"}],"event_choices":[{"damage_healed":0.0,"max_hp_gain":5.0,"max_hp_loss":0.0,"gold_gain":0.0,"event_name":"Big Fish","player_choice":"Donut","floor":2.0,"gold_loss":0.0,"damage_taken":0.0},{"damage_healed":0.0,"max_hp_gain":0.0,"max_hp_loss":0.0,"gold_gain":0.0,"event_name":"Match and Keep!","player_choice":"4 cards matched","floor":12.0,"gold_loss":0.0,"damage_taken":0.0,"cards_obtained":["Eruption","Sanctity","CutThroughFate","Ragnarok"]}],"is_beta":false,"boss_relics":[{"not_picked":["Black Star","Empty Cage"],"picked":"Astrolabe"}],"items_purged_floors":[],"is_endless":false,"potions_floor_spawned":[3,7,11,13],"killed_by":"Shelled Parasite and Fungi","ascension_level":20}}