{"host":"is2s59edl8twrhoj","time":1607827133,"event":{"mods":["BaseMod","Colored Map","Colored Powertips","DeckTracker","Minty Spire (QoL Compilation)","StSLib"],"gold_per_floor":[114,114,134,23,42,42,55,71,71,104,120,120,133,151,151,228,228,248,263,275,293,37,66,66,66,66],"floor_reached":25,"playtime":1173,"items_purged":["Strike_G","Strike_G"],"score":414,"play_id":"ea8194de-e34d-447a-912d-ce29d48aa0c6","local_time":"20201213023853","is_ascension_mode":true,"campfire_choices":[{"data":"Neutralize","floor":6.0,"key":"SMITH"},{"data":"Blade Dance","floor":12.0,"key":"SMITH"},{"data":"Accuracy","floor":15.0,"key":"SMITH"},{"floor":24,"key":"REST"}],"circlet_count":0,"master_deck":["AscendersBane","Strike_G","Defend_G","Defend_G","Defend_G","Defend_G","Survivor","Neutralize+1","Dagger Spray","Blade Dance+1","Accuracy+1","Footwork","Storm of Steel","Backflip","After Image","Riddle With Holes+1","Backflip+1","Riddle With Holes+1","Infinite Blades","Blade Dance+1"],"relics":["Ring of the Snake","Singing Bowl","Meat on the Bone","Question Card","Astrolabe","Strawberry","Akabeko"],"acts_visited":["Exordium","TheCity"],"potions_floor_usage":[23],"damage_taken":[{"damage":0.0,"enemies":"2 Louse","floor":1.0,"turns":2.0},{"damage":0.0,"enemies":"Cultist","floor":3.0,"turns":3.0},{"damage":0.0,"enemies":"Small Slimes","floor":5.0,"turns":2.0},{"damage":4.0,"enemies":"Blue Slaver","floor":7.0,"turns":4.0},{"damage":3.0,"enemies":"Looter","floor":8.0,"turns":4.0},{"damage":9.0,"enemies":"3 Sentries","floor":10.0,"turns":10.0},{"damage":6.0,"enemies":"Lots of Slimes","floor":11.0,"turns":2.0},{"damage":1.0,"enemies":"2 Fungi Beasts","floor":13.0,"turns":3.0},{"damage":4.0,"enemies":"Exordium Wildlife","floor":14.0,"turns":4.0},{"damage":10.0,"enemies":"Hexaghost","floor":16.0,"turns":8.0},{"damage":15.0,"enemies":"Shell Parasite","floor":18.0,"turns":6.0},{"damage":0.0,"enemies":"Spheric Guardian","floor":19.0,"turns":1.0},{"damage":0.0,"enemies":"Centurion and Healer","floor":20.0,"turns":5.0},{"damage":20.0,"enemies":"Snake Plant","floor":21.0,"turns":8.0},{"damage":54,"enemies":"Slavers","floor":23,"turns":8},{"damage":43,"enemies":"Gremlin Leader","floor":25,"turns":3}],"seed_played":"-8894392157893309049","potions_obtained":[{"floor":1.0,"key":"Block Potion"},{"floor":5.0,"key":"Regen Potion"},{"floor":10.0,"key":"Regen Potion"},{"floor":13.0,"key":"CultistPotion"},{"floor":19.0,"key":"SpeedPotion"},{"floor":20.0,"key":"Dexterity Potion"}],"is_trial":false,"path_per_floor":["M","?","M","$","M","R","M","M","T","E","M","R","M","M","R","B",null,"M","M","M","M","$","E","R","E"],"character_chosen":"THE_SILENT","items_purchased":["Accuracy","Strawberry"],"campfire_rested":1,"item_purchase_floors":[4,22],"current_hp_per_floor":[59,59,61,61,63,63,59,56,56,47,43,43,42,40,40,42,66,53,53,55,50,57,17,43,0,0],"gold":66,"neow_bonus":"TRANSFORM_CARD","is_daily":false,"chose_seed":false,"campfire_upgraded":3,"win_rate":0.0,"timestamp":1607827133,"path_taken":["M","?","?","$","M","R","M","M","T","E","M","R","M","M","R","BOSS","M","M","M","M","$","E","R","E"],"items_purchased_type":["Card","Relic"],"build_version":"2020-11-30","purchased_purges":2,"victory":false,"max_hp_per_floor":[66,66,68,68,70,70,70,70,70,70,72,72,72,74,74,74,74,76,76,78,78,85,87,87,87,87],"card_choices":[{"not_picked":["Predator","Poisoned Stab"],"picked":"Blade Dance","floor":1.0},{"not_picked":["Poisoned Stab","Masterful Stab","Setup"],"picked":"Singing Bowl","floor":3.0},{"not_picked":["Dodge and Roll","Underhanded Strike","Deflect"],"picked":"Singing Bowl","floor":5.0},{"not_picked":["Backflip","Dagger Throw"],"picked":"Heel Hook","floor":7.0},{"not_picked":["Flechettes","Riddle With Holes"],"picked":"Footwork","floor":8.0},{"not_picked":["Dagger Spray","Acrobatics"],"picked":"Storm of Steel","floor":10.0},{"not_picked":["Quick Slash","Bane","Terror","Deflect"],"picked":"Singing Bowl","floor":11.0},{"not_picked":["Expertise","Deadly Poison","Dodge and Roll"],"picked":"Backflip","floor":13.0},{"not_picked":["Flechettes","Dodge and Roll","All Out Attack","Setup"],"picked":"Singing Bowl","floor":14.0},{"not_picked":["Malaise","Adrenaline","Wraith Form v2"],"picked":"After Image","floor":16.0},{"not_picked":["Outmaneuver","Calculated Gamble","Dagger Spray","Leg Sweep"],"picked":"Singing Bowl","floor":18.0},{"not_picked":["Tactician","Heel Hook","Dagger Spray"],"picked":"Infinite Blades","floor":19.0},{"not_picked":["Masterful Stab","PiercingWail","Bane","Dodge and Roll"],"picked":"Singing Bowl","floor":20.0},{"not_picked":["Masterful Stab","PiercingWail","Quick Slash"],"picked":"Blade Dance+1","floor":21.0},{"not_picked":["Endless Agony","Dodge and Roll","Distraction","Infinite Blades"],"picked":"Singing Bowl","floor":23}],"player_experience":606775,"relics_obtained":[{"floor":9.0,"key":"Meat on the Bone"},{"floor":10.0,"key":"Question Card"},{"floor":23,"key":"Akabeko"}],"event_choices":[{"damage_healed":0.0,"max_hp_gain":0.0,"max_hp_loss":0.0,"gold_gain":0.0,"event_name":"WeMeetAgain","player_choice":"Gave Potion","floor":2.0,"gold_loss":0.0,"damage_taken":0.0,"relics_obtained":["Singing Bowl"]}],"is_beta":false,"boss_relics":[{"not_picked":["Fusion Hammer","Coffee Dripper"],"picked":"Astrolabe"}],"items_purged_floors":[4,22],"is_endless":false,"potions_floor_spawned":[1,5,10,13,14,19,20],"killed_by":"Gremlin Leader","ascension_level":14}}