{"host":"0e3sjn8nzeyxegex","time":1607854611,"event":{"mods":["AlwaysNeverKeys","BaseMod","Better Altar","Better Sensory Stone","Better Skull","Better Third Choice","Better Vampires","Colored Map","Friendly Minions","Minty Spire (QoL Compilation)","Permanent Neow","Quick Restart","StSLib","The Alterego","WarShipGirlsR/????R mod"],"gold_per_floor":[111,127,139,139,62,96,112,130,130,130,141,173,173,195,195,294,294,310,16,36,55,72,98,98,98,98],"floor_reached":25,"playtime":2080,"items_purged":[],"score":459,"play_id":"e812d6d9-bb34-4c04-818b-0d742602dffa","local_time":"20201213021651","is_ascension_mode":true,"campfire_choices":[{"data":"rmod:expeditionaryescort","floor":10.0,"key":"SMITH"},{"data":"rmod:diamondstrike","floor":13.0,"key":"SMITH"},{"data":"rmod:fuelsupply","floor":15,"key":"SMITH"}],"circlet_count":0,"master_deck":["rmod:strick","rmod:strick","rmod:strick","rmod:strick","rmod:defend","rmod:defend","rmod:defend","rmod:defend","rmod:basicallowance","rmod:maingunfire","rmod:overbreakdown","rmod:circuitoustactics","rmod:maintain","rmod:expeditionaryescort+1","rmod:tearstotiara","rmod:fuelsupply+1","rmod:unsinkable","rmod:diamondstrike+1","rmod:victimresponsibility","rmod:luckystar","rmod:firesupport","rmod:generalist","rmod:secretscript","rmod:expedition","Ghostly","Ghostly","Ghostly","Ghostly","Ghostly"],"relics":["rmod:firstchargereward","Toy Ornithopter","Mango","Eternal Feather","Odd Mushroom","Snecko Eye","Vajra","Oddly Smooth Stone","Bird Faced Urn"],"acts_visited":["Exordium","TheCity"],"potions_floor_usage":[23,23],"damage_taken":[{"damage":0.0,"enemies":"Small Slimes","floor":1.0,"turns":4.0},{"damage":2.0,"enemies":"2 Louse","floor":2.0,"turns":2.0},{"damage":0.0,"enemies":"Jaw Worm","floor":3.0,"turns":4.0},{"damage":34.0,"enemies":"3 Sentries","floor":6.0,"turns":8.0},{"damage":0.0,"enemies":"Looter","floor":7.0,"turns":4.0},{"damage":0.0,"enemies":"2 Fungi Beasts","floor":8.0,"turns":2.0},{"damage":7.0,"enemies":"Red Slaver","floor":11.0,"turns":4.0},{"damage":0.0,"enemies":"Lagavulin","floor":12.0,"turns":6.0},{"damage":9,"enemies":"The Mushroom Lair","floor":14,"turns":4},{"damage":0,"enemies":"The Guardian","floor":16,"turns":4},{"damage":28,"enemies":"2 Thieves","floor":18,"turns":4},{"damage":0,"enemies":"Shell Parasite","floor":20,"turns":4},{"damage":14,"enemies":"Centurion and Healer","floor":21,"turns":6},{"damage":0,"enemies":"Snecko","floor":22,"turns":5},{"damage":23,"enemies":"Slavers","floor":23,"turns":8},{"damage":30,"enemies":"Book of Stabbing","floor":25,"turns":6}],"seed_played":"3498507664837908031","potions_obtained":[{"floor":1.0,"key":"AttackPotion"},{"floor":3.0,"key":"SkillPotion"},{"floor":7.0,"key":"FearPotion"},{"floor":11.0,"key":"LiquidBronze"},{"floor":22,"key":"Regen Potion"}],"is_trial":false,"path_per_floor":["M","M","M","?","$","E","M","M","T","R","M","E","R","?","R","B",null,"M","$","M","M","M","E","?","E"],"character_chosen":"PRAEFECT","items_purchased":["rmod:tearstotiara","rmod:fuelsupply","Vajra","Oddly Smooth Stone"],"campfire_rested":0,"item_purchase_floors":[5,5,19,19],"current_hp_per_floor":[75,73,73,73,73,39,39,44,58,58,51,56,68,59,71,71,90,62,62,62,48,48,50,48,22,22],"gold":98,"neow_bonus":"TEN_PERCENT_HP_BONUS","is_daily":false,"chose_seed":false,"campfire_upgraded":3,"win_rate":0.0,"timestamp":1607854611,"path_taken":["M","M","M","?","$","E","M","M","T","R","M","E","R","?","R","BOSS","M","$","M","M","M","E","?","E"],"items_purchased_type":["Card","Card","Relic","Relic"],"build_version":"2020-11-30","purchased_purges":0,"victory":false,"max_hp_per_floor":[82,82,82,82,82,82,82,82,96,96,96,96,96,96,96,96,96,96,96,96,96,96,96,48,48,48],"card_choices":[{"not_picked":["rmod:spoils","rmod:advancebysurprise"],"picked":"rmod:overbreakdown","floor":1.0},{"not_picked":["rmod:selfconfidence","rmod:overbreakdown"],"picked":"rmod:circuitoustactics","floor":2.0},{"not_picked":["rmod:victimresponsibility","rmod:punchline"],"picked":"rmod:maintain","floor":3.0},{"not_picked":[],"picked":"rmod:expeditionaryescort","floor":4.0},{"not_picked":["rmod:shuttlebombing","rmod:aluminumsupply"],"picked":"rmod:unsinkable","floor":6.0},{"not_picked":["rmod:intelligenceanalysis","rmod:heivgo"],"picked":"rmod:diamondstrike","floor":7.0},{"not_picked":["rmod:rockthrower","rmod:intelligenceanalysis"],"picked":"rmod:victimresponsibility","floor":8.0},{"not_picked":["rmod:gendarmerie","rmod:expeditionaryescort"],"picked":"rmod:luckystar","floor":11.0},{"not_picked":["rmod:overbreakdown","rmod:maintain"],"picked":"rmod:firesupport","floor":12.0},{"not_picked":["rmod:steelsupply","rmod:rockthrower"],"picked":"rmod:generalist","floor":14},{"not_picked":["rmod:timeschanged","rmod:fletcher"],"picked":"rmod:secretscript","floor":16},{"not_picked":["rmod:luckystar","rmod:highspeedshooting","rmod:supportescort"],"picked":"SKIP","floor":18},{"not_picked":["rmod:ammunitionsupply","rmod:overbreakdown","rmod:ring"],"picked":"SKIP","floor":20},{"not_picked":["rmod:tearstotiara","rmod:diamondstrike","rmod:heivgo+1"],"picked":"SKIP","floor":21},{"not_picked":["rmod:aluminumsupply","rmod:diamondstrike","rmod:victimresponsibility"],"picked":"SKIP","floor":22},{"not_picked":["rmod:combined","rmod:aluminumsupply"],"picked":"rmod:expedition","floor":23}],"player_experience":1163240,"relics_obtained":[{"floor":6.0,"key":"Toy Ornithopter"},{"floor":9.0,"key":"Mango"},{"floor":12.0,"key":"Eternal Feather"},{"floor":14,"key":"Odd Mushroom"},{"floor":23,"key":"Bird Faced Urn"}],"event_choices":[{"damage_healed":0,"gold_gain":0,"player_choice":"Fought Mushrooms","damage_taken":0,"max_hp_gain":0,"max_hp_loss":0,"event_name":"Mushrooms","floor":14,"gold_loss":0},{"damage_healed":0,"gold_gain":0,"player_choice":"Became a Ghost","damage_taken":0,"max_hp_gain":0,"max_hp_loss":48,"event_name":"Ghosts","floor":24,"gold_loss":0,"cards_obtained":["Ghostly","Ghostly","Ghostly","Ghostly","Ghostly"]}],"is_beta":false,"boss_relics":[{"not_picked":["Calling Bell","Runic Pyramid"],"picked":"Snecko Eye"}],"items_purged_floors":[],"is_endless":false,"potions_floor_spawned":[1,3,7,11,22],"killed_by":"Book of Stabbing","ascension_level":8}}