{"host":"ow9msrs9p2ctkx99","time":1607865341,"event":{"mods":["AchievementEnabler","BaseMod","Colored Map","Colored Powertips","Minty Spire (QoL Compilation)","Permanent Neow","Quick Restart","SuperFastMode"],"gold_per_floor":[118,118,118,145,30,30,62,62,62,12,12,24,41,73,73,176,176,191,38,38,38],"floor_reached":20,"playtime":218,"items_purged":[],"score":315,"play_id":"33cef85b-0e8f-4b5a-8619-e311ad96dbe4","local_time":"20201213141541","is_ascension_mode":true,"campfire_choices":[{"data":"Sunder","floor":6,"key":"SMITH"},{"data":"Defragment","floor":8,"key":"SMITH"},{"data":"Dualcast","floor":15,"key":"SMITH"}],"circlet_count":0,"master_deck":["AscendersBane","Zap","Dualcast+1","Consume","Defragment+1","Sunder+1","Conserve Battery","Sweeping Beam","Turbo","Rebound","Biased Cognition","Biased Cognition","Storm","Reprogram","Darkness","Beam Cell","Biased Cognition","Blizzard","Hologram"],"relics":["Cracked Core","NeowsBlessing","Boot","Mercury Hourglass","InkBottle","Bottled Flame","Pandora\u0027s Box","PrismaticShard"],"acts_visited":["Exordium","TheCity"],"potions_floor_usage":[16],"damage_taken":[{"damage":0,"enemies":"Jaw Worm","floor":1,"turns":1},{"damage":0,"enemies":"3 Sentries","floor":7,"turns":1},{"damage":0,"enemies":"Cultist","floor":12,"turns":1},{"damage":0,"enemies":"Small Slimes","floor":13,"turns":2},{"damage":25,"enemies":"Lagavulin","floor":14,"turns":5},{"damage":38,"enemies":"Slime Boss","floor":16,"turns":5},{"damage":37,"enemies":"2 Thieves","floor":18,"turns":3},{"damage":23,"enemies":"Shell Parasite","floor":20,"turns":2}],"seed_played":"6165463671522280155","potions_obtained":[{"floor":2,"key":"PowerPotion"},{"floor":2,"key":"CultistPotion"},{"floor":16,"key":"LiquidBronze"}],"is_trial":false,"path_per_floor":["M","?","$","T","$","R","E","R","T","?","$","M","M","E","R","B",null,"M","$","M"],"character_chosen":"DEFECT","items_purchased":["Defragment","Sunder","PrismaticShard"],"campfire_rested":0,"item_purchase_floors":[5,5,19],"current_hp_per_floor":[68,68,68,68,68,68,68,68,68,68,68,68,68,43,43,5,58,21,21,0,0],"gold":38,"neow_bonus":"THREE_ENEMY_KILL","is_daily":false,"chose_seed":false,"campfire_upgraded":3,"win_rate":0.0,"timestamp":1607865341,"path_taken":["M","?","?","?","$","R","E","R","T","?","$","?","M","E","R","BOSS","M","$","M"],"items_purchased_type":["Card","Card","Relic"],"build_version":"2020-11-30","purchased_purges":0,"victory":false,"max_hp_per_floor":[75,75,75,75,75,75,75,75,75,75,75,75,75,75,75,75,75,75,75,75,75],"card_choices":[{"not_picked":["Gash","Compile Driver"],"picked":"Consume","floor":1},{"not_picked":["Double Energy","Fusion"],"picked":"Conserve Battery","floor":7},{"not_picked":["Genetic Algorithm","Conserve Battery"],"picked":"Sweeping Beam","floor":12},{"not_picked":["Defragment","Glacier"],"picked":"Turbo","floor":13},{"not_picked":["Chill","Turbo"],"picked":"Rebound","floor":14},{"not_picked":["Hyperbeam","Creative AI"],"picked":"Biased Cognition","floor":16},{"not_picked":["Chaos","Scrape"],"picked":"Hologram","floor":18}],"player_experience":1013391,"relics_obtained":[{"floor":4,"key":"Boot"},{"floor":7,"key":"Mercury Hourglass"},{"floor":9,"key":"InkBottle"},{"floor":14,"key":"Bottled Flame"}],"event_choices":[{"damage_healed":0,"gold_gain":0,"player_choice":"Got Potions","damage_taken":0,"max_hp_gain":0,"max_hp_loss":0,"event_name":"Lab","floor":2,"gold_loss":0},{"cards_removed":["Strike_B"],"damage_healed":0,"gold_gain":0,"player_choice":"Card Removal","damage_taken":0,"max_hp_gain":0,"max_hp_loss":0,"event_name":"The Cleric","floor":10,"gold_loss":50}],"is_beta":false,"boss_relics":[{"not_picked":["Runic Dome","Velvet Choker"],"picked":"Pandora\u0027s Box"}],"items_purged_floors":[],"is_endless":false,"potions_floor_spawned":[13,16],"killed_by":"Shell Parasite","ascension_level":11}}