{"host":"5s7sm4h73jkd9266","time":1607869491,"event":{"mods":["AchievementEnabler","Bartender","BaseMod","Better Match","Better Vampires","BetterRewards","Colored Map","Colored Powertips","Conspire","Downfall","Energized Spire","GifTheSpireLib","Hermit","Hubris","Magitek Elite","Marisa????????","Melee Mod","Minty Spire (QoL Compilation)","Potion Indicator Mod","Rare Cards Sparkle","Relic Stats","Replay The Spire","Robot Space Explorer","Shade Mod","Shop Mod","StSLib","Stuff the Spire","The Bladedancer","The Blue Laboratory","The Cursed","The Disciple","The Dragon Tamer","The Forsaken","The Necromancer","The Servant 0.9.4","The Wild Card","The Witch","Virulent Crown","everything is the same but u backflip on backflip","slay the spire mod where everything is the same but ironclad has a cowboy hat","vexMod"],"gold_per_floor":[118,93,93,111,130,160,179,179,179,198,210,210,95,108,108,184,184,203,15,15,28,28,28,58,58,58,68,68,68],"floor_reached":28,"playtime":2364,"items_purged":[],"score":578,"play_id":"7ed625b3-929b-4b74-a823-992bbb505827","local_time":"20201213092451","is_ascension_mode":true,"campfire_choices":[{"floor":8.0,"key":"REST"},{"floor":12.0,"key":"REST"},{"floor":23.0,"key":"REST"},{"floor":25.0,"key":"REST"}],"circlet_count":0,"master_deck":["AscendersBane","Strike_G","Strike_G","Strike_G","Strike_G","Strike_G","Defend_G","Defend_G","Defend_G","Defend_G","Defend_G","Survivor","Neutralize","Metamorphosis","Poisoned Stab","Good Instincts+1","Endless Agony","Crippling Poison","Dagger Spray","Dash","Adrenaline","Slice","StuffTheSpire:Python","StuffTheSpire:BumpUp","Noxious Fumes","Cloak And Dagger","Replay:Poison Smokescreen","Bullet Time","Infinite Blades+1","Backflip","Riddle With Holes","StuffTheSpire:BumpUp","Skewer","Blade Dance"],"relics":["Ring of the Snake","conspire:TopHat","Snack Pack","Mummified Hand","ChewingGum","HandDrill","vexMod:RedPlottingStone","conspire:InfiniteJournal"],"acts_visited":["Exordium","TheCity"],"potions_floor_usage":[],"damage_taken":[{"damage":0.0,"enemies":"Jaw Worm","floor":1.0,"turns":3.0},{"damage":0.0,"enemies":"Cultist","floor":4.0,"turns":3.0},{"damage":2.0,"enemies":"Small Slimes","floor":5.0,"turns":3.0},{"damage":16.0,"enemies":"3 Sentries","floor":6.0,"turns":5.0},{"damage":3.0,"enemies":"3 Louse","floor":7.0,"turns":3.0},{"damage":0.0,"enemies":"Looter","floor":10.0,"turns":3.0},{"damage":12.0,"enemies":"Blue Slaver","floor":11.0,"turns":3.0},{"damage":0.0,"enemies":"2 Fungi Beasts","floor":14.0,"turns":3.0},{"damage":62.0,"enemies":"Fading Forest","floor":16.0,"turns":11.0},{"damage":8.0,"enemies":"Chosen","floor":18.0,"turns":6.0},{"damage":13.0,"enemies":"3 Byrds","floor":21.0,"turns":4.0},{"damage":58.0,"enemies":"Gremlin Leader","floor":24.0,"turns":7.0},{"damage":16.0,"enemies":"Centurion and Healer","floor":27.0,"turns":7.0},{"damage":31,"enemies":"conspire:SneckoGhost","floor":28,"turns":5}],"seed_played":"-8931165365280272626","potions_obtained":[{"floor":4.0,"key":"Venom Potion"},{"floor":6.0,"key":"blueLaboratory:SavagePotion"},{"floor":14.0,"key":"blueLaboratory:AbyssPotion"},{"floor":18.0,"key":"SkillPotion"},{"floor":21.0,"key":"ColorlessPotion"},{"floor":24.0,"key":"blueLaboratory:CorrosionFlask"}],"is_trial":false,"path_per_floor":["M","?","?","M","M","E","M","R","T","M","M","R","$","M","R_BF","B",null,"M","$","?","M","?","R","E","R","T","M","E"],"character_chosen":"THE_SILENT","items_purchased":["Metamorphosis","Mind Blast","Poisoned Stab","Endless Agony","blueLaboratory:FrostheartPotion","Noxious Fumes","Cloak And Dagger","HandDrill","Backflip"],"campfire_rested":4,"item_purchase_floors":[0,0,0,0,0,13,13,19,19],"current_hp_per_floor":[43,43,43,43,41,25,24,43,43,45,35,54,54,56,66,14,53,51,51,51,40,40,59,9,28,28,22,0,0],"gold":68,"neow_bonus":"","is_daily":false,"chose_seed":false,"campfire_upgraded":0,"win_rate":0.0,"timestamp":1607869491,"path_taken":["M","?","?","M","M","E","M","R","T","M","M","R","$","M","R_BF","BOSS","M","?","?","M","?","R","E","R","T","M","E"],"items_purchased_type":["Card","Card","Card","Card","Potion","Card","Card","Relic","Card"],"build_version":"2020-11-30","purchased_purges":0,"victory":false,"max_hp_per_floor":[66,66,66,66,66,66,66,66,66,66,66,66,66,66,66,66,66,66,66,66,66,66,66,66,66,66,66,66,66],"relic_stats":{"counters":[33,180],"Mummified Hand":[8],"HandDrill":[4],"obtain_stats":[{"Basket Of Snakes":2,"Quantum Egg":5,"Thread and Needle":27,"Bag of Preparation":12,"MawBank":6,"Ancient Tea Set":11,"VirulentCrownMod:VirulentCrown":24,"conspire:TopHat":3,"conspire:InfiniteJournal":26,"Blood Vial":21,"CaptainsWheel":14,"Busted Crown":19,"Mummified Hand":9,"Ring of Misfortune":4,"vexMod:RedPlottingStone":24,"MealTicket":28,"ChewingGum":17,"Nloth\u0027s Gift":25,"Snack Pack":6,"HandDrill":19,"Ring of the Snake":0},{"Basket Of Snakes":1,"Quantum Egg":5,"Thread and Needle":15,"Bag of Preparation":8,"MawBank":6,"Ancient Tea Set":7,"VirulentCrownMod:VirulentCrown":14,"conspire:TopHat":20,"conspire:InfiniteJournal":31,"Blood Vial":12,"CaptainsWheel":9,"Busted Crown":11,"Mummified Hand":24,"Ring of Misfortune":5,"vexMod:RedPlottingStone":31,"MealTicket":15,"ChewingGum":28,"Nloth\u0027s Gift":14,"Snack Pack":23,"HandDrill":29,"Ring of the Snake":0},{"Basket Of Snakes":5,"Quantum Egg":34,"Thread and Needle":92,"Bag of Preparation":51,"MawBank":41,"Ancient Tea Set":44,"VirulentCrownMod:VirulentCrown":87,"conspire:TopHat":117,"conspire:InfiniteJournal":168,"Blood Vial":76,"CaptainsWheel":56,"Busted Crown":70,"Mummified Hand":131,"Ring of Misfortune":34,"vexMod:RedPlottingStone":168,"MealTicket":92,"ChewingGum":151,"Nloth\u0027s Gift":87,"Snack Pack":128,"HandDrill":157,"Ring of the Snake":0}],"Ring of the Snake":[65]},"card_choices":[{"not_picked":["ReplayTheSpireMod:Speed Training","Prepared"],"picked":"Crippling Poison","floor":1.0},{"not_picked":["Bane","Deflect"],"picked":"Dagger Spray","floor":4.0},{"not_picked":["Accuracy","StuffTheSpire:Sprint"],"picked":"Dash","floor":5.0},{"not_picked":["Deflect","Acrobatics"],"picked":"Adrenaline","floor":6.0},{"not_picked":["StuffTheSpire:ClusterCrunch","Dagger Throw"],"picked":"Slice","floor":7.0},{"not_picked":["Slice","hubris:Sniper"],"picked":"StuffTheSpire:Python","floor":10.0},{"not_picked":["Cloak And Dagger","Dagger Throw"],"picked":"StuffTheSpire:BumpUp","floor":11.0},{"not_picked":["Accuracy","Tactician"],"picked":"Replay:Poison Smokescreen","floor":14.0},{"not_picked":["Poison Darts","Doppelganger"],"picked":"Bullet Time","floor":16.0},{"not_picked":["StuffTheSpire:ClusterCrunch","Poisoned Stab"],"picked":"Infinite Blades+1","floor":18.0},{"not_picked":["StuffTheSpire:Python","Bane"],"picked":"StuffTheSpire:BumpUp","floor":21.0},{"not_picked":["Tools of the Trade","conspire:DoublingDagger"],"picked":"Skewer","floor":24.0},{"not_picked":["Prepared","Dagger Spray"],"picked":"Blade Dance","floor":27.0}],"player_experience":5288781,"relics_obtained":[{"floor":3.0,"key":"conspire:TopHat"},{"floor":6.0,"key":"Snack Pack"},{"floor":9.0,"key":"Mummified Hand"},{"floor":24.0,"key":"vexMod:RedPlottingStone"},{"floor":26.0,"key":"conspire:InfiniteJournal"}],"event_choices":[{"damage_healed":0.0,"max_hp_gain":0.0,"max_hp_loss":0.0,"gold_gain":0.0,"event_name":"World of Goop","player_choice":"Left Gold","floor":2.0,"gold_loss":25.0,"damage_taken":0.0},{"damage_healed":0.0,"max_hp_gain":0.0,"max_hp_loss":0.0,"gold_gain":0.0,"event_name":"Wheel of Change","player_choice":"Relic","floor":3.0,"gold_loss":0.0,"damage_taken":0.0},{"damage_healed":0.0,"max_hp_gain":0.0,"max_hp_loss":0.0,"gold_gain":0.0,"event_name":"The Library","player_choice":"Read","floor":20.0,"gold_loss":0.0,"damage_taken":0.0,"cards_obtained":["Riddle With Holes"]}],"is_beta":false,"boss_relics":[{"not_picked":["Ring of the Serpent","StuffTheSpire:ModemDavis"],"picked":"ChewingGum"}],"items_purged_floors":[],"is_endless":false,"potions_floor_spawned":[4,6,14,18,21,24],"killed_by":"conspire:SneckoGhost","ascension_level":14}}