{"host":"mytek2nu1hrzdnew","time":1607821738,"event":{"mods":["Aspiration","BaseMod","Conspire","GifTheSpireLib","Gold Saver","Hubris","Infinite Spire","Minty Spire (QoL Compilation)","Replay The Spire","StSLib","Stuff the Spire","The Animator"],"gold_per_floor":[578,588,218,235,235,264,264,264,314,331,331,349,378,410,410,508,508,531,531,358,377,377,377,377,377,404,418,432,432,483,483,483,483,483],"floor_reached":33,"playtime":2291,"items_purged":["animator:Strike","animator:Defend","animator:Defend"],"score":300,"play_id":"208ffc93-a82c-4e31-b477-a5ba6f294fd9","local_time":"20201212200858","is_ascension_mode":false,"campfire_choices":[{"floor":7,"key":"REST"},{"floor":11,"key":"REST"},{"data":"animator:Lu","floor":15,"key":"SMITH"},{"floor":23,"key":"REST"},{"floor":29,"key":"REST"},{"floor":32,"key":"REST"}],"circlet_count":0,"master_deck":["animator:Strike_GoblinSlayer","animator:Defend_GoblinSlayer","animator:Strike","animator:Defend","animator:LizardPriest+1","animator:DwarfShaman+1","animator:Spearman","animator:Lancer+1","animator:GoblinSlayer","animator:Lu+1","animator:Lancer","animator:GuildGirl","animator:Albedo","animator:Lu","animator:Lancer","animator:Witch"],"relics":["animator:LivingPicture","animator:TheMissingPiece","Guide Book","Blue Doll","Ornamental Fan","hubris:MobiusCoin","hubris:ToyBattleship","SacredBark","hubris:Towel","CloakClasp","PreservedInsect","aspiration:ChemicalBlood"],"acts_visited":["Exordium","TheCity"],"potions_floor_usage":[6,13,16,18,18,30,30,33,33],"damage_taken":[{"damage":9,"enemies":"Jaw Worm","floor":1,"turns":5},{"damage":6,"enemies":"Small Slimes","floor":2,"turns":4},{"damage":0,"enemies":"2 Louse","floor":4,"turns":2},{"damage":13,"enemies":"3 Sentries","floor":6,"turns":6},{"damage":10,"enemies":"2 Fungi Beasts","floor":10,"turns":4},{"damage":6,"enemies":"Looter","floor":12,"turns":2},{"damage":14,"enemies":"Gremlin Nob","floor":13,"turns":4},{"damage":0,"enemies":"3 Louse","floor":14,"turns":3},{"damage":9,"enemies":"Fading Forest","floor":16,"turns":11},{"damage":9,"enemies":"2 Thieves","floor":18,"turns":3},{"damage":20,"enemies":"Spheric Guardian","floor":21,"turns":4},{"damage":27,"enemies":"Shelled Parasite and Fungi","floor":27,"turns":5},{"damage":18,"enemies":"Snake Plant","floor":28,"turns":3},{"damage":0,"enemies":"animator:HornedBat","floor":30,"turns":7},{"damage":55,"enemies":"Collector","floor":33,"turns":6}],"seed_played":"-3119064502069305335","potions_obtained":[{"floor":1,"key":"Energy Potion"},{"floor":4,"key":"BlessingOfTheForge"},{"floor":6,"key":"LiquidBronze"},{"floor":14,"key":"PowerPotion"},{"floor":16,"key":"Milkshake"},{"floor":28,"key":"LifebloodPotion"}],"is_trial":false,"path_per_floor":["M","M","$","M","?","E","R","?","T","M","R","M","E","M","R","B",null,"M","?","$","M","?","R","AVR","?","T","M","M","R","E","?","R","B"],"character_chosen":"THE_ANIMATOR","items_purchased":["Guide Book","Blue Doll","animator:Lancer"],"campfire_rested":5,"item_purchase_floors":[3,3,20],"current_hp_per_floor":[57,51,51,51,51,39,59,59,59,49,67,61,47,47,47,48,67,58,58,58,39,39,59,59,59,59,32,14,34,34,34,54,0,0],"gold":483,"neow_bonus":"HUNDRED_GOLD","is_daily":false,"chose_seed":false,"campfire_upgraded":1,"win_rate":0.0,"timestamp":1607821738,"path_taken":["M","M","$","M","?","E","R","?","T","M","R","M","E","?","R","BOSS","M","?","$","M","?","R","AVR","?","T","M","M","R","E","?","R","BOSS"],"items_purchased_type":["Relic","Relic","Card"],"build_version":"2020-11-30","purchased_purges":3,"victory":false,"max_hp_per_floor":[66,66,66,66,66,67,67,67,67,67,67,67,67,67,67,67,67,67,67,67,68,68,68,68,68,68,68,68,68,68,68,68,68,68],"card_choices":[{"not_picked":["animator:Laby","animator:PandorasActor"],"picked":"animator:Spearman","floor":1},{"not_picked":["animator:Chung","animator:LizardPriest"],"picked":"animator:Lancer","floor":2},{"not_picked":["animator:Ara","animator:Berserker","animator:SilverFang"],"picked":"SKIP","floor":4},{"not_picked":["animator:LizardPriest","animator:GuildGirl"],"picked":"animator:GoblinSlayer","floor":6},{"not_picked":["animator:ChlammyZell","animator:Entoma"],"picked":"animator:Lancer","floor":10},{"not_picked":["animator:Tatsumaki","animator:Tyuule","animator:Lu"],"picked":"SKIP","floor":12},{"not_picked":["animator:Alexander","animator:DolaRiku","animator:LizardPriest"],"picked":"SKIP","floor":13},{"not_picked":["animator:DwarfShaman","animator:HighElfArcher"],"picked":"animator:GuildGirl","floor":14},{"not_picked":["animator:Saitama","animator:ItamiYouji"],"picked":"animator:Albedo","floor":16},{"not_picked":["animator:Aisha","animator:Evileye+1"],"picked":"animator:Lu","floor":18},{"not_picked":["animator:Genos","animator:Melzalgald"],"picked":"animator:Witch","floor":21},{"not_picked":["animator:IzunaHatsuse","animator:RoryMercury+1","animator:Jibril"],"picked":"SKIP","floor":27},{"not_picked":["animator:DolaRiku","animator:Ara+1","animator:Sonic"],"picked":"SKIP","floor":28},{"not_picked":["animator:HighElfArcher","animator:SilverFang","animator:Evileye"],"picked":"SKIP","floor":30}],"player_experience":1097057,"relics_obtained":[{"floor":6,"key":"Ornamental Fan"},{"floor":9,"key":"hubris:MobiusCoin"},{"floor":13,"key":"hubris:ToyBattleship"},{"floor":26,"key":"PreservedInsect"},{"floor":30,"key":"aspiration:ChemicalBlood"}],"event_choices":[{"damage_healed":0,"gold_gain":0,"player_choice":"Grow","damage_taken":0,"max_hp_gain":0,"max_hp_loss":0,"event_name":"Living Wall","floor":5,"gold_loss":0,"cards_upgraded":["animator:DwarfShaman"]},{"cards_removed":["animator:Strike"],"damage_healed":0,"gold_gain":0,"player_choice":"Elegance","damage_taken":0,"max_hp_gain":0,"max_hp_loss":0,"event_name":"Back to Basics","floor":22,"gold_loss":0},{"damage_healed":0,"gold_gain":0,"player_choice":"Leave","damage_taken":0,"max_hp_gain":0,"max_hp_loss":0,"event_name":"conspire:Investor","floor":25,"gold_loss":0}],"is_beta":false,"boss_relics":[{"not_picked":["Replay:Ancient Bell","Pandora\u0027s Box"],"picked":"SacredBark"}],"items_purged_floors":[3,20,24],"is_endless":false,"potions_floor_spawned":[1,4,6,14,16,18,21,28],"killed_by":"Collector","ascension_level":0}}