{"host":"hpblzw0i8q79bazj","time":1607901727,"event":{"mods":["2.2 Compatiblity","AchievementEnabler","Act Like it!","BaseMod","Better Altar","Better Skull","Better Third Choice","BetterRewards","Colored Map","Colored Powertips","Downfall","Hermit","Jorbs\u0027s Wanderer Trilogy","Marisa????????","Minty Spire (QoL Compilation)","Relic Stats","Replay The Spire","StSLib","The Animator","The Bug Knight","The Gatherer","The Hierophant","The Senshi"],"gold_per_floor":[99,99,99,136,145,188,212,251,251,288,315,315,358,381,405,511,511,511,511,532,569,595,520,520,529,566,566,582,582,595,173,188,300,300,300,346,370,429,429,464,544,555,480,511,323,323,374,386,408,408],"floor_reached":51,"playtime":4143,"items_purged":["hexamod:Strike","hexamod:Defend"],"score":1019,"play_id":"7b758ecb-b5b0-4917-8ab2-9abe214a9ec8","local_time":"20201213172207","is_ascension_mode":true,"campfire_choices":[{"data":"hexamod:Sear","floor":1,"key":"SMITH"},{"floor":9,"key":"REST"},{"floor":18,"key":"RECALL"},{"data":"hexamod:GiftsFromTheDead","floor":23,"key":"SMITH"},{"data":"hexamod:RainOfEmbers","floor":27,"key":"SMITH"},{"data":"hexamod:ParanormalForm","floor":35,"key":"SMITH"},{"floor":43,"key":"REST"}],"circlet_count":0,"master_deck":["hexamod:Strike+1","hexamod:Strike","hexamod:Defend","hexamod:Defend+1","hexamod:Defend+1","hexamod:Sear+1","hexamod:Float","hexamod:GhostLash","hexamod:SoulSteal+1","hexamod:RainOfEmbers+1","hexamod:Firestarter","hexamod:PowerFromBeyond","hexamod:BurningTouch","hexamod:ParanormalForm+1","hexamod:Hexaguard","hexamod:SpectersWail","hexamod:FastForward","hexamod:GiftsFromTheDead+1","hexamod:FirstSeal","hexamod:WildfireWeapon","hexamod:Hexaguard+1","RitualDagger","hexamod:WildfireWeapon+1","hexamod:Haunt+1","hexamod:CrushingStance+1","hexamod:SixthSeal","hexamod:VolcanoVisage+1","hexamod:Firestarter+1","hexamod:HeatCrush+1","hexamod:ExtraCrispy+1","hexamod:NecessarySacrifice+1","hexamod:FlamesFromBeyond","hexamod:RecurringNightmare+1"],"relics":["hexamod:SpiritBrand","downfall:HeartsMalice","CeramicFish","Replay:Ringing Soul","War Paint","Mercury Hourglass","Eternal Feather","hexamod:IceCube","Counterbalance","downfall:HeartBlessingRed","Snack Pack","Strawberry","Nilry\u0027s Codex","Membership Card","Gremlin Food","ReplayTheSpireMod:Shallot","Replay:Bronze Core","Boot","Replay:Multitool","Centennial Puzzle","Question Card","downfall:HeartBlessingGreen","Shovel","StoneCalendar","Chemical X","Replay:Kaleidoscope","CatCart"],"acts_visited":["Exordium","TheCity","TheBeyond"],"potions_floor_usage":[8,16,16,21,26,32,33,38,44,46],"damage_taken":[{"damage":0,"enemies":"Small Slimes","floor":3,"turns":1},{"damage":0,"enemies":"Replay:BlueRogue","floor":4,"turns":1},{"damage":0,"enemies":"Cultist","floor":5,"turns":1},{"damage":39,"enemies":"Gremlin Nob","floor":6,"turns":5},{"damage":13,"enemies":"3 Sentries","floor":8,"turns":4},{"damage":12,"enemies":"Lagavulin","floor":10,"turns":6},{"damage":8,"enemies":"Jaw Worm","floor":11,"turns":3},{"damage":3,"enemies":"Blue Slaver","floor":14,"turns":3},{"damage":0,"enemies":"Exordium Wildlife","floor":15,"turns":3},{"damage":42,"enemies":"downfall:Ironclad","floor":16,"turns":7},{"damage":8,"enemies":"Chosen","floor":20,"turns":5},{"damage":26,"enemies":"Book of Stabbing","floor":21,"turns":5},{"damage":9,"enemies":"3 Byrds","floor":22,"turns":4},{"damage":20,"enemies":"Gremlin Leader","floor":26,"turns":5},{"damage":18,"enemies":"Snake Plant","floor":28,"turns":4},{"damage":20,"enemies":"Cultist and Chosen","floor":30,"turns":5},{"damage":0,"enemies":"downfall:FleeingMerchant","floor":31,"turns":4},{"damage":0,"enemies":"Centurion and Healer","floor":32,"turns":4},{"damage":20,"enemies":"downfall:Silent","floor":33,"turns":5},{"damage":8,"enemies":"R_Hoarder","floor":36,"turns":6},{"damage":13,"enemies":"3 Shapes","floor":37,"turns":4},{"damage":49,"enemies":"Mind Bloom Boss Battle","floor":38,"turns":6},{"damage":35,"enemies":"HollowMod:StalkingDevout","floor":40,"turns":5},{"damage":6,"enemies":"Orb Walker","floor":42,"turns":4},{"damage":32,"enemies":"Giant Head","floor":44,"turns":8},{"damage":2,"enemies":"downfall:FleeingMerchant","floor":45,"turns":4},{"damage":0,"enemies":"Writhing Mass","floor":46,"turns":1},{"damage":8,"enemies":"Orin","floor":47,"turns":5},{"damage":34,"enemies":"Sphere and 2 Shapes","floor":48,"turns":4},{"damage":16,"enemies":"Maw","floor":49,"turns":6},{"damage":0,"enemies":"downfall:Watcher","floor":50,"turns":5}],"seed_played":"1605053492329764268","potions_obtained":[{"floor":6,"key":"LiquidBronze"},{"floor":8,"key":"SmokeBomb"},{"floor":10,"key":"SkillPotion"},{"floor":13,"key":"PowerPotion"},{"floor":13,"key":"Strength Potion"},{"floor":16,"key":"Fire Potion"},{"floor":22,"key":"Elixir"},{"floor":26,"key":"LiquidBronze"},{"floor":32,"key":"BlessingOfTheForge"},{"floor":36,"key":"LifebloodPotion"},{"floor":40,"key":"hexamod:DoubleChargePotion"},{"floor":44,"key":"Dexterity Potion"},{"floor":49,"key":"SteroidPotion"}],"is_trial":false,"path_per_floor":["R","?","M","E","M","E","T","E","R","E","M","?","?","M","M","B",null,"R","?","M","E","M","R","T","?","E","R","M","?","M","$","M","B",null,"R","E","M","?","?","E","T","M","R","E","$","M","?","M","M","B",null],"character_chosen":"THE_SPIRIT","items_purchased":["Membership Card","Gremlin Food","ReplayTheSpireMod:Shallot","Guardian:BlockOnCardUsePotion","StoneCalendar","Chemical X","Replay:Kaleidoscope","hexamod:FlamesFromBeyond","SmokeBomb"],"campfire_rested":2,"item_purchase_floors":[31,31,31,31,45,45,45,45,45],"current_hp_per_floor":[70,70,70,70,70,34,34,24,46,37,32,59,62,62,65,26,94,94,75,70,54,55,67,67,64,61,76,58,42,29,39,48,40,127,127,130,120,85,85,62,62,63,122,101,111,111,112,87,76,76],"gold":408,"neow_bonus":"THREE_ENEMY_KILL","is_daily":false,"chose_seed":false,"campfire_upgraded":4,"win_rate":0.0,"timestamp":1607901727,"path_taken":["R","?","M","E","M","E","T","E","R","E","?","?","?","M","M","BOSS","R","?","M","E","M","R","T","?","E","R","M","?","M","$","M","BOSS","R","E","M","?","?","E","T","M","R","E","$","M","?","M","M","BOSS"],"items_purchased_type":["Relic","Relic","Relic","Potion","Relic","Relic","Relic","Card","Potion"],"build_version":"2020-11-30","purchased_purges":2,"victory":true,"max_hp_per_floor":[70,70,70,70,70,73,73,76,76,79,82,82,85,88,91,94,94,94,99,102,105,108,108,108,111,121,121,121,121,121,124,124,127,127,127,130,133,136,136,139,139,139,139,139,142,142,142,142,145,145],"relic_stats":{"Centennial Puzzle":[18],"Shovel":0,"counters":[31,129],"CeramicFish":225,"Eternal Feather":45,"StoneCalendar":[0],"Chemical X":[5],"War Paint":["hexamod:SoulSteal","hexamod:Defend"],"Boot":[5],"Question Card":6,"obtain_stats":[{"Nilry\u0027s Codex":29,"CeramicFish":4,"downfall:HeartBlessingGreen":43,"StoneCalendar":45,"Replay:Multitool":38,"Boot":36,"Replay:Ringing Soul":6,"Centennial Puzzle":40,"Shovel":44,"Strawberry":26,"Replay:Bronze Core":34,"Chemical X":45,"hexamod:SpiritBrand":0,"Gremlin Food":31,"downfall:HeartBlessingRed":23,"Counterbalance":21,"downfall:HeartsMalice":0,"Eternal Feather":10,"Replay:Kaleidoscope":45,"War Paint":7,"Question Card":41,"Mercury Hourglass":8,"ReplayTheSpireMod:Shallot":31,"Snack Pack":24,"Membership Card":31,"CatCart":47,"hexamod:IceCube":17},{"Nilry\u0027s Codex":15,"CeramicFish":2,"downfall:HeartBlessingGreen":24,"StoneCalendar":26,"Replay:Multitool":22,"Boot":20,"Replay:Ringing Soul":4,"Centennial Puzzle":23,"Shovel":25,"Strawberry":14,"Replay:Bronze Core":19,"Chemical X":26,"hexamod:SpiritBrand":0,"Gremlin Food":17,"downfall:HeartBlessingRed":13,"Counterbalance":12,"downfall:HeartsMalice":0,"Eternal Feather":6,"Replay:Kaleidoscope":26,"War Paint":4,"Question Card":23,"Mercury Hourglass":5,"ReplayTheSpireMod:Shallot":17,"Snack Pack":13,"Membership Card":17,"CatCart":28,"hexamod:IceCube":10},{"Nilry\u0027s Codex":53,"CeramicFish":0,"downfall:HeartBlessingGreen":96,"StoneCalendar":108,"Replay:Multitool":87,"Boot":77,"Replay:Ringing Soul":5,"Centennial Puzzle":92,"Shovel":104,"Strawberry":49,"Replay:Bronze Core":71,"Chemical X":108,"hexamod:SpiritBrand":0,"Gremlin Food":62,"downfall:HeartBlessingRed":44,"Counterbalance":40,"downfall:HeartsMalice":0,"Eternal Feather":15,"Replay:Kaleidoscope":108,"War Paint":5,"Question Card":92,"Mercury Hourglass":9,"ReplayTheSpireMod:Shallot":62,"Snack Pack":44,"Membership Card":62,"CatCart":114,"hexamod:IceCube":31}],"Mercury Hourglass":[474]},"card_choices":[{"not_picked":["hexamod:GhostShield","hexamod:Haunt"],"picked":"hexamod:GhostLash","floor":3},{"not_picked":["hexamod:HauntingEcho","hexamod:GhostLash"],"picked":"hexamod:SoulSteal","floor":4},{"not_picked":["hexamod:ShieldOfDarkness","hexamod:RecurringNightmare"],"picked":"hexamod:RainOfEmbers","floor":5},{"not_picked":["hexamod:BurningTouch","hexamod:Haunt"],"picked":"hexamod:Firestarter","floor":6},{"not_picked":["hexamod:SoulSteal","hexamod:Hexaguard"],"picked":"hexamod:PowerFromBeyond","floor":8},{"not_picked":["hexamod:GhostflameBarrier","hexamod:RainOfEmbers"],"picked":"hexamod:BurningTouch","floor":10},{"not_picked":["hexamod:NightmareStrike","hexamod:SwordOfDarkness"],"picked":"hexamod:ParanormalForm","floor":11},{"not_picked":["hexamod:GhostLash","hexamod:RainOfEmbers"],"picked":"hexamod:Hexaguard","floor":13},{"not_picked":["hexamod:Firestarter","hexamod:Again"],"picked":"hexamod:SpectersWail","floor":14},{"not_picked":["hexamod:InspiringFlames","hexamod:BurningTouch"],"picked":"hexamod:FastForward","floor":15},{"not_picked":["hexamod:FifthSeal","hexamod:HexaLevel"],"picked":"hexamod:GiftsFromTheDead","floor":16},{"not_picked":["hexamod:SpectersWail","hexamod:InspiringFlames+1"],"picked":"hexamod:FirstSeal","floor":20},{"not_picked":["hexamod:BacktrackSmack","hexamod:ThermalTransfer"],"picked":"hexamod:WildfireWeapon","floor":21},{"not_picked":["hexamod:InspiringFlames","hexamod:GhostShield"],"picked":"hexamod:Hexaguard+1","floor":22},{"not_picked":["hexamod:CatchUp","hexamod:HauntingEcho"],"picked":"hexamod:WildfireWeapon","floor":26},{"not_picked":["hexamod:Firestarter","hexamod:SwordOfDarkness","hexamod:FastForward"],"picked":"SKIP","floor":28},{"not_picked":["hexamod:HeatMetal","hexamod:RadiantFlame","hexamod:GhostShield"],"picked":"SKIP","floor":30},{"not_picked":["hexamod:RecurringNightmare","hexamod:Rewind"],"picked":"hexamod:Haunt","floor":31},{"not_picked":["hexamod:HauntingEcho+1","hexamod:FastForward","hexamod:Again"],"picked":"SKIP","floor":32},{"not_picked":["hexamod:TurnItUp","hexamod:GiftsFromTheDead"],"picked":"hexamod:CrushingStance","floor":33},{"not_picked":["hexamod:FifthSeal","hexamod:ThirdSeal"],"picked":"hexamod:SixthSeal","floor":36},{"not_picked":["hexamod:GhostLash+1","hexamod:NightmareGuise"],"picked":"hexamod:VolcanoVisage","floor":36},{"not_picked":["hexamod:ShieldOfDarkness","hexamod:Hexaguard"],"picked":"hexamod:Firestarter+1","floor":37},{"not_picked":["hexamod:Firestarter+1","hexamod:RainOfEmbers+1"],"picked":"hexamod:HeatCrush","floor":38},{"not_picked":["hexamod:NightmareStrike","hexamod:BacktrackSmack+1"],"picked":"hexamod:ExtraCrispy+1","floor":40},{"not_picked":["hexamod:AdvancingGuard+1","hexamod:BurningTouch+1","hexamod:GhostShield","hexamod:SpectralAdrenaline"],"picked":"SKIP","floor":42},{"not_picked":["hexamod:ShieldOfDarkness+1","hexamod:SoulSteal","hexamod:GhostShield+1","hexamod:SpectralAdrenaline"],"picked":"SKIP","floor":44},{"not_picked":["hexamod:SkipABeat","hexamod:Hexaguard+1","hexamod:RainOfEmbers"],"picked":"hexamod:NecessarySacrifice","floor":45},{"not_picked":["hexamod:InspiringFlames","hexamod:BacktrackSmack","hexamod:Incineration","hexamod:ShieldOfDarkness"],"picked":"SKIP","floor":48},{"not_picked":["hexamod:Hexaguard","hexamod:RainOfEmbers","hexamod:SwordOfDarkness+1"],"picked":"hexamod:RecurringNightmare+1","floor":49}],"player_experience":422731,"relics_obtained":[{"floor":4,"key":"CeramicFish"},{"floor":6,"key":"Replay:Ringing Soul"},{"floor":7,"key":"War Paint"},{"floor":8,"key":"Mercury Hourglass"},{"floor":10,"key":"Eternal Feather"},{"floor":21,"key":"Counterbalance"},{"floor":24,"key":"Snack Pack"},{"floor":26,"key":"Strawberry"},{"floor":29,"key":"Nilry\u0027s Codex"},{"floor":36,"key":"Boot"},{"floor":38,"key":"Replay:Multitool"},{"floor":40,"key":"Centennial Puzzle"},{"floor":41,"key":"Question Card"},{"floor":44,"key":"Shovel"},{"floor":47,"key":"CatCart"}],"event_choices":[{"cards_removed":["hexamod:Strike"],"damage_healed":0,"gold_gain":0,"player_choice":"Offered Basic","damage_taken":0,"max_hp_gain":0,"max_hp_loss":0,"event_name":"Bonfire Elementals","floor":2,"gold_loss":0},{"damage_healed":27,"gold_gain":0,"player_choice":"Banana","damage_taken":0,"max_hp_gain":0,"max_hp_loss":0,"event_name":"Big Fish","floor":12,"gold_loss":0},{"damage_healed":0,"gold_gain":0,"player_choice":"Fight","damage_taken":0,"max_hp_gain":0,"max_hp_loss":0,"event_name":"OrinTheCat","floor":47,"gold_loss":0}],"is_beta":false,"boss_relics":[{"not_picked":["Philosopher\u0027s Stone","Calling Bell"],"picked":"hexamod:IceCube"},{"not_picked":["Runic Dome","Coffee Dripper"],"picked":"Replay:Bronze Core"}],"items_purged_floors":[31,45],"is_endless":false,"potions_floor_spawned":[6,8,10,15,16,22,26,32,36,40,44,49],"ascension_level":1}}