{"host":"7yyoe0ei0fseceei","time":1607871249,"event":{"mods":["BaseMod","Colored Map","Highlight Path","Minty Spire (QoL Compilation)","Quick Restart"],"gold_per_floor":[115,115,26,26,41,74,74,108,132,132,54,89,108,125,125,197,197,217,217,229,242,40,40,70,80,80,80,93,118,118,118,118,118,118],"floor_reached":33,"playtime":786,"items_purged":[],"score":756,"play_id":"9ede0f49-9b9d-4e8b-8f35-c12d4e3a6833","local_time":"20201213155409","is_ascension_mode":true,"campfire_choices":[{"data":"Immolate","floor":7.0,"key":"SMITH"},{"data":"Whirlwind","floor":10.0,"key":"SMITH"},{"data":"Offering","floor":15,"key":"SMITH"},{"data":"Apotheosis","floor":23,"key":"SMITH"},{"data":"Seeing Red","floor":27,"key":"SMITH"},{"floor":32,"key":"REST"}],"circlet_count":0,"master_deck":["AscendersBane","Strike_R","Strike_R","Strike_R","Strike_R","Strike_R","Defend_R","Defend_R","Defend_R","Defend_R","Bash","Anger","Whirlwind+1","Rampage","Immolate+1","Perfected Strike","Offering+1","Anger","Anger","Fiend Fire","Rampage+1","Offering+1","Anger","Apotheosis+1","Seeing Red+1","Perfected Strike+1"],"relics":["Black Blood","NeowsBlessing","Red Skull","Strawberry","Kunai","Centennial Puzzle","Mercury Hourglass","Bag of Marbles","Singing Bowl","CeramicFish","Pantograph"],"acts_visited":["Exordium","TheCity"],"potions_floor_usage":[12,12,16,18,21,21,29,33],"damage_taken":[{"damage":0.0,"enemies":"Small Slimes","floor":1.0,"turns":1.0},{"damage":0.0,"enemies":"2 Louse","floor":5.0,"turns":1.0},{"damage":0.0,"enemies":"Gremlin Nob","floor":6.0,"turns":1.0},{"damage":35.0,"enemies":"Lagavulin","floor":8.0,"turns":5.0},{"damage":0,"enemies":"Gremlin Nob","floor":12,"turns":2},{"damage":0,"enemies":"Cultist","floor":13,"turns":2},{"damage":6,"enemies":"Looter","floor":14,"turns":1},{"damage":57,"enemies":"The Guardian","floor":16,"turns":8},{"damage":2,"enemies":"3 Byrds","floor":18,"turns":3},{"damage":12,"enemies":"Spheric Guardian","floor":20,"turns":2},{"damage":20,"enemies":"Centurion and Healer","floor":21,"turns":2},{"damage":21,"enemies":"Slavers","floor":24,"turns":3},{"damage":6,"enemies":"Sentry and Sphere","floor":25,"turns":2},{"damage":33,"enemies":"Shelled Parasite and Fungi","floor":28,"turns":3},{"damage":22,"enemies":"Book of Stabbing","floor":29,"turns":3},{"damage":90,"enemies":"Collector","floor":33,"turns":5}],"seed_played":"4997822688525358735","potions_obtained":[{"floor":1.0,"key":"Regen Potion"},{"floor":4.0,"key":"BloodPotion"},{"floor":4.0,"key":"SteroidPotion"},{"floor":8.0,"key":"AttackPotion"},{"floor":12,"key":"Block Potion"},{"floor":16,"key":"SkillPotion"},{"floor":20,"key":"BlessingOfTheForge"},{"floor":21,"key":"Fruit Juice"},{"floor":24,"key":"Dexterity Potion"},{"floor":29,"key":"Dexterity Potion"}],"is_trial":false,"path_per_floor":["M","?","$","?","M","E","R","E","T","R","$","E","M","M","R","B",null,"M","?","M","M","$","R","E","M","T","R","M","E","?","T","R","B"],"character_chosen":"IRONCLAD","items_purchased":["Whirlwind","Offering","Apotheosis"],"campfire_rested":1,"item_purchase_floors":[3,11,22],"current_hp_per_floor":[74,63,63,75,75,82,82,62,62,62,62,68,74,74,74,23,67,77,77,77,74,74,74,65,71,71,71,52,44,17,17,45,0,0],"gold":118,"neow_bonus":"THREE_ENEMY_KILL","is_daily":false,"chose_seed":false,"campfire_upgraded":5,"win_rate":0.0,"timestamp":1607871249,"path_taken":["M","?","$","?","M","E","R","E","T","R","$","E","?","M","R","BOSS","M","?","M","?","$","R","E","M","T","R","M","E","?","?","R","BOSS"],"items_purchased_type":["Card","Card","Card"],"build_version":"2020-11-30","purchased_purges":0,"victory":false,"max_hp_per_floor":[75,75,75,75,75,82,82,82,82,82,82,82,82,82,82,82,82,82,82,82,87,87,87,87,87,87,87,89,91,96,96,96,96,96],"card_choices":[{"not_picked":["Second Wind","Battle Trance"],"picked":"Anger","floor":1.0},{"not_picked":["Havoc","Hemokinesis"],"picked":"Rampage","floor":5.0},{"not_picked":["Headbutt","Burning Pact"],"picked":"Immolate","floor":6.0},{"not_picked":["Inflame","Clash"],"picked":"Perfected Strike","floor":8.0},{"not_picked":["Inflame","Combust"],"picked":"Anger","floor":12},{"not_picked":["Reckless Charge","Uppercut"],"picked":"Anger","floor":13},{"not_picked":["Pommel Strike","True Grit","Intimidate"],"picked":"SKIP","floor":14},{"not_picked":["Barricade","Impervious"],"picked":"Fiend Fire","floor":16},{"not_picked":["Shrug It Off","Heavy Blade+1"],"picked":"Rampage+1","floor":18},{"not_picked":["Shrug It Off","Flex"],"picked":"Anger","floor":20},{"not_picked":["Dropkick","Disarm","Flame Barrier"],"picked":"SKIP","floor":21},{"not_picked":["Disarm","Clash"],"picked":"Seeing Red","floor":24},{"not_picked":["Clothesline","Reckless Charge"],"picked":"Perfected Strike+1","floor":25},{"not_picked":["Warcry","Armaments","Pommel Strike"],"picked":"Singing Bowl","floor":28},{"not_picked":["Offering","Shrug It Off","Body Slam"],"picked":"Singing Bowl","floor":29}],"player_experience":834658,"relics_obtained":[{"floor":6.0,"key":"Strawberry"},{"floor":8.0,"key":"Kunai"},{"floor":9.0,"key":"Centennial Puzzle"},{"floor":12,"key":"Mercury Hourglass"},{"floor":24,"key":"Bag of Marbles"},{"floor":26,"key":"Singing Bowl"},{"floor":29,"key":"CeramicFish"},{"floor":31,"key":"Pantograph"}],"event_choices":[{"damage_healed":0.0,"max_hp_gain":0.0,"max_hp_loss":0.0,"gold_gain":0.0,"event_name":"Scrap Ooze","player_choice":"Success","floor":2.0,"gold_loss":0.0,"damage_taken":11.0,"relics_obtained":["Red Skull"]},{"damage_healed":0.0,"max_hp_gain":0.0,"max_hp_loss":0.0,"gold_gain":0.0,"event_name":"Lab","player_choice":"Got Potions","floor":4.0,"gold_loss":0.0,"damage_taken":0.0},{"damage_healed":0,"gold_gain":0,"player_choice":"Copied","damage_taken":0,"max_hp_gain":0,"max_hp_loss":0,"event_name":"Duplicator","floor":19,"gold_loss":0,"cards_obtained":["Offering"]},{"damage_healed":0,"gold_gain":0,"player_choice":"Shed Blood","damage_taken":32,"max_hp_gain":5,"max_hp_loss":0,"event_name":"Forgotten Altar","floor":30,"gold_loss":0}],"is_beta":false,"boss_relics":[{"not_picked":["Astrolabe","Coffee Dripper"],"picked":"Black Blood"}],"items_purged_floors":[],"is_endless":false,"potions_floor_spawned":[1,6,8,12,16,20,21,24,29],"killed_by":"Collector","ascension_level":20}}