{"host":"5trcja4hacd149zc","time":1607838049,"event":{"mods":["BaseMod","Colored Map","Minty Spire (QoL Compilation)","Relic Stats"],"gold_per_floor":[118,43,43,60,78,78,104,120,146,146,71,71,20,31,31,31,31],"floor_reached":16,"playtime":284,"items_purged":["Strike_G"],"score":200,"play_id":"777ddb2f-5197-46e3-9fdc-737b2bdd6d04","local_time":"20201212234049","is_ascension_mode":true,"campfire_choices":[{"data":"Flying Knee","floor":6,"key":"SMITH"},{"data":"Poisoned Stab","floor":10,"key":"SMITH"},{"data":"Sucker Punch","floor":12,"key":"SMITH"},{"data":"Backstab","floor":15,"key":"SMITH"}],"circlet_count":0,"master_deck":["AscendersBane","Strike_G+1","Strike_G+1","Strike_G","Strike_G","Defend_G","Defend_G","Defend_G","Defend_G","Survivor","Neutralize+1","Flying Knee+1","Sucker Punch+1","Backstab+1","Poisoned Stab+1","Blade Dance","Backflip"],"relics":["Ring of the Snake","Juzu Bracelet","Orichalcum"],"acts_visited":["Exordium"],"potions_floor_usage":[7],"damage_taken":[{"damage":0,"enemies":"2 Louse","floor":1,"turns":4},{"damage":2,"enemies":"Jaw Worm","floor":4,"turns":4},{"damage":0,"enemies":"Small Slimes","floor":5,"turns":4},{"damage":15,"enemies":"Lagavulin","floor":7,"turns":8},{"damage":0,"enemies":"3 Louse","floor":8,"turns":3},{"damage":0,"enemies":"Looter","floor":14,"turns":2},{"damage":25,"enemies":"Slime Boss","floor":16,"turns":5}],"seed_played":"-8555296627970128150","potions_obtained":[{"floor":4,"key":"SpeedPotion"},{"floor":5,"key":"Dexterity Potion"},{"floor":14,"key":"Dexterity Potion"}],"is_trial":false,"path_per_floor":["M","?","?","M","M","R","E","M","T","R","$","R","$","M","R","B"],"character_chosen":"THE_SILENT","items_purchased":["Blade Dance"],"campfire_rested":0,"item_purchase_floors":[13],"current_hp_per_floor":[59,59,39,37,37,37,22,22,22,22,22,22,22,22,22,0,0],"gold":31,"neow_bonus":"UPGRADE_CARD","is_daily":false,"chose_seed":false,"campfire_upgraded":4,"win_rate":0.0,"timestamp":1607838049,"path_taken":["M","?","?","?","M","R","E","M","T","R","$","R","$","M","R","BOSS"],"items_purchased_type":["Card"],"build_version":"2020-11-30","purchased_purges":1,"victory":false,"max_hp_per_floor":[66,66,66,66,66,66,66,66,66,66,66,66,66,66,66,66,66],"relic_stats":{"counters":[7,30],"Juzu Bracelet":0,"Orichalcum":[18],"obtain_stats":[{"Juzu Bracelet":7,"Orichalcum":9,"Ring of the Snake":0},{"Juzu Bracelet":4,"Orichalcum":5,"Ring of the Snake":0},{"Juzu Bracelet":20,"Orichalcum":23,"Ring of the Snake":0}],"Ring of the Snake":[14]},"card_choices":[{"not_picked":["Dodge and Roll","Infinite Blades"],"picked":"Flying Knee","floor":1},{"not_picked":["Tactician","Deflect"],"picked":"Sucker Punch","floor":4},{"not_picked":["Flying Knee","Setup","Expertise"],"picked":"SKIP","floor":5},{"not_picked":["Catalyst","Tactician"],"picked":"Backstab","floor":7},{"not_picked":["Quick Slash","Calculated Gamble"],"picked":"Poisoned Stab","floor":8},{"not_picked":["Underhanded Strike","Quick Slash"],"picked":"Backflip","floor":14}],"player_experience":744749,"relics_obtained":[{"floor":7,"key":"Juzu Bracelet"},{"floor":9,"key":"Orichalcum"}],"event_choices":[{"cards_removed":["Defend_G"],"damage_healed":0,"gold_gain":0,"player_choice":"Card Removal","damage_taken":0,"max_hp_gain":0,"max_hp_loss":0,"event_name":"The Cleric","floor":2,"gold_loss":75},{"damage_healed":0,"gold_gain":0,"player_choice":"Entered Light","damage_taken":20,"max_hp_gain":0,"max_hp_loss":0,"event_name":"Shining Light","floor":3,"gold_loss":0,"cards_upgraded":["Strike_G","Strike_G"]}],"is_beta":false,"boss_relics":[],"items_purged_floors":[11],"is_endless":false,"potions_floor_spawned":[4,5,14],"killed_by":"Slime Boss","ascension_level":20}}