{"host":"ow9msrs9p2ctkx99","time":1607897670,"event":{"mods":["AchievementEnabler","BaseMod","Colored Map","Colored Powertips","Minty Spire (QoL Compilation)","Permanent Neow","Quick Restart","SuperFastMode"],"gold_per_floor":[218,218,65,84,84,115,138,176,213,249,275,462,489,514,526,538,538],"floor_reached":16,"playtime":335,"items_purged":["Regret"],"score":177,"play_id":"fe12be8e-1adf-4b72-a890-d4d0163c2343","local_time":"20201213231430","is_ascension_mode":true,"campfire_choices":[{"floor":15,"key":"REST"}],"circlet_count":0,"master_deck":["AscendersBane","Strike_B","Strike_B","Strike_B","Strike_B","Defend_B","Defend_B","Defend_B","Defend_B","Zap","Dualcast","Steam","Capacitor","Machine Learning","Sweeping Beam","Coolheaded","BootSequence","White Noise","Barrage","Doubt","Tempest","Coolheaded"],"relics":["Cracked Core","Blood Vial","Golden Idol","Bag of Marbles","MawBank","Happy Flower"],"acts_visited":["Exordium"],"potions_floor_usage":[6,8,16],"damage_taken":[{"damage":1,"enemies":"Cultist","floor":1,"turns":3},{"damage":6,"enemies":"2 Louse","floor":4,"turns":3},{"damage":38,"enemies":"Lagavulin","floor":6,"turns":9},{"damage":1,"enemies":"Jaw Worm","floor":7,"turns":3},{"damage":27,"enemies":"Gremlin Nob","floor":8,"turns":4},{"damage":9,"enemies":"Large Slime","floor":10,"turns":7},{"damage":2,"enemies":"Red Slaver","floor":11,"turns":3},{"damage":2,"enemies":"Blue Slaver","floor":13,"turns":3},{"damage":4,"enemies":"2 Fungi Beasts","floor":14,"turns":3},{"damage":33,"enemies":"Slime Boss","floor":16,"turns":6}],"seed_played":"-6165611071949310604","potions_obtained":[{"floor":4,"key":"Regen Potion"},{"floor":7,"key":"Weak Potion"},{"floor":8,"key":"FocusPotion"}],"is_trial":false,"path_per_floor":["M","?","$","M","?","E","M","E","T","M","M","?","M","M","R","B"],"character_chosen":"DEFECT","items_purchased":["Capacitor"],"campfire_rested":1,"item_purchase_floors":[3],"current_hp_per_floor":[67,67,67,63,63,41,42,17,17,10,10,10,10,8,28,0,0],"gold":538,"neow_bonus":"HUNDRED_GOLD","is_daily":false,"chose_seed":false,"campfire_upgraded":0,"win_rate":0.0,"timestamp":1607897670,"path_taken":["M","?","$","M","?","E","M","E","T","M","M","?","?","M","R","BOSS"],"items_purchased_type":["Card"],"build_version":"2020-11-30","purchased_purges":1,"victory":false,"max_hp_per_floor":[75,75,75,75,69,69,69,69,69,69,69,69,69,69,69,69,69],"card_choices":[{"not_picked":["Stack","Hologram"],"picked":"Steam","floor":1},{"not_picked":["Stack","Leap"],"picked":"Machine Learning","floor":4},{"not_picked":["Compile Driver","Stack"],"picked":"Sweeping Beam","floor":6},{"not_picked":["Stack","Turbo"],"picked":"Coolheaded","floor":7},{"not_picked":["Streamline","Redo"],"picked":"BootSequence","floor":8},{"not_picked":["Static Discharge","Redo"],"picked":"White Noise","floor":10},{"not_picked":["White Noise","Stack"],"picked":"Barrage","floor":11},{"not_picked":["Hologram","Biased Cognition"],"picked":"Tempest","floor":13},{"not_picked":["Leap","Cold Snap"],"picked":"Coolheaded","floor":14}],"player_experience":1045205,"relics_obtained":[{"floor":6,"key":"Bag of Marbles"},{"floor":8,"key":"MawBank"},{"floor":9,"key":"Happy Flower"}],"event_choices":[{"damage_healed":0,"gold_gain":0,"player_choice":"Box","damage_taken":0,"relics_obtained":["Blood Vial"],"max_hp_gain":0,"max_hp_loss":0,"event_name":"Big Fish","floor":2,"gold_loss":0,"cards_obtained":["Regret"]},{"damage_healed":0,"gold_gain":0,"player_choice":"Lose Max HP","damage_taken":0,"relics_obtained":["Golden Idol"],"max_hp_gain":0,"max_hp_loss":6,"event_name":"Golden Idol","floor":5,"gold_loss":0},{"damage_healed":0,"gold_gain":175,"player_choice":"AGREE","damage_taken":0,"max_hp_gain":0,"max_hp_loss":0,"event_name":"Liars Game","floor":12,"gold_loss":0,"cards_obtained":["Doubt"]}],"is_beta":false,"boss_relics":[],"items_purged_floors":[3],"is_endless":false,"potions_floor_spawned":[4,7,8],"killed_by":"Slime Boss","ascension_level":11}}