{"host":"kw4o7b3ro2ktmmbe","time":1607846701,"event":{"mods":["BaseMod","Minty Spire (QoL Compilation)","StSLib","The Death Knight","Treasure Hunter"],"gold_per_floor":[113,128,145,158,224,224,224,252,303,303,303,317,317,77,77,176,176,189,189,189,33,48,48,48],"floor_reached":23,"playtime":1224,"items_purged":[],"score":208,"play_id":"a1a720c5-4be1-497e-8eeb-2e80b12c5cb3","local_time":"20201213210501","is_ascension_mode":true,"campfire_choices":[{"data":"DeathKnight:RuneTap","floor":6.0,"key":"SMITH"},{"data":"TH:ElvenBoots","floor":10.0,"key":"SMITH"},{"data":"DeathKnight:Pestilence","floor":15.0,"key":"SMITH"}],"circlet_count":0,"master_deck":["DeathKnight:Strike_DeathKnight+1","DeathKnight:Strike_DeathKnight+1","DeathKnight:Strike_DeathKnight+1","DeathKnight:Strike_DeathKnight+1","DeathKnight:Strike_DeathKnight+1","DeathKnight:Defend_DeathKnight+1","DeathKnight:Defend_DeathKnight+1","DeathKnight:Defend_DeathKnight+1","DeathKnight:Defend_DeathKnight+1","DeathKnight:Defend_DeathKnight+1","DeathKnight:RuneTap+1","DeathKnight:RuneStrike","DeathKnight:Contagion","DeathKnight:PlagueStrike","DeathKnight:Pestilence+1","TH:ElvenBoots+1","TH:BikiniMail","DeathKnight:Pestilence","TH:ArmorSpikes","TH:DeckOfManyThings","DeathKnight:UnholyExperiment","DeathKnight:DeathStrike"],"relics":["DeathKnight:BrokenRuneblade","Gremlin Horn","Pen Nib","Vajra","InkBottle","Matryoshka","SlaversCollar","Toolbox"],"acts_visited":["Exordium","TheCity"],"potions_floor_usage":[23,23,23],"damage_taken":[{"damage":4.0,"enemies":"Small Slimes","floor":1.0,"turns":4.0},{"damage":1.0,"enemies":"Cultist","floor":2.0,"turns":3.0},{"damage":6.0,"enemies":"Jaw Worm","floor":3.0,"turns":4.0},{"damage":3.0,"enemies":"Exordium Wildlife","floor":4.0,"turns":4.0},{"damage":21.0,"enemies":"Gremlin Nob","floor":8.0,"turns":4.0},{"damage":4.0,"enemies":"Red Slaver","floor":12.0,"turns":3.0},{"damage":17.0,"enemies":"Hexaghost","floor":16.0,"turns":6.0},{"damage":44.0,"enemies":"2 Thieves","floor":18.0,"turns":4.0},{"damage":15.0,"enemies":"Shell Parasite","floor":22.0,"turns":4.0},{"damage":26,"enemies":"Slavers","floor":23,"turns":2}],"seed_played":"3042329145159376368","potions_obtained":[{"floor":2.0,"key":"Explosive Potion"},{"floor":8.0,"key":"Block Potion"},{"floor":16.0,"key":"Fire Potion"}],"is_trial":false,"path_per_floor":["M","M","M","M","?","R","?","E","T","R","?","M","T","$","R","B",null,"M","?","?","$","M","E"],"character_chosen":"DEATH_KNIGHT","items_purchased":["Matryoshka","Toolbox"],"campfire_rested":0,"item_purchase_floors":[14,21],"current_hp_per_floor":[78,77,71,68,68,68,65,44,44,44,44,40,40,40,40,23,82,38,38,38,38,23,0,0],"gold":48,"neow_bonus":"TEN_PERCENT_HP_BONUS","is_daily":false,"chose_seed":false,"campfire_upgraded":3,"win_rate":0.0,"timestamp":1607846701,"path_taken":["M","M","M","M","?","R","?","E","T","R","?","?","?","?","R","BOSS","M","?","?","?","M","E"],"items_purchased_type":["Relic","Relic"],"build_version":"2020-11-30","purchased_purges":0,"victory":false,"max_hp_per_floor":[82,82,82,82,82,82,82,82,82,82,82,82,82,82,82,82,82,82,82,82,82,82,82,82],"card_choices":[{"not_picked":["DeathKnight:PathOfFrost","DeathKnight:RuneShock","DeathKnight:Hemostasis"],"picked":"SKIP","floor":1.0},{"not_picked":["DeathKnight:ScourgeStrike","DeathKnight:PathOfFrost"],"picked":"DeathKnight:Contagion","floor":2.0},{"not_picked":["DeathKnight:Pestilence","DeathKnight:FesteringStrike"],"picked":"DeathKnight:PlagueStrike","floor":3.0},{"not_picked":["DeathKnight:UnholyFrenzy","DeathKnight:Parry"],"picked":"DeathKnight:Pestilence","floor":4.0},{"not_picked":["TH:EnergyPotion"],"picked":"TH:ElvenBoots","floor":8.0},{"not_picked":["DeathKnight:Runeguard","DeathKnight:ShatteringStrikes","DeathKnight:Hemostasis"],"picked":"SKIP","floor":8.0},{"not_picked":["TH:Mimic"],"picked":"TH:BikiniMail","floor":9.0},{"not_picked":["DeathKnight:BloodEchoes","DeathKnight:ShatteringStrikes"],"picked":"DeathKnight:Pestilence","floor":12.0},{"not_picked":["TH:ElvenBoots"],"picked":"TH:ArmorSpikes","floor":13.0},{"not_picked":["TH:Mimic"],"picked":"TH:DeckOfManyThings","floor":16.0},{"not_picked":["DeathKnight:ReapingStrike","DeathKnight:SindragosasBreath"],"picked":"DeathKnight:UnholyExperiment","floor":16.0},{"not_picked":["DeathKnight:RuneShock+1","DeathKnight:HornOfWinter","DeathKnight:BloodTap+1"],"picked":"SKIP","floor":18.0},{"not_picked":["DeathKnight:Parry+1","DeathKnight:Obliterate"],"picked":"DeathKnight:DeathStrike","floor":22.0}],"player_experience":1762831,"relics_obtained":[{"floor":8.0,"key":"Pen Nib"},{"floor":9.0,"key":"Vajra"},{"floor":13.0,"key":"InkBottle"}],"event_choices":[{"damage_healed":0.0,"max_hp_gain":0.0,"max_hp_loss":0.0,"gold_gain":66.0,"event_name":"Golden Wing","player_choice":"Gained Gold","floor":5.0,"gold_loss":0.0,"damage_taken":0.0},{"damage_healed":0.0,"max_hp_gain":0.0,"max_hp_loss":0.0,"gold_gain":0.0,"event_name":"Scrap Ooze","player_choice":"Success","floor":7.0,"gold_loss":0.0,"damage_taken":3.0,"relics_obtained":["Gremlin Horn"]},{"damage_healed":0.0,"max_hp_gain":0.0,"max_hp_loss":0.0,"gold_gain":0.0,"event_name":"Match and Keep!","player_choice":"0 cards matched","floor":11.0,"gold_loss":0.0,"damage_taken":0.0,"cards_obtained":[]},{"damage_healed":0.0,"max_hp_gain":0.0,"max_hp_loss":0.0,"gold_gain":0.0,"event_name":"Ghosts","player_choice":"Ignored","floor":19.0,"gold_loss":0.0,"damage_taken":0.0},{"damage_healed":0.0,"max_hp_gain":0.0,"max_hp_loss":0.0,"gold_gain":0.0,"event_name":"Back to Basics","player_choice":"Simplicity","floor":20.0,"gold_loss":0.0,"damage_taken":0.0,"cards_upgraded":["DeathKnight:Strike_DeathKnight","DeathKnight:Strike_DeathKnight","DeathKnight:Strike_DeathKnight","DeathKnight:Strike_DeathKnight","DeathKnight:Strike_DeathKnight","DeathKnight:Defend_DeathKnight","DeathKnight:Defend_DeathKnight","DeathKnight:Defend_DeathKnight","DeathKnight:Defend_DeathKnight","DeathKnight:Defend_DeathKnight"]}],"is_beta":false,"boss_relics":[{"not_picked":["Ectoplasm","Cursed Key"],"picked":"SlaversCollar"}],"items_purged_floors":[],"is_endless":false,"potions_floor_spawned":[2,8,16],"killed_by":"Slavers","ascension_level":2}}