{"host":"mvw7i28zi3kj0eu9","time":1607853889,"event":{"mods":["AchievementEnabler","BaseMod","Better Third Choice","BetterRewards","Block Reminder","Conspire","Custom Start","Downfall","Energized Spire","Halation","Hermit","Hubris","Infinite Spire","Jorbs\u0027s Wanderer Trilogy","Minty Spire (QoL Compilation)","Replay The Spire","Shop Mod","Small Relic Pack","Spikes Relics","StSLib","The Blue Laboratory","The Necromancer","The Servant 0.9.4","Virulent Crown"],"gold_per_floor":[117,117,42,70,80,112,112,127,176,210,210,210,210,210,210,320,320,338,349,449,449,345,379,379,390,390,390,420,420,439,459,459,559,568,579,583,605,605,605,641,661,661,661,675,675,675,703,718,718,822,822,831,906,911,911,706,706,732,732,732,732,745,745,762,762,762,862,862,863,874,874,874,874,874,894,902,925,925,934,944,944,966,966,1060,1060,1068,968,981,931,931,955,955,955,981,981,981,1004,1004,1034,1034,1138,1138,1154,1154,1092,1117,1117,1117,1117,1117],"floor_reached":109,"playtime":1746,"items_purged":["Strike_R","Defend_R","Strike_R","Strike_R","Defend_R","Defend_R","Strike_R","Feed+2"],"score":2527,"play_id":"b3be76b6-0a0a-4424-846f-6713c2b422f7","local_time":"20201213110449","is_ascension_mode":false,"campfire_choices":[{"data":"Heavy Blade","floor":7.0,"key":"SMITH"},{"data":"Feed","floor":12.0,"key":"SMITH"},{"data":"Flex","floor":15.0,"key":"SMITH"},{"data":"Heavy Blade+1","floor":24.0,"key":"SMITH"},{"data":"Heavy Blade+2","floor":27.0,"key":"SMITH"},{"data":"Heavy Blade+3","floor":29.0,"key":"SMITH"},{"data":"Heavy Blade+4","floor":32.0,"key":"SMITH"},{"data":"Limit Break","floor":42.0,"key":"SMITH"},{"data":"Feed+1","floor":46,"key":"SMITH"},{"data":"Heavy Blade+5","floor":49,"key":"SMITH"},{"data":"Bash","floor":57,"key":"SMITH"},{"data":"Reaper","floor":59,"key":"SMITH"},{"data":"Heavy Blade+6","floor":61,"key":"SMITH"},{"data":"Heavy Blade+7","floor":66,"key":"SMITH"},{"data":"Heavy Blade+8","floor":74,"key":"SMITH"},{"data":"Heavy Blade+9","floor":78,"key":"SMITH"},{"data":"Heavy Blade+10","floor":81,"key":"SMITH"},{"data":"Heavy Blade+11","floor":83,"key":"SMITH"},{"data":"Heavy Blade+12","floor":92,"key":"SMITH"},{"data":"Heavy Blade+13","floor":93,"key":"SMITH"},{"data":"Heavy Blade+14","floor":95,"key":"SMITH"},{"data":"Heavy Blade+15","floor":100,"key":"SMITH"},{"data":"Heavy Blade+16","floor":108,"key":"SMITH"}],"circlet_count":0,"master_deck":["Heavy Blade+17","Flex+2","CurseOfTheBell","Entrench+1","Limit Break+1"],"relics":["Burning Blood","Lizard Tail","halation:PromiseList","relicPack:SpireResearchBook","Lantern","Membership Card","Tiny Chest","HornCleat","hubris:OldNail","Gremlin Food","Anchor","Frozen Egg 2","Shovel","CeramicFish","Oddly Smooth Stone","Brimstone","Orichalcum","infinitespire:ShieldingShard","conspire:DeflatedDodgeball","PreservedInsect","Replay:Baseball","Calipers","Centennial Puzzle","MealTicket","hubris:FruitBowl","hubris:EvacipatedBox","The Courier","ClockworkSouvenir","InkBottle","conspire:InfiniteJournal","Replay:Wanted Poster","Blue Doll","halation:QuantumPhysicsTextbook","hubris:SlimyHat","SpikesRelics:DaevaFist","halation:Toothbrush","Pondfish Scales","MerchantsRug","Sling","Sundial","hubris:IronBody","SlaversCollar","War Paint","Replay:WaspNest","Philosopher\u0027s Stone","infinitespire:Broken Mirror","Toxic Egg 2","infinitespire:WardingShard","ReplayTheSpireMod:Spearhead","hubris:TerracottaHorce","relicPack:AllForOne","infinitespire:Beetle Shell","Smiling Mask","Durian","Juzu Bracelet","halation:PrussianBluePaint","Replay:Bandana","Dream Catcher","infinitespire:Satchel","Regal Pillow"],"acts_visited":["Exordium","TheCity","TheBeyond","Exordium","TheCity","TheBeyond","Exordium"],"potions_floor_usage":[],"damage_taken":[{"damage":0.0,"enemies":"Jaw Worm","floor":1.0,"turns":2.0},{"damage":0.0,"enemies":"Cultist","floor":4.0,"turns":2.0},{"damage":0.0,"enemies":"infinitespire:Voidling","floor":5.0,"turns":1.0},{"damage":0.0,"enemies":"Lagavulin","floor":6.0,"turns":2.0},{"damage":0.0,"enemies":"Lots of Slimes","floor":8.0,"turns":3.0},{"damage":0.0,"enemies":"Gremlin Nob","floor":10.0,"turns":2.0},{"damage":0.0,"enemies":"Slime Boss","floor":16.0,"turns":3.0},{"damage":0.0,"enemies":"conspire:FuzzyDice","floor":18.0,"turns":2.0},{"damage":0.0,"enemies":"Chosen","floor":19.0,"turns":2.0},{"damage":0.0,"enemies":"conspire:SneckoGhost","floor":23.0,"turns":3.0},{"damage":0.0,"enemies":"Snake Plant","floor":25.0,"turns":1.0},{"damage":0.0,"enemies":"Nightmare","floor":28.0,"turns":2.0},{"damage":0.0,"enemies":"Chosen and Byrds","floor":30.0,"turns":2.0},{"damage":10.0,"enemies":"conspire:HollyBat","floor":31.0,"turns":4.0},{"damage":0.0,"enemies":"Automaton","floor":33.0,"turns":2.0},{"damage":0.0,"enemies":"Orb Walker","floor":35.0,"turns":2.0},{"damage":0.0,"enemies":"3 Darklings","floor":37.0,"turns":3.0},{"damage":0.0,"enemies":"R_Hoarder","floor":40.0,"turns":1.0},{"damage":0.0,"enemies":"Spire Growth","floor":41.0,"turns":2.0},{"damage":0.0,"enemies":"Writhing Mass","floor":44.0,"turns":1.0},{"damage":0,"enemies":"Nightmare","floor":47,"turns":1},{"damage":0,"enemies":"Maw","floor":48,"turns":1},{"damage":0,"enemies":"Replay:Hell Engine","floor":50,"turns":3},{"damage":0,"enemies":"Jaw Worm","floor":52,"turns":1},{"damage":0,"enemies":"2 Louse","floor":54,"turns":1},{"damage":0,"enemies":"Lagavulin","floor":58,"turns":1},{"damage":0,"enemies":"Cultist","floor":62,"turns":1},{"damage":0,"enemies":"Large Slime","floor":64,"turns":1},{"damage":0,"enemies":"The Guardian","floor":67,"turns":2},{"damage":0,"enemies":"3 Byrds","floor":69,"turns":2},{"damage":0,"enemies":"Chosen","floor":70,"turns":1},{"damage":0,"enemies":"Gremlin Leader","floor":75,"turns":1},{"damage":0,"enemies":"Snake Plant","floor":76,"turns":1},{"damage":0,"enemies":"Shelled Parasite and Fungi","floor":79,"turns":2},{"damage":0,"enemies":"Snecko","floor":80,"turns":2},{"damage":0,"enemies":"Book of Stabbing","floor":82,"turns":1},{"damage":0,"enemies":"Champ","floor":84,"turns":1},{"damage":0,"enemies":"3 Darklings","floor":86,"turns":2},{"damage":0,"enemies":"3 Shapes","floor":88,"turns":1},{"damage":0,"enemies":"R_Hoarder","floor":91,"turns":1},{"damage":0,"enemies":"Nightmare","floor":99,"turns":1},{"damage":0,"enemies":"infinitespire:MassOfShapes","floor":101,"turns":1},{"damage":0,"enemies":"2 Louse","floor":103,"turns":2},{"damage":0,"enemies":"3 Sentries","floor":109,"turns":1}],"seed_played":"7194983779943480791","potions_obtained":[{"floor":4.0,"key":"Ancient Potion"},{"floor":16.0,"key":"BlessingOfTheForge"},{"floor":25.0,"key":"blueLaboratory:ConflagurationPotion"}],"is_trial":false,"path_per_floor":["M","?","$","M","M","E","R","M","T","E","$","R","T","?","R","B",null,"M","M","AVR","?","$","E","R","M","T","R","NM","R","M","M","R","B",null,"M","$","M","?","T","E","M","R","T","M","AVR","R","NM","M","R","B",null,"M","?","M","T","$","R","E","R","T","R","M","?","M","$","R","B",null,"M","M","?","T","?","R","E","M","T","R","M","M","R","E","R","B",null,"M","NS","M","$","?","E","R","R","T","R","?","T","?","NM","R","B",null,"M","?","?","T","?","R","E"],"character_chosen":"IRONCLAD","items_purchased":["Lizard Tail","halation:PromiseList","relicPack:SpireResearchBook","Heavy Blade","Lantern","Membership Card","Tiny Chest","HornCleat","hubris:OldNail","Gremlin Food","Anchor","Frozen Egg 2","Shovel","Flex","CeramicFish","Oddly Smooth Stone","Brimstone","Orichalcum","infinitespire:ShieldingShard","conspire:DeflatedDodgeball","PreservedInsect","Replay:Baseball","hubris:FruitBowl","hubris:EvacipatedBox","The Courier","ClockworkSouvenir","infinitespire:Bottled Soul","MerchantsRug","Sling","Toxic Egg 2","infinitespire:WardingShard","Juzu Bracelet"],"campfire_rested":0,"item_purchase_floors":[0,0,0,0,0,0,0,0,0,0,0,0,0,0,0,0,0,0,0,0,0,0,11,11,11,11,22,36,36,56,56,89],"current_hp_per_floor":[80,80,80,80,80,80,80,80,80,80,17,17,17,17,17,23,80,86,92,92,92,92,92,92,92,92,92,92,92,98,100,100,110,110,116,120,120,124,124,124,124,124,124,124,128,128,128,128,128,128,128,135,122,128,128,135,135,135,135,135,135,135,135,135,135,135,142,142,149,149,149,149,149,149,149,149,149,149,156,163,163,170,170,170,170,177,185,192,196,200,200,200,200,200,200,200,200,200,200,200,200,200,200,200,200,200,200,200,200,200],"gold":1117,"neow_bonus":"","is_daily":false,"chose_seed":false,"campfire_upgraded":23,"win_rate":0.0,"timestamp":1607853889,"path_taken":["M","?","$","?","M","E","R","M","T","E","?","R","?","?","R","BOSS","M","M","AVR","?","$","E","R","M","T","R","NM","R","M","M","R","BOSS","M","$","M","?","?","E","M","R","T","M","AVR","R","NM","?","R","BOSS","M","?","?","?","$","R","E","R","T","R","M","?","M","$","R","BOSS","M","?","?","?","?","R","E","M","T","R","M","M","R","E","R","BOSS","M","NS","M","$","?","E","R","R","T","R","?","?","?","NM","R","BOSS","M","?","?","?","?","R","E"],"items_purchased_type":["Relic","Relic","Relic","Card","Relic","Relic","Relic","Relic","Relic","Relic","Relic","Relic","Relic","Card","Relic","Relic","Relic","Relic","Relic","Relic","Relic","Relic","Relic","Relic","Relic","Relic","Relic","Relic","Relic","Relic","Relic","Relic"],"build_version":"2020-11-30","purchased_purges":8,"victory":false,"max_hp_per_floor":[80,80,80,80,80,80,80,80,80,80,80,80,80,80,80,80,80,86,92,92,92,92,92,92,92,92,92,92,92,98,104,104,110,110,116,120,120,124,124,124,124,124,124,124,128,128,128,128,128,128,128,135,135,135,135,135,135,135,135,135,135,135,135,135,135,135,142,142,149,149,149,149,149,149,149,149,149,149,156,163,163,170,170,170,170,177,185,192,196,200,200,200,200,200,200,200,200,200,200,200,200,200,200,200,200,200,200,200,200,200],"card_choices":[{"not_picked":["Armaments","Perfected Strike","Headbutt"],"picked":"SKIP","floor":1.0},{"not_picked":["True Grit","Massacre"],"picked":"Inflame+1","floor":4.0},{"not_picked":["Shrug It Off","Clash","Replay:Undeath\u0027s Touch"],"picked":"SKIP","floor":5.0},{"not_picked":["Reaper","Sword Boomerang","Perfected Strike"],"picked":"SKIP","floor":6.0},{"not_picked":["ReplayTheSpireMod:Limb From Limb","Warcry","conspire:Charge"],"picked":"SKIP","floor":8.0},{"not_picked":["Searing Blow","Perfected Strike"],"picked":"Feed","floor":10.0},{"not_picked":["conspire:Purge","Barricade+1"],"picked":"Reaper","floor":16.0},{"not_picked":["Perfected Strike","Entrench","Shrug It Off"],"picked":"SKIP","floor":18.0},{"not_picked":["True Grit+1","Sever Soul","Heavy Blade"],"picked":"SKIP","floor":19.0},{"not_picked":["ReplayTheSpireMod:Strike From Hell","Run Through+1","Heavy Blade"],"picked":"SKIP","floor":23.0},{"not_picked":["Disarm+1","Sentinel","Armaments"],"picked":"SKIP","floor":25.0},{"not_picked":["Massacre+1","Run Through","Armaments"],"picked":"SKIP","floor":28.0},{"not_picked":["Hemokinesis+1","Warcry","Flex"],"picked":"SKIP","floor":30.0},{"not_picked":["ReplayTheSpireMod:Strike From Hell","Spot Weakness","Flex"],"picked":"SKIP","floor":31.0},{"not_picked":["Perfected Strike","Pummel","ReplayTheSpireMod:Strike From Hell+1"],"picked":"SKIP","floor":35.0},{"not_picked":["Flex","hubris:ReadiedAction"],"picked":"Entrench+1","floor":37.0},{"not_picked":["conspire:Charge+1","Havoc"],"picked":"Limit Break","floor":40.0},{"not_picked":["Armaments","Flex+1","Cleave"],"picked":"SKIP","floor":41.0},{"not_picked":["Headbutt","Body Slam+1","True Grit+1"],"picked":"SKIP","floor":44.0},{"not_picked":["ReplayTheSpireMod:Strike From Hell+1","Replay:Undeath\u0027s Touch","Defy Death+1"],"picked":"SKIP","floor":47},{"not_picked":["Wild Strike","Intimidate","Sword Boomerang+1"],"picked":"SKIP","floor":48},{"not_picked":["Pommel Strike","Thunderclap","Battle Trance"],"picked":"SKIP","floor":52},{"not_picked":["Sword Boomerang","Warcry","Combust+1"],"picked":"SKIP","floor":54},{"not_picked":["Hemogenesis","ReplayTheSpireMod:Muscle Training+1","Replay:Undeath\u0027s Touch"],"picked":"SKIP","floor":58},{"not_picked":["Flex+1","Body Slam","hubris:SharpeningStone+1"],"picked":"SKIP","floor":62},{"not_picked":["True Grit+1","Havoc+1","ReplayTheSpireMod:Limb From Limb"],"picked":"SKIP","floor":64},{"not_picked":["Clothesline","Thunderclap","Evolve+1"],"picked":"SKIP","floor":69},{"not_picked":["Clash+1","Flex+1","Sword Boomerang"],"picked":"SKIP","floor":70},{"not_picked":["Feel No Pain+1","Shrug It Off+1","Impervious+1"],"picked":"SKIP","floor":75},{"not_picked":["Wild Strike","Cleave","Power Through+1"],"picked":"SKIP","floor":76},{"not_picked":["Anger","Rage+1","Perfected Strike+1"],"picked":"SKIP","floor":79},{"not_picked":["hubris:CleavingFinish","Thunderclap","Headbutt+1"],"picked":"SKIP","floor":80},{"not_picked":["Feel No Pain+1","Pommel Strike+1","Anger"],"picked":"SKIP","floor":82},{"not_picked":["Inflame+1","Flex+1","Dropkick+1"],"picked":"SKIP","floor":86},{"not_picked":["Headbutt","hubris:CleavingFinish+1","Clash"],"picked":"SKIP","floor":88},{"not_picked":["Heavy Blade","Immolate","hubris:CleavingFinish"],"picked":"SKIP","floor":91},{"not_picked":["Battle Trance+1","Iron Wave+1","Cleave"],"picked":"SKIP","floor":99},{"not_picked":["Battle Trance+1","Iron Wave+1","Cleave"],"picked":"SKIP","floor":99},{"not_picked":["Perfected Strike","hubris:ReadiedAction+1","ReplayTheSpireMod:Corrosion Curse+1"],"picked":"SKIP","floor":103}],"player_experience":832522,"relics_obtained":[{"floor":6.0,"key":"Calipers"},{"floor":9.0,"key":"Centennial Puzzle"},{"floor":10.0,"key":"MealTicket"},{"floor":13.0,"key":"InkBottle"},{"floor":23.0,"key":"Blue Candle"},{"floor":26.0,"key":"halation:QuantumPhysicsTextbook"},{"floor":28.0,"key":"hubris:SlimyHat"},{"floor":34.0,"key":"SpikesRelics:DaevaFist"},{"floor":34.0,"key":"halation:Toothbrush"},{"floor":34.0,"key":"Pondfish Scales"},{"floor":40.0,"key":"Sundial"},{"floor":43.0,"key":"hubris:IronBody"},{"floor":47,"key":"Replay:WaspNest"},{"floor":55,"key":"infinitespire:Broken Mirror"},{"floor":58,"key":"ReplayTheSpireMod:Spearhead"},{"floor":72,"key":"infinitespire:Beetle Shell"},{"floor":77,"key":"Smiling Mask"},{"floor":82,"key":"Durian"},{"floor":94,"key":"halation:PrussianBluePaint"},{"floor":97,"key":"Replay:Bandana"},{"floor":99,"key":"Dream Catcher"},{"floor":106,"key":"Regal Pillow"}],"event_choices":[{"cards_removed":["Defend_R"],"damage_healed":0.0,"max_hp_gain":0.0,"max_hp_loss":0.0,"gold_gain":0.0,"event_name":"Bonfire Elementals","player_choice":"Offered Basic","floor":2.0,"gold_loss":0.0,"damage_taken":0.0},{"damage_healed":0.0,"max_hp_gain":0.0,"max_hp_loss":0.0,"gold_gain":0.0,"event_name":"conspire:LoneGhost","player_choice":"Disagree","floor":14.0,"gold_loss":0.0,"damage_taken":0.0},{"cards_removed":["Strike_R"],"damage_healed":0.0,"max_hp_gain":0.0,"max_hp_loss":0.0,"gold_gain":0.0,"event_name":"Falling","player_choice":"Removed Attack","floor":38.0,"gold_loss":0.0,"damage_taken":0.0},{"damage_healed":0,"gold_gain":75,"player_choice":"Touch","damage_taken":13,"max_hp_gain":0,"max_hp_loss":0,"event_name":"FaceTrader","floor":53,"gold_loss":0},{"damage_healed":0,"gold_gain":0,"player_choice":"Ignored","damage_taken":0,"max_hp_gain":0,"max_hp_loss":0,"event_name":"Transmorgrifier","floor":63,"gold_loss":0},{"cards_removed":["Reaper"],"damage_healed":0,"gold_gain":0,"player_choice":"Removed Attack","damage_taken":0,"max_hp_gain":0,"max_hp_loss":0,"event_name":"Falling","floor":90,"gold_loss":0},{"damage_healed":0,"gold_gain":0,"player_choice":"Bought 0 Potions","damage_taken":0,"max_hp_gain":0,"max_hp_loss":0,"event_name":"The Woman in Blue","floor":104,"gold_loss":0},{"damage_healed":0,"gold_gain":0,"player_choice":"Paid Gold","damage_taken":0,"relics_obtained":["infinitespire:Satchel"],"max_hp_gain":0,"max_hp_loss":0,"event_name":"WeMeetAgain","floor":105,"gold_loss":62}],"is_beta":false,"boss_relics":[{"not_picked":["Mark of Pain","hubris:Stopwatch","halation:SmartPhone"],"picked":"hubris:Backtick"},{"not_picked":["Painkiller Herb","halation:MonkeysPaw","ChewingGum"],"picked":"Calling Bell"},{"not_picked":["Honey Jar","halation:Risk","hubris:BlackHole"],"picked":"Philosopher\u0027s Stone"},{"not_picked":["halation:HeavySnake","halation:LoveArrow","hubris:ScarierMask"],"picked":"hubris:TerracottaHorce"},{"not_picked":["Velvet Choker","Calling Bell","Astrolabe","halation:PinkAlligatorPlush"]},{"not_picked":["halation:ForbiddenBikini","Mark of Pain","halation:Risk","Kintsugi"]}],"items_purged_floors":[0,0,0,3,20,36,45,89],"is_endless":true,"potions_floor_spawned":[4,5,16,25,28,31,35,40,44,54,64,75,80,88,101],"killed_by":"3 Sentries","ascension_level":0}}