{"host":"9ndbo4kgsfoemf7y","time":1607847102,"event":{"mods":["AchievementEnabler","BaseMod","Colored Map","DeckTracker","Keyboard Shortcuts","Minty Spire (QoL Compilation)","Permanent Neow","Quick Restart","Relic Stats","StSLib","SuperFastMode"],"gold_per_floor":[116,116,41,41,58,88,88,115,115,40,40,55,74,74,74,148,148,161,172,3,23,73,73,107,107,161,161,175,175,175,32,32,109,109,122,137,182,39,54,87,87,100,100,150,150,162,172,199,199,199],"floor_reached":51,"playtime":1629,"items_purged":["Strike_G"],"score":1464,"play_id":"4a57c45b-ba3b-4a36-ae4d-2f579abfcf31","local_time":"20201213171142","is_ascension_mode":true,"campfire_choices":[{"data":"Crippling Poison","floor":7.0,"key":"SMITH"},{"floor":11.0,"key":"REST"},{"data":"Heel Hook","floor":15.0,"key":"SMITH"},{"data":"Master of Strategy","floor":23.0,"key":"SMITH"},{"data":"Grand Finale","floor":25.0,"key":"SMITH"},{"data":"Heel Hook","floor":27.0,"key":"SMITH"},{"data":"Leg Sweep","floor":30.0,"key":"SMITH"},{"data":"Backflip","floor":32.0,"key":"SMITH"},{"data":"Neutralize","floor":41.0,"key":"SMITH"},{"data":"Survivor","floor":45.0,"key":"SMITH"},{"data":"Defend_G","floor":49,"key":"SMITH"}],"circlet_count":0,"master_deck":["AscendersBane","Strike_G","Defend_G","Defend_G","Defend_G+1","Survivor+1","Neutralize+1","Heel Hook+1","Leg Sweep+1","Heel Hook+1","Crippling Poison+1","Backflip+1","Grand Finale+1","Master of Strategy+1"],"relics":["Ring of the Snake","Matryoshka","Meat on the Bone","Omamori","Pantograph","Busted Crown","Akabeko","Dream Catcher","Bag of Marbles","Medical Kit","Runic Pyramid","Gambling Chip","Centennial Puzzle","Potion Belt","Bird Faced Urn","Orichalcum"],"acts_visited":["Exordium","TheCity","TheBeyond"],"potions_floor_usage":[],"damage_taken":[{"damage":0.0,"enemies":"Small Slimes","floor":1.0,"turns":3.0},{"damage":1.0,"enemies":"2 Louse","floor":5.0,"turns":4.0},{"damage":31.0,"enemies":"3 Sentries","floor":6.0,"turns":14.0},{"damage":17.0,"enemies":"Gremlin Nob","floor":8.0,"turns":7.0},{"damage":0.0,"enemies":"Cultist","floor":12.0,"turns":4.0},{"damage":0.0,"enemies":"Blue Slaver","floor":13.0,"turns":4.0},{"damage":33.0,"enemies":"The Guardian","floor":16.0,"turns":18.0},{"damage":6.0,"enemies":"2 Thieves","floor":18.0,"turns":3.0},{"damage":0.0,"enemies":"Chosen","floor":19.0,"turns":4.0},{"damage":14.0,"enemies":"Snake Plant","floor":21.0,"turns":4.0},{"damage":0.0,"enemies":"Slavers","floor":24.0,"turns":1.0},{"damage":0.0,"enemies":"Sentry and Sphere","floor":28.0,"turns":3.0},{"damage":47.0,"enemies":"Champ","floor":33.0,"turns":15.0},{"damage":0.0,"enemies":"3 Shapes","floor":35.0,"turns":2.0},{"damage":0.0,"enemies":"Orb Walker","floor":36.0,"turns":2.0},{"damage":6.0,"enemies":"2 Orb Walkers","floor":37.0,"turns":2.0},{"damage":0.0,"enemies":"4 Shapes","floor":39.0,"turns":1.0},{"damage":1.0,"enemies":"Nemesis","floor":40.0,"turns":3.0},{"damage":0.0,"enemies":"Spire Growth","floor":42.0,"turns":2.0},{"damage":0.0,"enemies":"3 Darklings","floor":46.0,"turns":1.0},{"damage":0,"enemies":"Transient","floor":47,"turns":4},{"damage":0,"enemies":"Reptomancer","floor":48,"turns":1},{"damage":0,"enemies":"Donu and Deca","floor":50,"turns":3}],"seed_played":"-3091004783527793454","potions_obtained":[{"floor":6.0,"key":"EssenceOfSteel"},{"floor":8.0,"key":"SkillPotion"},{"floor":21.0,"key":"Regen Potion"},{"floor":24.0,"key":"Weak Potion"},{"floor":28.0,"key":"Explosive Potion"},{"floor":42.0,"key":"EssenceOfSteel"},{"floor":47,"key":"CultistPotion"}],"is_trial":false,"path_per_floor":["M","?","?","?","M","E","R","E","T","$","R","M","M","?","R","B",null,"M","M","$","M","?","R","E","R","T","R","M","?","R","$","R","B",null,"M","M","?","$","M","E","R","M","T","?","R","M","M","E","R","B",null],"character_chosen":"THE_SILENT","items_purchased":["Master of Strategy","Medical Kit","Centennial Puzzle"],"campfire_rested":1,"item_purchase_floors":[20,31,38],"current_hp_per_floor":[59,59,59,59,58,27,27,10,10,10,28,40,40,45,45,44,60,54,54,54,40,40,40,40,40,40,40,40,40,40,40,40,30,56,56,56,50,50,50,49,49,49,49,49,49,49,49,49,49,65],"gold":199,"neow_bonus":"REMOVE_TWO","is_daily":false,"chose_seed":false,"campfire_upgraded":10,"win_rate":0.0,"timestamp":1607847102,"path_taken":["M","?","?","?","M","E","R","E","T","$","R","M","?","?","R","BOSS","M","M","$","M","?","R","E","R","T","R","?","?","R","$","R","BOSS","M","M","?","$","M","E","R","M","T","?","R","?","M","E","R","BOSS"],"items_purchased_type":["Card","Relic","Relic"],"build_version":"2020-11-30","purchased_purges":1,"victory":true,"max_hp_per_floor":[60,60,60,60,60,60,60,60,60,60,60,60,60,65,65,65,65,65,65,65,65,65,65,65,65,65,65,65,65,65,65,65,65,65,65,65,65,65,65,65,65,65,65,65,65,65,65,65,65,65],"relic_stats":{"Dream Catcher":0,"Centennial Puzzle":[3],"Busted Crown":30,"counters":[23,105],"Pantograph":61,"Gambling Chip":[18],"Bird Faced Urn":[0],"Orichalcum":[0],"Medical Kit":[6],"obtain_stats":[{"Potion Belt":40,"Omamori":9,"Orichalcum":48,"Medical Kit":31,"Akabeko":24,"Dream Catcher":26,"Centennial Puzzle":38,"Matryoshka":6,"Busted Crown":17,"Pantograph":9,"Gambling Chip":37,"Bird Faced Urn":43,"Bag of Marbles":26,"Ring of the Snake":0,"Meat on the Bone":8,"Runic Pyramid":34},{"Potion Belt":18,"Omamori":4,"Orichalcum":22,"Medical Kit":12,"Akabeko":11,"Dream Catcher":11,"Centennial Puzzle":16,"Matryoshka":3,"Busted Crown":7,"Pantograph":4,"Gambling Chip":16,"Bird Faced Urn":19,"Bag of Marbles":11,"Ring of the Snake":0,"Meat on the Bone":4,"Runic Pyramid":13},{"Potion Belt":94,"Omamori":28,"Orichalcum":102,"Medical Kit":69,"Akabeko":66,"Dream Catcher":66,"Centennial Puzzle":90,"Matryoshka":21,"Busted Crown":54,"Pantograph":28,"Gambling Chip":90,"Bird Faced Urn":96,"Bag of Marbles":66,"Ring of the Snake":0,"Meat on the Bone":28,"Runic Pyramid":84}],"Ring of the Snake":[46],"Meat on the Bone":36},"card_choices":[{"not_picked":["Underhanded Strike","Escape Plan"],"picked":"Heel Hook","floor":1.0},{"not_picked":["Cloak And Dagger","Distraction"],"picked":"Heel Hook","floor":5.0},{"not_picked":["Flying Knee","Acrobatics"],"picked":"Crippling Poison","floor":6.0},{"not_picked":["Blade Dance","Underhanded Strike","Noxious Fumes"],"picked":"SKIP","floor":8.0},{"not_picked":["All Out Attack","Masterful Stab"],"picked":"Backflip","floor":12.0},{"not_picked":["Predator","Underhanded Strike","Sucker Punch"],"picked":"SKIP","floor":13.0},{"not_picked":["Unload","Corpse Explosion"],"picked":"Grand Finale","floor":16.0},{"not_picked":["Outmaneuver"],"picked":"SKIP","floor":18.0},{"not_picked":["Quick Slash"],"picked":"SKIP","floor":19.0},{"not_picked":["Concentrate"],"picked":"SKIP","floor":21.0},{"not_picked":["Dodge and Roll"],"picked":"SKIP","floor":24.0},{"not_picked":["Deadly Poison"],"picked":"SKIP","floor":28.0},{"not_picked":["Prepared"],"picked":"SKIP","floor":35.0},{"not_picked":["Dagger Spray"],"picked":"SKIP","floor":36.0},{"not_picked":["Footwork+1"],"picked":"SKIP","floor":39.0},{"not_picked":["Choke"],"picked":"SKIP","floor":40.0},{"not_picked":["Acrobatics"],"picked":"SKIP","floor":42.0},{"not_picked":["Quick Slash"],"picked":"SKIP","floor":46.0},{"not_picked":["Dodge and Roll"],"picked":"SKIP","floor":47},{"not_picked":["Reflex"],"picked":"SKIP","floor":48}],"player_experience":675001,"relics_obtained":[{"floor":6.0,"key":"Matryoshka"},{"floor":8.0,"key":"Meat on the Bone"},{"floor":9.0,"key":"Omamori"},{"floor":9.0,"key":"Pantograph"},{"floor":24.0,"key":"Akabeko"},{"floor":26.0,"key":"Dream Catcher"},{"floor":26.0,"key":"Bag of Marbles"},{"floor":37.0,"key":"Gambling Chip"},{"floor":40.0,"key":"Potion Belt"},{"floor":43.0,"key":"Bird Faced Urn"},{"floor":48,"key":"Orichalcum"}],"event_choices":[{"damage_healed":0.0,"max_hp_gain":0.0,"max_hp_loss":0.0,"gold_gain":0.0,"cards_transformed":["Strike_G"],"event_name":"Living Wall","player_choice":"Change","floor":2.0,"gold_loss":0.0,"damage_taken":0.0,"cards_obtained":["Leg Sweep"]},{"cards_removed":["Defend_G"],"damage_healed":0.0,"max_hp_gain":0.0,"max_hp_loss":0.0,"gold_gain":0.0,"event_name":"The Cleric","player_choice":"Card Removal","floor":3.0,"gold_loss":75.0,"damage_taken":0.0},{"cards_removed":["Strike_G"],"damage_healed":0.0,"max_hp_gain":0.0,"max_hp_loss":0.0,"gold_gain":0.0,"event_name":"Wheel of Change","player_choice":"Card Removal","floor":4.0,"gold_loss":0.0,"damage_taken":0.0},{"damage_healed":0.0,"max_hp_gain":5.0,"max_hp_loss":0.0,"gold_gain":0.0,"event_name":"Big Fish","player_choice":"Donut","floor":14.0,"gold_loss":0.0,"damage_taken":0.0},{"damage_healed":0.0,"max_hp_gain":0.0,"max_hp_loss":0.0,"gold_gain":50.0,"event_name":"Golden Shrine","player_choice":"Pray","floor":22.0,"gold_loss":0.0,"damage_taken":0.0},{"damage_healed":0.0,"max_hp_gain":0.0,"max_hp_loss":0.0,"gold_gain":0.0,"event_name":"Cursed Tome","player_choice":"Ignored","floor":29.0,"gold_loss":0.0,"damage_taken":0.0},{"damage_healed":0.0,"max_hp_gain":0.0,"max_hp_loss":0.0,"gold_gain":0.0,"event_name":"Mysterious Sphere","player_choice":"Fight","floor":37.0,"gold_loss":0.0,"damage_taken":0.0},{"damage_healed":0.0,"max_hp_gain":0.0,"max_hp_loss":0.0,"gold_gain":50.0,"event_name":"Golden Shrine","player_choice":"Pray","floor":44.0,"gold_loss":0.0,"damage_taken":0.0}],"is_beta":false,"boss_relics":[{"not_picked":["Snecko Eye","Philosopher\u0027s Stone"],"picked":"Busted Crown"},{"not_picked":["SacredBark","SlaversCollar"],"picked":"Runic Pyramid"}],"items_purged_floors":[10],"is_endless":false,"potions_floor_spawned":[6,8,21,24,28,33,39,42,47,48],"ascension_level":15}}