{"host":"auv68s8i97pkmhwr","time":1607859735,"event":{"mods":["AchievementEnabler","BaseMod","Best Route Mod","Bestiary","Better Altar","Better Match","Better Note","Better Sensory Stone","Better Skull","Better Third Choice","Better Vampires","BetterRewards","Block Reminder","Colored Map","Colored Powertips","Displayed Cursed Tome","Minty Spire (QoL Compilation)","StSLib","SuperFastMode","Uncapped","Unceasing Turn Reminder"],"gold_per_floor":[156,156,331,389,432,490,601,646,646,646,703,206,261,326,326,449,449,489,120,157,157,213,322,335,389,389,429,486,526,565,618,618,741,741,802,802,952,979,1017,1045,1105,1159,1159,1159,1215,1215,1235,559,559,584,584,584,35,61,61],"floor_reached":56,"playtime":2448,"items_purged":["Strike_R","Strike_R","Defend_R","Shame","Strike_R"],"score":2671,"play_id":"1baa6b57-8039-4909-bc76-a96f46a2b53a","local_time":"20201213194215","is_ascension_mode":true,"campfire_choices":[{"data":"Apotheosis","floor":15.0,"key":"SMITH"},{"data":"Barricade","floor":32.0,"key":"SMITH"},{"data":"Feel No Pain","floor":44,"key":"SMITH"},{"data":"Feel No Pain","floor":46,"key":"SMITH"},{"floor":49,"key":"RECALL"},{"data":"Limit Break","floor":52,"key":"SMITH"}],"circlet_count":0,"master_deck":["AscendersBane","Strike_R+1","Defend_R","Defend_R","Defend_R","Bash","Inflame","Shrug It Off","Inflame","Spot Weakness","HandOfGreed","Apotheosis+1","Shrug It Off","Limit Break+1","Disarm","Limit Break","Feel No Pain+1","Barricade+1","Feel No Pain+1","Sword Boomerang+1","Entrench","True Grit","Havoc+1","Double Tap","CurseOfTheBell","Reaper","Second Wind+1"],"relics":["Burning Blood","Unceasing Top","PreservedInsect","Pocketwatch","DollysMirror","Omamori","Thread and Needle","HandDrill","StrikeDummy","MealTicket","Regal Pillow","Matryoshka","OrangePellets","Orichalcum","Darkstone Periapt","Cursed Key","Dead Branch","Vajra","Charon\u0027s Ashes","Pantograph","Toy Ornithopter","Whetstone","Calling Bell","Bag of Preparation","The Courier","TungstenRod","Shovel","Red Skull","Juzu Bracelet","HornCleat","Ancient Tea Set","Bronze Scales","Anchor","Art of War","StoneCalendar","Membership Card","Paper Frog","Happy Flower","Ornamental Fan","Pen Nib","Torii"],"acts_visited":["Exordium","TheCity","TheBeyond","TheEnding"],"potions_floor_usage":[55,55,55],"damage_taken":[{"damage":0.0,"enemies":"2 Louse","floor":1.0,"turns":4.0},{"damage":0.0,"enemies":"Small Slimes","floor":4.0,"turns":3.0},{"damage":8.0,"enemies":"Jaw Worm","floor":5.0,"turns":3.0},{"damage":5.0,"enemies":"Lagavulin","floor":6.0,"turns":5.0},{"damage":25.0,"enemies":"Gremlin Gang","floor":7.0,"turns":6.0},{"damage":12.0,"enemies":"Gremlin Nob","floor":8.0,"turns":3.0},{"damage":0.0,"enemies":"Lagavulin","floor":11.0,"turns":5.0},{"damage":21.0,"enemies":"Gremlin Nob","floor":13.0,"turns":5.0},{"damage":0.0,"enemies":"Exordium Wildlife","floor":14.0,"turns":5.0},{"damage":0.0,"enemies":"The Guardian","floor":16.0,"turns":8.0},{"damage":2.0,"enemies":"Chosen","floor":18.0,"turns":5.0},{"damage":4.0,"enemies":"Shell Parasite","floor":20.0,"turns":5.0},{"damage":18.0,"enemies":"Shelled Parasite and Fungi","floor":22.0,"turns":6.0},{"damage":15.0,"enemies":"Slavers","floor":23.0,"turns":11.0},{"damage":0.0,"enemies":"Cultist and Chosen","floor":24.0,"turns":5.0},{"damage":30.0,"enemies":"Gremlin Leader","floor":25.0,"turns":7.0},{"damage":16.0,"enemies":"Centurion and Healer","floor":27.0,"turns":7.0},{"damage":18.0,"enemies":"Book of Stabbing","floor":28.0,"turns":6.0},{"damage":0.0,"enemies":"Snake Plant","floor":29.0,"turns":4.0},{"damage":8.0,"enemies":"Snecko","floor":30.0,"turns":8.0},{"damage":0.0,"enemies":"Slavers","floor":31.0,"turns":2.0},{"damage":0.0,"enemies":"Champ","floor":33.0,"turns":10.0},{"damage":24.0,"enemies":"3 Shapes","floor":35.0,"turns":6.0},{"damage":0.0,"enemies":"Mind Bloom Boss Battle","floor":37.0,"turns":20.0},{"damage":0.0,"enemies":"Orb Walker","floor":39.0,"turns":7.0},{"damage":18.0,"enemies":"Reptomancer","floor":40.0,"turns":5.0},{"damage":4.0,"enemies":"Jaw Worm Horde","floor":41.0,"turns":7.0},{"damage":0.0,"enemies":"Nemesis","floor":42.0,"turns":7.0},{"damage":5,"enemies":"Reptomancer","floor":45,"turns":6},{"damage":0,"enemies":"4 Shapes","floor":47,"turns":3},{"damage":5,"enemies":"Awakened One","floor":50,"turns":11},{"damage":17,"enemies":"Shield and Spear","floor":54,"turns":4},{"damage":43,"enemies":"The Heart","floor":55,"turns":9}],"seed_played":"401736404584390993","potions_obtained":[{"floor":5.0,"key":"FearPotion"},{"floor":7.0,"key":"BloodPotion"},{"floor":13.0,"key":"PowerPotion"},{"floor":20.0,"key":"Weak Potion"},{"floor":23.0,"key":"Fruit Juice"},{"floor":27.0,"key":"PowerPotion"},{"floor":28.0,"key":"BlessingOfTheForge"},{"floor":31.0,"key":"FearPotion"},{"floor":33.0,"key":"Dexterity Potion"},{"floor":37.0,"key":"FairyPotion"},{"floor":40.0,"key":"Explosive Potion"},{"floor":41.0,"key":"Energy Potion"},{"floor":47,"key":"ColorlessPotion"}],"is_trial":false,"path_per_floor":["M","?","?","M","M","E","M","E","T","?","E","$","E","M","R","B",null,"M","$","M","?","M","E","M","E","T","M","E","M","M","E","R","B",null,"M","?","?","T","M","E","M","E","T","R","E","R","M","$","R","B",null,"R","$","E","B",null],"character_chosen":"IRONCLAD","items_purchased":["Inflame","Shrug It Off","PreservedInsect","DollysMirror","Omamori","Spot Weakness","HandOfGreed","HandDrill","Apotheosis","Shrug It Off","Disarm","OrangePellets","Orichalcum","Dead Branch","Feel No Pain","Anchor","Art of War","StoneCalendar","HeartOfIron","Membership Card","Paper Frog","Happy Flower","PowerPotion","Ornamental Fan","Pen Nib"],"campfire_rested":0,"item_purchase_floors":[0,0,0,0,0,0,0,0,0,0,12,12,12,19,19,48,48,48,48,53,53,53,53,53,53],"current_hp_per_floor":[78,71,71,77,75,76,57,51,51,51,57,72,57,63,63,69,77,80,80,80,80,68,59,65,57,57,47,35,41,39,60,60,85,91,73,73,91,97,97,85,97,97,97,97,97,97,97,97,97,97,97,97,97,86,60],"gold":61,"neow_bonus":"","is_daily":false,"chose_seed":false,"campfire_upgraded":5,"win_rate":0.0,"timestamp":1607859735,"path_taken":["M","?","?","M","M","E","M","E","T","?","E","$","E","M","R","BOSS","M","$","M","?","M","E","M","E","T","?","E","M","M","E","R","BOSS","M","?","?","?","M","E","M","E","T","R","E","R","M","$","R","BOSS","R","$","E","BOSS"],"items_purchased_type":["Card","Card","Relic","Relic","Relic","Card","Card","Relic","Card","Card","Card","Relic","Relic","Relic","Card","Relic","Relic","Relic","Potion","Relic","Relic","Relic","Potion","Relic","Relic"],"build_version":"2020-11-30","purchased_purges":5,"victory":true,"max_hp_per_floor":[80,80,80,80,80,80,80,80,80,80,80,80,80,80,80,80,80,80,80,80,80,80,80,80,80,80,80,80,80,80,85,85,85,91,91,91,91,97,97,97,97,97,97,97,97,97,97,97,97,97,97,97,97,97,97],"card_choices":[{"not_picked":["Flex","Metallicize","Hemokinesis"],"picked":"SKIP","floor":1.0},{"not_picked":["Hemokinesis","Dropkick","Armaments"],"picked":"SKIP","floor":4.0},{"not_picked":["Thunderclap","Pummel","Infernal Blade"],"picked":"SKIP","floor":5.0},{"not_picked":["Shrug It Off","Clash","Second Wind"],"picked":"SKIP","floor":6.0},{"not_picked":["Body Slam","Flex","Pommel Strike"],"picked":"SKIP","floor":7.0},{"not_picked":["Pummel","Metallicize","Perfected Strike"],"picked":"SKIP","floor":8.0},{"not_picked":["Iron Wave","Headbutt"],"picked":"Limit Break","floor":11.0},{"not_picked":["Iron Wave","Rage"],"picked":"Limit Break","floor":13.0},{"not_picked":["Armaments","Warcry"],"picked":"Feel No Pain","floor":14.0},{"not_picked":["Reaper","Juggernaut"],"picked":"Barricade","floor":16.0},{"not_picked":["Twin Strike","Wild Strike","Blood for Blood"],"picked":"SKIP","floor":18.0},{"not_picked":["Warcry+1","Wild Strike"],"picked":"Sword Boomerang","floor":20.0},{"not_picked":["Clothesline","Spot Weakness"],"picked":"Entrench","floor":22.0},{"not_picked":["Cleave+1","Armaments+1","Shrug It Off"],"picked":"SKIP","floor":23.0},{"not_picked":["Demon Form","Entrench","Bloodletting"],"picked":"SKIP","floor":24.0},{"not_picked":["Twin Strike","Uppercut+1","Bludgeon"],"picked":"SKIP","floor":25.0},{"not_picked":["Flex","Inflame","Warcry"],"picked":"SKIP","floor":27.0},{"not_picked":["Twin Strike","Sentinel"],"picked":"True Grit","floor":28.0},{"not_picked":["Feel No Pain","Heavy Blade","Armaments+1"],"picked":"SKIP","floor":29.0},{"not_picked":["Sword Boomerang","Blood for Blood","Searing Blow"],"picked":"SKIP","floor":30.0},{"not_picked":["Thunderclap","Flex"],"picked":"Havoc+1","floor":31.0},{"not_picked":["Demon Form","Limit Break"],"picked":"Double Tap","floor":33.0},{"not_picked":["Anger","Dual Wield","Havoc+1"],"picked":"SKIP","floor":35.0},{"not_picked":["Clothesline+1","Second Wind"],"picked":"Reaper","floor":39.0},{"not_picked":["Rampage","Heavy Blade","Inflame"],"picked":"SKIP","floor":40.0},{"not_picked":["Pommel Strike","Iron Wave+1","Thunderclap+1"],"picked":"SKIP","floor":41.0},{"not_picked":["Cleave+1","Clothesline+1","Searing Blow"],"picked":"SKIP","floor":42.0},{"not_picked":["Warcry+1","Metallicize"],"picked":"Second Wind+1","floor":45},{"not_picked":["Wild Strike+1","Clash","Pummel+1"],"picked":"SKIP","floor":47},{"not_picked":["Searing Blow+1","Dropkick","Burning Pact"],"picked":"SKIP","floor":54}],"player_experience":1221164,"relics_obtained":[{"floor":6.0,"key":"StrikeDummy"},{"floor":8.0,"key":"MealTicket"},{"floor":9.0,"key":"Regal Pillow"},{"floor":11.0,"key":"Matryoshka"},{"floor":13.0,"key":"Darkstone Periapt"},{"floor":23.0,"key":"Vajra"},{"floor":25.0,"key":"Charon\u0027s Ashes"},{"floor":26.0,"key":"Pantograph"},{"floor":28.0,"key":"Toy Ornithopter"},{"floor":31.0,"key":"Whetstone"},{"floor":34.0,"key":"Bag of Preparation"},{"floor":34.0,"key":"The Courier"},{"floor":34.0,"key":"TungstenRod"},{"floor":37.0,"key":"Shovel"},{"floor":38.0,"key":"Red Skull"},{"floor":38.0,"key":"Juzu Bracelet"},{"floor":40.0,"key":"HornCleat"},{"floor":42.0,"key":"Ancient Tea Set"},{"floor":45,"key":"Bronze Scales"},{"floor":54,"key":"Torii"}],"event_choices":[{"cards_removed":["Strike_R"],"damage_healed":0.0,"max_hp_gain":0.0,"max_hp_loss":0.0,"gold_gain":0.0,"event_name":"Golden Wing","player_choice":"Card Removal","floor":2.0,"gold_loss":0.0,"damage_taken":7.0},{"damage_healed":0.0,"max_hp_gain":0.0,"max_hp_loss":0.0,"gold_gain":175.0,"event_name":"betterThird:BetterSerpent","player_choice":"AGREE","floor":3.0,"gold_loss":0.0,"damage_taken":156.0},{"damage_healed":0.0,"max_hp_gain":0.0,"max_hp_loss":0.0,"gold_gain":1.0,"event_name":"betterStone:BetterStone","player_choice":"1","floor":10.0,"gold_loss":0.0,"damage_taken":0.0},{"damage_healed":0.0,"max_hp_gain":0.0,"max_hp_loss":0.0,"gold_gain":0.0,"event_name":"betterNote:BetterNote","player_choice":"Ignored","floor":21.0,"gold_loss":0.0,"damage_taken":0.0,"cards_obtained":["Ball Lightning"]},{"damage_healed":0.0,"max_hp_gain":0.0,"max_hp_loss":0.0,"gold_gain":0.0,"event_name":"Tomb of Lord Red Mask","player_choice":"Ignored","floor":36.0,"gold_loss":0.0,"damage_taken":0.0},{"damage_healed":0.0,"max_hp_gain":0.0,"max_hp_loss":0.0,"gold_gain":0.0,"event_name":"MindBloom","player_choice":"Fight","floor":37.0,"gold_loss":0.0,"damage_taken":0.0}],"is_beta":false,"boss_relics":[{"not_picked":["SacredBark","Ectoplasm"],"picked":"Cursed Key"},{"not_picked":["SlaversCollar","Empty Cage"],"picked":"Calling Bell"}],"items_purged_floors":[0,0,12,48,53],"is_endless":false,"potions_floor_spawned":[5,7,13,14,20,23,27,28,31,33,37,40,41,47,54],"ascension_level":10}}