{"host":"hjw1ay65n7jm40lc","time":1607831823,"event":{"mods":["AchievementEnabler","BaseMod","Colored Map","Colored Powertips","Googly Eyes","Highlight Path","Minty Spire (QoL Compilation)","Quick Restart","Relic Stats"],"gold_per_floor":[113,123,298,248,265,265,299,174,249,276,276,292,325,26,26,127,127,144,163,52,63,63,63,98,98,98,98,127,141,170,181,181,284,284,297,314,137,147,147,173,173,199,199,215,262,222,232,265,265,265,265,265,111,141,141],"floor_reached":56,"playtime":15856,"items_purged":["Strike_P","Strike_P"],"score":1560,"play_id":"539e0ec6-6aa8-4d6f-b349-41c9489f56ff","local_time":"20201212225703","is_ascension_mode":true,"campfire_choices":[{"data":"Fasting2","floor":6.0,"key":"SMITH"},{"data":"Wireheading","floor":11.0,"key":"SMITH"},{"data":"TalkToTheHand","floor":15.0,"key":"SMITH"},{"data":"Vault","floor":23.0,"key":"SMITH"},{"data":"EmptyFist","floor":25.0,"key":"SMITH"},{"data":"WheelKick","floor":27.0,"key":"SMITH"},{"data":"Weave","floor":32.0,"key":"SMITH"},{"data":"Trip","floor":41.0,"key":"SMITH"},{"floor":49.0,"key":"RECALL"},{"data":"Eruption","floor":52.0,"key":"SMITH"}],"circlet_count":0,"master_deck":["Defend_P","Defend_P","Defend_P+1","Defend_P","Eruption+1","Vigilance","ThirdEye","Protect+1","Fasting2+1","TalkToTheHand+1","Wireheading+1","Consecrate","Vault+1","Conclude+1","EmptyFist+1","WheelKick+1","CrushJoints","Judgement","ReachHeaven","Weave+1","Tantrum+1","Fasting2+1","Trip+1","Halt+1","Omniscience","Nirvana+1","Wallop","Meditate"],"relics":["Coffee Dripper","Nunchaku","Matryoshka","Ornamental Fan","Bottled Flame","Mummified Hand","Philosopher\u0027s Stone","Mango","Anchor","Frozen Egg 2","Red Mask","Happy Flower","Runic Pyramid","Calipers","InkBottle","Singing Bowl","Bird Faced Urn","Ginger","Sundial"],"acts_visited":["Exordium","TheCity","TheBeyond","TheEnding"],"potions_floor_usage":[55,55],"damage_taken":[{"damage":0.0,"enemies":"Jaw Worm","floor":1.0,"turns":3.0},{"damage":0.0,"enemies":"2 Louse","floor":2.0,"turns":2.0},{"damage":0.0,"enemies":"Cultist","floor":5.0,"turns":3.0},{"damage":9.0,"enemies":"Gremlin Nob","floor":7.0,"turns":4.0},{"damage":2.0,"enemies":"3 Sentries","floor":10.0,"turns":8.0},{"damage":11.0,"enemies":"Gremlin Gang","floor":12.0,"turns":4.0},{"damage":24.0,"enemies":"Gremlin Nob","floor":13.0,"turns":5.0},{"damage":0.0,"enemies":"Slime Boss","floor":16.0,"turns":3.0},{"damage":4.0,"enemies":"Shell Parasite","floor":18.0,"turns":7.0},{"damage":0.0,"enemies":"Spheric Guardian","floor":19.0,"turns":4.0},{"damage":22.0,"enemies":"Centurion and Healer","floor":21.0,"turns":4.0},{"damage":2.0,"enemies":"Book of Stabbing","floor":24.0,"turns":6.0},{"damage":10.0,"enemies":"Masked Bandits","floor":28.0,"turns":4.0},{"damage":0.0,"enemies":"Sentry and Sphere","floor":29.0,"turns":2.0},{"damage":0.0,"enemies":"Slavers","floor":30.0,"turns":5.0},{"damage":0.0,"enemies":"Snake Plant","floor":31.0,"turns":3.0},{"damage":16.0,"enemies":"Automaton","floor":33.0,"turns":7.0},{"damage":0.0,"enemies":"3 Shapes","floor":35.0,"turns":3.0},{"damage":0.0,"enemies":"Orb Walker","floor":36.0,"turns":2.0},{"damage":1.0,"enemies":"Spire Growth","floor":38.0,"turns":3.0},{"damage":19.0,"enemies":"Nemesis","floor":40.0,"turns":5.0},{"damage":0.0,"enemies":"Giant Head","floor":42.0,"turns":4.0},{"damage":0.0,"enemies":"Transient","floor":44.0,"turns":5.0},{"damage":0.0,"enemies":"2 Orb Walkers","floor":45.0,"turns":2.0},{"damage":0.0,"enemies":"Writhing Mass","floor":47.0,"turns":3.0},{"damage":0.0,"enemies":"Nemesis","floor":48.0,"turns":3.0},{"damage":0.0,"enemies":"Time Eater","floor":50.0,"turns":5.0},{"damage":8.0,"enemies":"Shield and Spear","floor":54.0,"turns":5.0},{"damage":67,"enemies":"The Heart","floor":55,"turns":7}],"seed_played":"-728716713480033211","potions_obtained":[{"floor":2.0,"key":"PowerPotion"},{"floor":5.0,"key":"Explosive Potion"},{"floor":16.0,"key":"FearPotion"},{"floor":24.0,"key":"LiquidMemories"},{"floor":28.0,"key":"LiquidMemories"},{"floor":29.0,"key":"Ancient Potion"},{"floor":30.0,"key":"StancePotion"},{"floor":33.0,"key":"DuplicationPotion"},{"floor":38.0,"key":"SkillPotion"},{"floor":47.0,"key":"EssenceOfSteel"},{"floor":48.0,"key":"Dexterity Potion"}],"is_trial":false,"path_per_floor":["M","M","?","?","M","R","E","$","T","E","R","M","E","$","R","B",null,"M","M","$","M","?","R","E","R","T","R","?","M","E","M","R","B",null,"M","M","$","M","?","E","R","E","T","M","?","?","M","E","R","B",null,"R","$","E","B",null],"character_chosen":"WATCHER","items_purchased":["TalkToTheHand","BlessingOfTheForge","Mummified Hand","FearPotion","WheelKick","Fasting2+1","Wallop","Meditate","BlessingOfTheForge"],"campfire_rested":0,"item_purchase_floors":[8,8,14,14,20,37,53,53,53],"current_hp_per_floor":[72,72,72,72,72,72,63,63,63,61,61,50,26,26,26,26,72,68,68,68,46,46,46,58,58,58,58,48,48,48,48,48,32,86,86,86,86,85,85,66,66,66,66,66,68,68,80,86,86,92,92,92,92,92,33],"gold":141,"neow_bonus":"BOSS_RELIC","is_daily":false,"chose_seed":false,"campfire_upgraded":9,"win_rate":0.0,"timestamp":1607831823,"path_taken":["M","M","?","?","M","R","E","$","T","E","R","M","E","$","R","BOSS","M","M","$","M","?","R","E","R","T","R","?","M","E","M","R","BOSS","M","M","$","M","?","E","R","E","T","M","?","?","M","E","R","BOSS","R","$","E","BOSS"],"items_purchased_type":["Card","Potion","Relic","Potion","Card","Card","Card","Card","Potion"],"build_version":"2020-11-30","purchased_purges":2,"victory":true,"max_hp_per_floor":[72,72,72,72,72,72,72,72,72,72,72,72,72,72,72,72,72,72,72,72,72,72,72,86,86,86,86,86,86,86,86,86,86,86,86,86,86,86,86,86,86,86,86,86,88,88,90,92,92,92,92,92,92,94,94],"relic_stats":{"Nunchaku":[23],"Happy Flower":[19],"Singing Bowl":8,"counters":[29,121],"Ornamental Fan":[140],"Mummified Hand":[74],"Sundial":[0],"Bird Faced Urn":[34],"Ginger":[3],"obtain_stats":[{"Calipers":40,"Happy Flower":30,"Singing Bowl":43,"Mango":24,"Ginger":48,"Frozen Egg 2":26,"Nunchaku":7,"Bottled Flame":13,"Anchor":26,"Matryoshka":9,"Ornamental Fan":10,"Mummified Hand":14,"Sundial":54,"Bird Faced Urn":45,"Philosopher\u0027s Stone":17,"Coffee Dripper":0,"Red Mask":28,"PureWater":0,"InkBottle":42,"Runic Pyramid":34},{"Calipers":21,"Happy Flower":15,"Singing Bowl":22,"Mango":12,"Ginger":26,"Frozen Egg 2":12,"Nunchaku":4,"Bottled Flame":7,"Anchor":12,"Matryoshka":4,"Ornamental Fan":5,"Mummified Hand":7,"Sundial":28,"Bird Faced Urn":24,"Philosopher\u0027s Stone":8,"Coffee Dripper":0,"Red Mask":13,"PureWater":0,"InkBottle":22,"Runic Pyramid":17},{"Calipers":87,"Happy Flower":64,"Singing Bowl":91,"Mango":53,"Ginger":104,"Frozen Egg 2":53,"Nunchaku":12,"Bottled Flame":29,"Anchor":53,"Matryoshka":12,"Ornamental Fan":20,"Mummified Hand":29,"Sundial":114,"Bird Faced Urn":98,"Philosopher\u0027s Stone":32,"Coffee Dripper":0,"Red Mask":57,"PureWater":0,"InkBottle":91,"Runic Pyramid":74}],"InkBottle":[13]},"card_choices":[{"not_picked":["JustLucky","PathToVictory"],"picked":"ThirdEye","floor":1.0},{"not_picked":["SandsOfTime","ClearTheMind"],"picked":"Protect","floor":2.0},{"not_picked":["SandsOfTime","Study"],"picked":"Fasting2","floor":5.0},{"not_picked":["ThirdEye","Collect","SashWhip"],"picked":"SKIP","floor":7.0},{"not_picked":["ClearTheMind","ThirdEye"],"picked":"Wireheading","floor":10.0},{"not_picked":["ReachHeaven","Devotion","CutThroughFate"],"picked":"SKIP","floor":12.0},{"not_picked":["ClearTheMind","DeceiveReality"],"picked":"Consecrate","floor":13.0},{"not_picked":["Judgement","Wish"],"picked":"Vault","floor":16.0},{"not_picked":["Halt","JustLucky+1"],"picked":"Conclude+1","floor":18.0},{"not_picked":["Indignation","ForeignInfluence"],"picked":"EmptyFist","floor":19.0},{"not_picked":["Collect","Crescendo","SashWhip"],"picked":"SKIP","floor":21.0},{"not_picked":["ThirdEye","EmptyMind"],"picked":"ReachHeaven","floor":24.0},{"not_picked":["Perseverance","Evaluate"],"picked":"Weave","floor":28.0},{"not_picked":["ForeignInfluence+1","ReachHeaven","Wireheading+1"],"picked":"SKIP","floor":29.0},{"not_picked":["SignatureMove","WindmillStrike+1","ConjureBlade"],"picked":"SKIP","floor":30.0},{"not_picked":["Crescendo","Evaluate","JustLucky"],"picked":"SKIP","floor":31.0},{"not_picked":["BattleHymn+1","Consecrate+1","FlurryOfBlows+1"],"picked":"SKIP","floor":35.0},{"not_picked":["SignatureMove","Halt"],"picked":"Tantrum+1","floor":36.0},{"not_picked":["Evaluate","FlurryOfBlows","DeceiveReality"],"picked":"SKIP","floor":38.0},{"not_picked":["Purity","Chrysalis"],"picked":"Trip","floor":39.0},{"not_picked":["BattleHymn+1","Establishment+1"],"picked":"Halt+1","floor":40.0},{"not_picked":["Consecrate+1","CutThroughFate"],"picked":"Omniscience","floor":42.0},{"not_picked":["InnerPeace","Study+1"],"picked":"Nirvana+1","floor":44.0},{"not_picked":["CarveReality","Prostrate","BowlingBash"],"picked":"Singing Bowl","floor":45.0},{"not_picked":["Consecrate+1","FlurryOfBlows+1","SashWhip+1"],"picked":"Singing Bowl","floor":47.0},{"not_picked":["InnerPeace","Consecrate+1","Protect"],"picked":"Singing Bowl","floor":48.0},{"not_picked":["Study+1","SashWhip+1","EmptyFist+1"],"picked":"Singing Bowl","floor":54.0}],"player_experience":170157,"relics_obtained":[{"floor":7.0,"key":"Nunchaku"},{"floor":9.0,"key":"Matryoshka"},{"floor":10.0,"key":"Ornamental Fan"},{"floor":13.0,"key":"Bottled Flame"},{"floor":24.0,"key":"Mango"},{"floor":26.0,"key":"Anchor"},{"floor":26.0,"key":"Frozen Egg 2"},{"floor":28.0,"key":"Red Mask"},{"floor":30.0,"key":"Happy Flower"},{"floor":40.0,"key":"Calipers"},{"floor":42.0,"key":"InkBottle"},{"floor":43.0,"key":"Singing Bowl"},{"floor":45.0,"key":"Bird Faced Urn"},{"floor":48.0,"key":"Ginger"},{"floor":54.0,"key":"Sundial"}],"event_choices":[{"damage_healed":0.0,"max_hp_gain":0.0,"max_hp_loss":0.0,"gold_gain":175.0,"event_name":"Liars Game","player_choice":"AGREE","floor":3.0,"gold_loss":0.0,"damage_taken":0.0,"cards_obtained":["Doubt"]},{"cards_removed":["Doubt"],"damage_healed":0.0,"max_hp_gain":0.0,"max_hp_loss":0.0,"gold_gain":0.0,"event_name":"The Cleric","player_choice":"Card Removal","floor":4.0,"gold_loss":50.0,"damage_taken":0.0},{"damage_healed":0.0,"max_hp_gain":0.0,"max_hp_loss":0.0,"gold_gain":0.0,"cards_transformed":["Strike_P","Strike_P"],"event_name":"Drug Dealer","player_choice":"Became Test Subject","floor":22.0,"gold_loss":0.0,"damage_taken":0.0,"cards_obtained":["CrushJoints","Judgement"]},{"damage_healed":0.0,"max_hp_gain":0.0,"max_hp_loss":0.0,"gold_gain":0.0,"event_name":"Masked Bandits","player_choice":"Fought Bandits","floor":28.0,"gold_loss":0.0,"damage_taken":0.0},{"damage_healed":0.0,"max_hp_gain":0.0,"max_hp_loss":0.0,"gold_gain":0.0,"event_name":"SensoryStone","player_choice":"Memory 1","floor":39.0,"gold_loss":0.0,"damage_taken":0.0},{"damage_healed":0.0,"max_hp_gain":0.0,"max_hp_loss":0.0,"gold_gain":0.0,"event_name":"Mysterious Sphere","player_choice":"Fight","floor":45.0,"gold_loss":0.0,"damage_taken":0.0},{"damage_healed":0.0,"max_hp_gain":0.0,"max_hp_loss":0.0,"gold_gain":0.0,"event_name":"Designer","player_choice":"Upgraded Two","floor":46.0,"gold_loss":40.0,"damage_taken":0.0,"cards_upgraded":["Protect","Defend_P"]}],"is_beta":false,"boss_relics":[{"not_picked":["Astrolabe","Black Star"],"picked":"Philosopher\u0027s Stone"},{"not_picked":["Pandora\u0027s Box","Cursed Key"],"picked":"Runic Pyramid"}],"items_purged_floors":[20,37],"is_endless":false,"potions_floor_spawned":[2,5,16,24,28,29,30,33,38,42,47,48],"ascension_level":2}}