{"host":"3a1ypf1irl30q4k8","time":1607873016,"event":{"mods":["AchievementEnabler","BaseMod","Bestiary","Colored Map","Minty Spire (QoL Compilation)","Relic Stats"],"gold_per_floor":[209,7,17,35,35,70,70,85,131,151,165,183,183,183,183,282,282,295,310,84,159,177,177,211,211,238,248,248,7,7,7],"floor_reached":30,"playtime":1451,"items_purged":["Strike_P"],"score":315,"play_id":"5209f63a-876b-42a0-936c-4efd7b6b7af8","local_time":"20201213152336","is_ascension_mode":true,"campfire_choices":[{"data":"Vault","floor":7,"key":"SMITH"},{"floor":13,"key":"REST"},{"data":"Vigilance","floor":15,"key":"SMITH"},{"floor":23,"key":"REST"},{"floor":25,"key":"REST"},{"floor":28,"key":"REST"}],"circlet_count":0,"master_deck":["Strike_P","Strike_P","Strike_P","Defend_P","Defend_P","Defend_P","Defend_P","Eruption","Vigilance+1","CrushJoints","PathToVictory","BattleHymn","SashWhip","Vault+1","ReachHeaven","WheelKick","BowlingBash","PathToVictory","Establishment+1","Evaluate","PathToVictory+1","EmptyBody","ClearTheMind","Protect","Halt","InnerPeace","Prostrate","Halt","PathToVictory","DevaForm+1","ThirdEye"],"relics":["HolyWater","Lee\u0027s Waffle","Frozen Egg 2","Bag of Marbles","Orrery","Oddly Smooth Stone","Boot"],"acts_visited":["Exordium","TheCity"],"potions_floor_usage":[6,8,14,16,16,24],"damage_taken":[{"damage":7,"enemies":"Jaw Worm","floor":1,"turns":4},{"damage":7,"enemies":"Cultist","floor":3,"turns":3},{"damage":8,"enemies":"Small Slimes","floor":4,"turns":2},{"damage":17,"enemies":"Lagavulin","floor":6,"turns":5},{"damage":21,"enemies":"Exordium Thugs","floor":8,"turns":4},{"damage":4,"enemies":"Blue Slaver","floor":10,"turns":3},{"damage":13,"enemies":"3 Louse","floor":11,"turns":3},{"damage":0,"enemies":"2 Fungi Beasts","floor":12,"turns":2},{"damage":12,"enemies":"The Guardian","floor":16,"turns":9},{"damage":20,"enemies":"Shell Parasite","floor":18,"turns":5},{"damage":2,"enemies":"Chosen","floor":19,"turns":4},{"damage":37,"enemies":"Shelled Parasite and Fungi","floor":22,"turns":5},{"damage":36,"enemies":"Slavers","floor":24,"turns":7},{"damage":30,"enemies":"3 Cultists","floor":27,"turns":7},{"damage":28,"enemies":"Gremlin Leader","floor":30,"turns":5}],"seed_played":"8919858556122711724","potions_obtained":[{"floor":1,"key":"SteroidPotion"},{"floor":3,"key":"BottledMiracle"},{"floor":11,"key":"FearPotion"},{"floor":12,"key":"DuplicationPotion"},{"floor":14,"key":"Block Potion"},{"floor":14,"key":"Fruit Juice"},{"floor":18,"key":"Dexterity Potion"}],"is_trial":false,"path_per_floor":["M","$","M","M","$","E","R","M","T","M","M","M","R","?","R","B",null,"M","M","$","?","M","R","E","R","T","M","R","$","E"],"character_chosen":"WATCHER","items_purchased":["PathToVictory","Lee\u0027s Waffle","Orrery","DevaForm+1","ThirdEye","GamblersBrew"],"campfire_rested":4,"item_purchase_floors":[2,2,20,29,29,29],"current_hp_per_floor":[65,79,72,64,64,47,47,26,26,22,9,9,32,37,37,25,84,64,62,62,54,17,42,6,31,31,1,26,26,0,0],"gold":7,"neow_bonus":"HUNDRED_GOLD","is_daily":false,"chose_seed":false,"campfire_upgraded":2,"win_rate":0.0,"timestamp":1607873016,"path_taken":["M","$","M","M","$","E","R","M","T","M","M","M","R","?","R","BOSS","M","M","$","?","M","R","E","R","T","M","R","?","E"],"items_purchased_type":["Card","Relic","Relic","Card","Card","Potion"],"build_version":"2020-11-30","purchased_purges":1,"victory":false,"max_hp_per_floor":[72,79,79,79,79,79,79,79,79,79,79,79,79,84,84,84,84,84,84,84,84,84,84,84,84,84,84,84,84,84,84],"relic_stats":{"Lee\u0027s Waffle":14,"counters":[15,68],"Boot":[0],"obtain_stats":[{"Lee\u0027s Waffle":2,"HolyWater":17,"Orrery":20,"Oddly Smooth Stone":24,"Bag of Marbles":9,"PureWater":0,"Frozen Egg 2":6,"Boot":26},{"Lee\u0027s Waffle":1,"HolyWater":9,"Orrery":11,"Oddly Smooth Stone":13,"Bag of Marbles":5,"PureWater":0,"Frozen Egg 2":4,"Boot":13},{"Lee\u0027s Waffle":4,"HolyWater":35,"Orrery":44,"Oddly Smooth Stone":56,"Bag of Marbles":18,"PureWater":0,"Frozen Egg 2":14,"Boot":56}]},"card_choices":[{"not_picked":["Pray","Prostrate"],"picked":"CrushJoints","floor":1},{"not_picked":["BowlingBash","Consecrate"],"picked":"BattleHymn","floor":3},{"not_picked":["Vengeance","Consecrate"],"picked":"SashWhip","floor":4},{"not_picked":["SpiritShield","ClearTheMind"],"picked":"Vault","floor":6},{"not_picked":["Prostrate","Indignation"],"picked":"ReachHeaven","floor":8},{"not_picked":["EmptyFist","SignatureMove"],"picked":"WheelKick","floor":10},{"not_picked":["Fasting2+1","Evaluate"],"picked":"BowlingBash","floor":11},{"not_picked":["LikeWater+1","Prostrate"],"picked":"PathToVictory","floor":12},{"not_picked":["Devotion+1","Ragnarok"],"picked":"Establishment+1","floor":16},{"not_picked":["Consecrate","Sanctity"],"picked":"Evaluate","floor":18},{"not_picked":["Weave","SashWhip+1"],"picked":"PathToVictory+1","floor":19},{"not_picked":["Crescendo+1","FollowUp+1"],"picked":"EmptyBody","floor":20},{"not_picked":["Study+1","Meditate"],"picked":"ClearTheMind","floor":20},{"not_picked":["Prostrate","Tantrum"],"picked":"Protect","floor":20},{"not_picked":["WheelKick","Weave+1"],"picked":"Halt","floor":20},{"not_picked":["Consecrate","ForeignInfluence"],"picked":"InnerPeace","floor":20},{"not_picked":["WindmillStrike","Crescendo"],"picked":"Prostrate","floor":22},{"not_picked":["WaveOfTheHand","SandsOfTime"],"picked":"Halt","floor":24},{"not_picked":["FollowUp+1","CutThroughFate"],"picked":"PathToVictory","floor":27}],"player_experience":837720,"relics_obtained":[{"floor":6,"key":"Frozen Egg 2"},{"floor":9,"key":"Bag of Marbles"},{"floor":24,"key":"Oddly Smooth Stone"},{"floor":26,"key":"Boot"}],"event_choices":[{"damage_healed":0,"gold_gain":0,"player_choice":"Got Potions","damage_taken":0,"max_hp_gain":0,"max_hp_loss":0,"event_name":"Lab","floor":14,"gold_loss":0},{"damage_healed":0,"gold_gain":75,"player_choice":"Touch","damage_taken":8,"max_hp_gain":0,"max_hp_loss":0,"event_name":"FaceTrader","floor":21,"gold_loss":0}],"is_beta":false,"boss_relics":[{"not_picked":["Busted Crown","Sozu"],"picked":"HolyWater"}],"items_purged_floors":[20],"is_endless":false,"potions_floor_spawned":[1,3,11,12,18],"killed_by":"Gremlin Leader","ascension_level":3}}