{"host":"9ubnrp80z7gv8v8p","time":1607839361,"event":{"mods":["AchievementEnabler","BaseMod","Better Altar","Better Match","Better Note","Better Sensory Stone","Better Skull","Better Third Choice","Better Vampires","BetterRewards","Block Reminder","Colored Map","DeckTracker","Displayed Cursed Tome","Highlight Path","Minty Spire (QoL Compilation)","Quick Restart","Rare Cards Sparkle","Relic Stats","Spire Birthday Party","StSLib","everything is the same but u backflip on backflip","slay the spire mod where everything is the same but ironclad has a cowboy hat"],"gold_per_floor":[117,134,84,9,9,9,25,35,62,79,79,79,91,123,123,223,223,235,252,252,264,264,292,292,303,303,321,334,334,334,347,347,444,444,460,476,496,496,522,553,553,582,594,625,637,574,552,567,567,567,567],"floor_reached":50,"playtime":2183,"items_purged":["Strike_P","Strike_P","Defend_P","Vigilance"],"score":835,"play_id":"61df10bb-4b98-41ac-8a1e-b49a67fb6254","local_time":"20201213000241","is_ascension_mode":true,"campfire_choices":[{"floor":6.0,"key":"REST"},{"floor":11.0,"key":"REST"},{"data":"Apotheosis","floor":15.0,"key":"SMITH"},{"floor":24.0,"key":"REST"},{"floor":32.0,"key":"REST"},{"floor":41.0,"key":"REST"},{"floor":45.0,"key":"REST"},{"floor":49,"key":"REST"}],"circlet_count":0,"master_deck":["Strike_P","Strike_P","Eruption","Apotheosis+1","Consecrate","ReachHeaven","Secret Weapon","Consecrate","Conclude","BattleHymn"],"relics":["PureWater","Membership Card","Ancient Tea Set","Bag of Preparation","Darkstone Periapt","Empty Cage","Enchiridion","Smiling Mask","Letter Opener","SlaversCollar","Vajra","PreservedInsect","MawBank","StrikeDummy"],"acts_visited":["Exordium","TheCity","TheBeyond"],"potions_floor_usage":[50],"damage_taken":[{"damage":0.0,"enemies":"2 Louse","floor":1.0,"turns":3.0},{"damage":4.0,"enemies":"Jaw Worm","floor":2.0,"turns":3.0},{"damage":2.0,"enemies":"Small Slimes","floor":7.0,"turns":2.0},{"damage":24.0,"enemies":"Exordium Wildlife","floor":8.0,"turns":2.0},{"damage":0.0,"enemies":"3 Louse","floor":10.0,"turns":2.0},{"damage":1.0,"enemies":"2 Fungi Beasts","floor":13.0,"turns":2.0},{"damage":10.0,"enemies":"3 Sentries","floor":14.0,"turns":3.0},{"damage":0.0,"enemies":"Slime Boss","floor":16.0,"turns":2.0},{"damage":12.0,"enemies":"Chosen","floor":18.0,"turns":2.0},{"damage":0.0,"enemies":"Spheric Guardian","floor":19.0,"turns":1.0},{"damage":0.0,"enemies":"Cultist and Chosen","floor":21.0,"turns":2.0},{"damage":28.0,"enemies":"Slavers","floor":23.0,"turns":2.0},{"damage":0.0,"enemies":"Sentry and Sphere","floor":25.0,"turns":1.0},{"damage":0.0,"enemies":"Shelled Parasite and Fungi","floor":27.0,"turns":1.0},{"damage":0.0,"enemies":"3 Cultists","floor":28.0,"turns":1.0},{"damage":0.0,"enemies":"Snake Plant","floor":31.0,"turns":1.0},{"damage":28.0,"enemies":"Automaton","floor":33.0,"turns":3.0},{"damage":0.0,"enemies":"3 Shapes","floor":35.0,"turns":1.0},{"damage":0.0,"enemies":"Orb Walker","floor":36.0,"turns":1.0},{"damage":0.0,"enemies":"Transient","floor":37.0,"turns":5.0},{"damage":26.0,"enemies":"Giant Head","floor":40.0,"turns":4.0},{"damage":23.0,"enemies":"Nemesis","floor":42.0,"turns":4.0},{"damage":0.0,"enemies":"Jaw Worm Horde","floor":44.0,"turns":1.0},{"damage":18,"enemies":"4 Shapes","floor":48,"turns":2},{"damage":78,"enemies":"Time Eater","floor":50,"turns":2}],"seed_played":"-4111474866763056779","potions_obtained":[{"floor":10.0,"key":"Fire Potion"},{"floor":16.0,"key":"Swift Potion"},{"floor":23.0,"key":"PowerPotion"},{"floor":27.0,"key":"Energy Potion"},{"floor":31.0,"key":"Ancient Potion"}],"is_trial":false,"path_per_floor":["M","M","?","$","?","R","M","M","T","M","R","?","M","E","R","B",null,"M","M","?","M","?","E","R","M","T","M","M","$","?","M","R","B",null,"M","M","M","$","T","E","R","E","T","M","R","?","$","M","R","B"],"character_chosen":"WATCHER","items_purchased":["Membership Card","Apotheosis","BattleHymn"],"campfire_rested":7,"item_purchase_floors":[0,0,47],"current_hp_per_floor":[54,50,50,50,50,71,69,45,45,45,66,66,65,55,55,55,72,60,60,44,44,68,40,61,61,61,61,61,61,61,61,72,44,72,72,72,72,72,72,46,67,44,44,44,65,65,65,47,68,0,0],"gold":567,"neow_bonus":"","is_daily":false,"chose_seed":false,"campfire_upgraded":1,"win_rate":0.0,"timestamp":1607839361,"path_taken":["M","M","?","$","?","R","M","M","T","M","R","?","M","E","R","BOSS","M","M","?","M","?","E","R","M","T","M","M","$","?","?","R","BOSS","M","?","M","$","?","E","R","E","T","?","R","?","$","M","R","BOSS"],"items_purchased_type":["Relic","Card","Card"],"build_version":"2020-11-30","purchased_purges":4,"victory":false,"max_hp_per_floor":[72,72,72,72,72,72,72,72,72,72,72,72,72,72,72,72,72,72,72,72,72,72,72,72,72,72,72,72,72,72,72,72,72,72,72,72,72,72,72,72,72,72,72,72,72,72,72,72,72,72,72],"relic_stats":{"Darkstone Periapt":0,"counters":[44,137],"PreservedInsect":47,"Bag of Preparation":[42],"Letter Opener":[36],"Smiling Mask":0,"MawBank":60,"obtain_stats":[{"Darkstone Periapt":14,"CeramicFish":6,"Enchiridion":20,"Vajra":39,"Yang":26,"Juzu Bracelet":10,"Bag of Preparation":9,"TeardropLocket":4,"Boot":43,"Ancient Tea Set":0,"Empty Cage":17,"Smiling Mask":23,"Oddly Smooth Stone":29,"Eternal Feather":30,"PreservedInsect":40,"Letter Opener":26,"Orichalcum":9,"MawBank":42,"SlaversCollar":34,"Anchor":19,"Busted Crown":17,"HolyWater":34,"Membership Card":0,"PureWater":0,"StrikeDummy":43,"Meat on the Bone":24},{"Darkstone Periapt":26,"CeramicFish":4,"Enchiridion":29,"Vajra":39,"Yang":11,"Juzu Bracelet":5,"Bag of Preparation":23,"TeardropLocket":2,"Boot":17,"Ancient Tea Set":19,"Empty Cage":27,"Smiling Mask":31,"Oddly Smooth Stone":12,"Eternal Feather":13,"PreservedInsect":40,"Letter Opener":32,"Orichalcum":5,"MawBank":41,"SlaversCollar":36,"Anchor":9,"Busted Crown":8,"HolyWater":14,"Membership Card":19,"PureWater":0,"StrikeDummy":41,"Meat on the Bone":11},{"Darkstone Periapt":101,"CeramicFish":16,"Enchiridion":106,"Vajra":124,"Yang":52,"Juzu Bracelet":20,"Bag of Preparation":94,"TeardropLocket":8,"Boot":77,"Ancient Tea Set":84,"Empty Cage":103,"Smiling Mask":110,"Oddly Smooth Stone":55,"Eternal Feather":59,"PreservedInsect":128,"Letter Opener":111,"Orichalcum":20,"MawBank":132,"SlaversCollar":117,"Anchor":41,"Busted Crown":36,"HolyWater":66,"Membership Card":84,"PureWater":0,"StrikeDummy":132,"Meat on the Bone":52}]},"card_choices":[{"not_picked":["FlyingSleeves","Perseverance"],"picked":"Consecrate","floor":1.0},{"not_picked":["JustLucky","BowlingBash"],"picked":"ReachHeaven","floor":2.0},{"not_picked":["Dark Shackles","Enlightenment"],"picked":"Secret Weapon","floor":5.0},{"not_picked":["Vengeance","Crescendo","Evaluate"],"picked":"SKIP","floor":7.0},{"not_picked":["WindmillStrike","ClearTheMind","LikeWater"],"picked":"SKIP","floor":8.0},{"not_picked":["FlurryOfBlows","PathToVictory"],"picked":"Consecrate","floor":10.0},{"not_picked":["Prostrate","EmptyFist","Collect"],"picked":"SKIP","floor":13.0},{"not_picked":["Wallop","Sanctity","FlyingSleeves"],"picked":"SKIP","floor":14.0},{"not_picked":["FlurryOfBlows","Weave","Protect"],"picked":"SKIP","floor":18.0},{"not_picked":["Evaluate","JustLucky","CrushJoints"],"picked":"SKIP","floor":19.0},{"not_picked":["SashWhip","Meditate","Crescendo"],"picked":"SKIP","floor":21.0},{"not_picked":["JustLucky","Prostrate","EmptyBody"],"picked":"SKIP","floor":23.0},{"not_picked":["Worship","ForeignInfluence","TalkToTheHand"],"picked":"SKIP","floor":25.0},{"not_picked":["ClearTheMind","Weave","Sanctity"],"picked":"SKIP","floor":27.0},{"not_picked":["Indignation","JustLucky+1","WaveOfTheHand+1"],"picked":"SKIP","floor":28.0},{"not_picked":["Indignation","LikeWater+1","Conclude"],"picked":"SKIP","floor":31.0},{"not_picked":["Pray","Crescendo+1","TalkToTheHand"],"picked":"SKIP","floor":35.0},{"not_picked":["ForeignInfluence+1","CrushJoints+1"],"picked":"Conclude","floor":36.0},{"not_picked":["FlyingSleeves","BowlingBash","PathToVictory+1"],"picked":"SKIP","floor":37.0},{"not_picked":["EmptyBody","Collect","Protect"],"picked":"SKIP","floor":40.0},{"not_picked":["CarveReality","ThirdEye+1","FlyingSleeves+1"],"picked":"SKIP","floor":42.0},{"not_picked":["Evaluate","WheelKick","JustLucky"],"picked":"SKIP","floor":44.0},{"not_picked":["Evaluate","WheelKick","JustLucky"],"picked":"SKIP","floor":44.0},{"not_picked":["Vault","Protect+1","WaveOfTheHand"],"picked":"SKIP","floor":48}],"player_experience":884760,"relics_obtained":[{"floor":9.0,"key":"Bag of Preparation"},{"floor":14.0,"key":"Darkstone Periapt"},{"floor":23.0,"key":"Smiling Mask"},{"floor":26.0,"key":"Letter Opener"},{"floor":39.0,"key":"Vajra"},{"floor":40.0,"key":"PreservedInsect"},{"floor":42.0,"key":"MawBank"},{"floor":43.0,"key":"StrikeDummy"}],"event_choices":[{"cards_removed":["Defend_P"],"damage_healed":0.0,"max_hp_gain":0.0,"max_hp_loss":0.0,"gold_gain":0.0,"event_name":"The Cleric","player_choice":"Card Removal","floor":3.0,"gold_loss":50.0,"damage_taken":0.0},{"damage_healed":0.0,"max_hp_gain":0.0,"max_hp_loss":0.0,"gold_gain":1.0,"event_name":"betterStone:BetterStone","player_choice":"1","floor":5.0,"gold_loss":0.0,"damage_taken":0.0},{"damage_healed":0.0,"max_hp_gain":0.0,"max_hp_loss":0.0,"gold_gain":0.0,"event_name":"Dead Adventurer","player_choice":"Searched \u00270\u0027 times","floor":12.0,"gold_loss":0.0,"damage_taken":0.0},{"damage_healed":0.0,"max_hp_gain":0.0,"max_hp_loss":0.0,"gold_gain":0.0,"event_name":"Cursed Tome","player_choice":"Obtained Book","floor":20.0,"gold_loss":0.0,"damage_taken":16.0},{"damage_healed":24.0,"max_hp_gain":0.0,"max_hp_loss":0.0,"gold_gain":0.0,"event_name":"The Library","player_choice":"Heal","floor":22.0,"gold_loss":0.0,"damage_taken":0.0},{"damage_healed":0.0,"max_hp_gain":0.0,"max_hp_loss":0.0,"gold_gain":0.0,"event_name":"Purifier","player_choice":"Ignored","floor":30.0,"gold_loss":0.0,"damage_taken":0.0},{"damage_healed":0,"gold_gain":0,"player_choice":"1","damage_taken":0,"max_hp_gain":0,"max_hp_loss":0,"event_name":"betterMatch:BetterMatch","floor":46,"gold_loss":0,"cards_obtained":[]}],"is_beta":false,"boss_relics":[{"not_picked":["Pandora\u0027s Box","Runic Pyramid"],"picked":"Empty Cage"},{"not_picked":["Tiny House","Velvet Choker"],"picked":"SlaversCollar"}],"items_purged_floors":[0,0,0,4],"is_endless":false,"potions_floor_spawned":[10,16,18,23,27,31,33,35,37,40],"killed_by":"Time Eater","ascension_level":3}}