{"host":"qwttrqaysb380yri","time":1607862536,"event":{"mods":["BaseMod","Custom Start","Minty Spire (QoL Compilation)","Puzzle Mod","Relic Stats","StSLib","The Cursed","The Hierophant"],"gold_per_floor":[119,269,18,76,136,144,144,144,169,231,282,372,372,448,448,496,496,591,635,550,372,565,709,709,899,899,899,999,1186,1316,1397,1397,1600,1600,1738,1738,1856,1311,1349,1396,1542,1542,1622,1686,1686,1724,1724,1422,1422,1206],"floor_reached":51,"playtime":2032,"items_purged":["Doubt"],"score":1928,"play_id":"9a938d25-288b-417d-b383-7ea95f49ff04","local_time":"20201213132856","is_ascension_mode":true,"campfire_choices":[{"data":"hierophant:Mercenaries","floor":8,"key":"SMITH"},{"floor":15,"key":"REST"},{"floor":24,"key":"REST"},{"data":"Apotheosis","floor":27,"key":"SMITH"},{"floor":32,"key":"REST"},{"floor":42,"key":"DIG"},{"floor":49,"key":"DIG"}],"circlet_count":0,"master_deck":["AscendersBane","hierophant:Punish","hierophant:ChurchCoffers","hierophant:HammerAndAnvil","hierophant:SealAway","hierophant:RustyCrate","hierophant:Doubloon","hierophant:Doubloon","hierophant:SecretStash","hierophant:SealAway","hierophant:Mercenaries+1","hierophant:Zeal","hierophant:Zeal","hierophant:ThreeLashes","hierophant:SealAway","hierophant:Doubloon+1","hierophant:BulkyChest","hierophant:MirrorShield","hierophant:Batter","hierophant:Dazzle","hierophant:HammerAndAnvil","hierophant:MirrorShield","hierophant:Racketeering","hierophant:Purify","hierophant:RecallFunds","hierophant:Cornucopia","hierophant:Doubloon","hierophant:Doubloon","hierophant:Doubloon+1","hierophant:Dazzle","hierophant:Endure","Apotheosis+1","hierophant:MintersHammer","hierophant:Doubloon","hierophant:Shelter","hierophant:Shelter","hierophant:Doubloon+1","hierophant:Remorse+1","hierophant:AuricBeam","hierophant:Invocation","hierophant:Remorse","hierophant:Doubloon","hierophant:HammerAndAnvil+1","hierophant:BulkyChest","hierophant:Endure+1","hierophant:Community+1","Enlightenment","hierophant:Purify+1","hierophant:Kindle","hierophant:Mercenaries+1"],"relics":["hierophant:PropheticMaskRelic","Toy Ornithopter","Orrery","Strawberry","Ancient Tea Set","Blood Vial","Pandora\u0027s Box","InkBottle","TungstenRod","Frozen Egg 2","Shovel","Gambling Chip","Bag of Marbles","Fusion Hammer","Regal Pillow","Mango","Molten Egg 2","Thread and Needle","Blue Candle","StrikeDummy","Dream Catcher","Meat on the Bone","hierophant:DonationBoxRelic"],"acts_visited":["Exordium","TheCity","TheBeyond"],"potions_floor_usage":[11,16,16,19,23,23,37,41,44,50,50],"damage_taken":[{"damage":16,"enemies":"Cultist","floor":1,"turns":4},{"damage":10,"enemies":"2 Louse","floor":4,"turns":2},{"damage":0,"enemies":"Small Slimes","floor":5,"turns":1},{"damage":30,"enemies":"Lagavulin","floor":6,"turns":5},{"damage":7,"enemies":"3 Louse","floor":10,"turns":2},{"damage":21,"enemies":"3 Sentries","floor":11,"turns":7},{"damage":0,"enemies":"Blue Slaver","floor":12,"turns":1},{"damage":7,"enemies":"Looter","floor":14,"turns":3},{"damage":31,"enemies":"The Guardian","floor":16,"turns":10},{"damage":4,"enemies":"Chosen","floor":18,"turns":3},{"damage":16,"enemies":"Shell Parasite","floor":19,"turns":3},{"damage":10,"enemies":"Centurion and Healer","floor":22,"turns":7},{"damage":23,"enemies":"Slavers","floor":23,"turns":5},{"damage":0,"enemies":"Gremlin Leader","floor":25,"turns":4},{"damage":10,"enemies":"Slavers","floor":28,"turns":4},{"damage":5,"enemies":"3 Cultists","floor":29,"turns":4},{"damage":23,"enemies":"Book of Stabbing","floor":30,"turns":4},{"damage":26,"enemies":"Snake Plant","floor":31,"turns":3},{"damage":0,"enemies":"Collector","floor":33,"turns":1},{"damage":0,"enemies":"3 Shapes","floor":35,"turns":1},{"damage":14,"enemies":"3 Darklings","floor":37,"turns":6},{"damage":0,"enemies":"Writhing Mass","floor":39,"turns":1},{"damage":0,"enemies":"Nemesis","floor":40,"turns":1},{"damage":25,"enemies":"2 Orb Walkers","floor":41,"turns":3},{"damage":0,"enemies":"Reptomancer","floor":44,"turns":1},{"damage":0,"enemies":"Giant Head","floor":46,"turns":2},{"damage":11,"enemies":"Donu and Deca","floor":50,"turns":3}],"seed_played":"5267856124278966457","potions_obtained":[{"floor":10,"key":"EssenceOfSteel"},{"floor":11,"key":"Dexterity Potion"},{"floor":14,"key":"FearPotion"},{"floor":16,"key":"Regen Potion"},{"floor":18,"key":"Explosive Potion"},{"floor":22,"key":"BlessingOfTheForge"},{"floor":23,"key":"GamblersBrew"},{"floor":31,"key":"Fire Potion"},{"floor":33,"key":"Dexterity Potion"},{"floor":41,"key":"BlessingOfTheForge"}],"is_trial":false,"path_per_floor":["M","?","$","M","M","E","?","R","T","M","E","M","?","M","R","B",null,"M","M","?","$","M","E","R","E","T","R","E","M","E","M","R","B",null,"M","?","M","$","M","E","?","R","T","E","?","E","?","$","R","B",null],"character_chosen":"HIEROPHANT","items_purchased":["Orrery","hierophant:Zeal","Apotheosis","hierophant:Remorse","Explosive Potion","Regal Pillow","Mango","hierophant:Kindle","hierophant:Mercenaries+1","DuplicationPotion"],"campfire_rested":3,"item_purchase_floors":[3,3,21,38,38,38,38,48,48,48],"current_hp_per_floor":[52,52,52,42,42,19,46,46,46,39,23,25,25,20,44,25,68,66,66,66,66,58,47,71,73,73,73,65,62,41,17,41,43,72,74,74,67,81,83,85,67,67,67,74,65,67,67,67,67,68],"gold":1206,"neow_bonus":"RANDOM_COMMON_RELIC","is_daily":false,"chose_seed":false,"campfire_upgraded":2,"win_rate":0.0,"timestamp":1607862536,"path_taken":["M","?","$","M","M","E","?","R","T","M","E","M","?","?","R","BOSS","M","?","?","$","M","E","R","E","T","R","E","M","E","M","R","BOSS","M","?","M","$","M","E","?","R","T","E","?","E","?","$","R","BOSS"],"items_purchased_type":["Relic","Card","Card","Card","Potion","Relic","Relic","Card","Card","Potion"],"build_version":"2020-11-30","purchased_purges":1,"victory":true,"max_hp_per_floor":[75,75,75,75,75,82,82,82,82,82,82,82,82,82,82,82,82,82,82,82,82,82,82,82,82,82,82,82,82,82,82,82,82,82,82,82,82,96,96,96,96,96,96,96,96,96,91,91,91,91],"relic_stats":{"Regal Pillow":0,"counters":[27,91],"Blue Candle":[0],"Blood Vial":42,"Dream Catcher":0,"Shovel":2,"Gambling Chip":[38],"Pandora\u0027s Box":["hierophant:Dazzle","hierophant:HammerAndAnvil","hierophant:MirrorShield","hierophant:Racketeering","hierophant:Purify","hierophant:RecallFunds","hierophant:Cornucopia"],"obtain_stats":[{"Regal Pillow":38,"hierophant:PropheticMaskRelic":0,"Blue Candle":42,"Mango":38,"Thread and Needle":41,"Frozen Egg 2":25,"Ancient Tea Set":9,"Blood Vial":11,"Dream Catcher":44,"Shovel":26,"Strawberry":6,"Gambling Chip":28,"Orrery":3,"hierophant:DonationBoxRelic":49,"Pandora\u0027s Box":17,"Molten Egg 2":40,"Fusion Hammer":34,"Bag of Marbles":30,"StrikeDummy":43,"Toy Ornithopter":0,"InkBottle":20,"TungstenRod":23,"Meat on the Bone":46},{"Regal Pillow":21,"hierophant:PropheticMaskRelic":0,"Blue Candle":24,"Mango":21,"Thread and Needle":24,"Frozen Egg 2":14,"Ancient Tea Set":4,"Blood Vial":6,"Dream Catcher":25,"Shovel":14,"Strawberry":4,"Gambling Chip":15,"Orrery":1,"hierophant:DonationBoxRelic":26,"Pandora\u0027s Box":9,"Molten Egg 2":23,"Fusion Hammer":19,"Bag of Marbles":17,"StrikeDummy":24,"Toy Ornithopter":0,"InkBottle":11,"TungstenRod":13,"Meat on the Bone":26},{"Regal Pillow":80,"hierophant:PropheticMaskRelic":0,"Blue Candle":85,"Mango":80,"Thread and Needle":85,"Frozen Egg 2":57,"Ancient Tea Set":12,"Blood Vial":21,"Dream Catcher":86,"Shovel":57,"Strawberry":12,"Gambling Chip":61,"Orrery":4,"hierophant:DonationBoxRelic":88,"Pandora\u0027s Box":35,"Molten Egg 2":82,"Fusion Hammer":73,"Bag of Marbles":69,"StrikeDummy":85,"Toy Ornithopter":0,"InkBottle":41,"TungstenRod":53,"Meat on the Bone":88}],"Toy Ornithopter":55,"InkBottle":[26],"TungstenRod":18,"Meat on the Bone":0},"card_choices":[{"not_picked":["hierophant:Doubloon","hierophant:Mercenaries"],"picked":"hierophant:HammerAndAnvil","floor":1},{"not_picked":["hierophant:PristineSoul","hierophant:Sermon"],"picked":"hierophant:SealAway","floor":3},{"not_picked":["hierophant:Invocation","hierophant:TollTheBells"],"picked":"hierophant:RustyCrate","floor":3},{"not_picked":["hierophant:FaithHealing","hierophant:Doubloon"],"picked":"hierophant:SecretStash","floor":3},{"not_picked":["hierophant:AuricBeam","hierophant:Smite"],"picked":"hierophant:SealAway","floor":3},{"not_picked":["hierophant:OrnateJavelin","hierophant:SolarFlare"],"picked":"hierophant:Mercenaries","floor":3},{"not_picked":["hierophant:Rebuild","hierophant:Mercenaries"],"picked":"hierophant:Zeal","floor":4},{"not_picked":["hierophant:Encroach","hierophant:HammerAndAnvil"],"picked":"hierophant:ThreeLashes","floor":5},{"not_picked":["hierophant:RecallFunds","hierophant:Sermon"],"picked":"hierophant:SealAway","floor":6},{"not_picked":["hierophant:Alms","hierophant:RepressedViolence"],"picked":"hierophant:Doubloon","floor":10},{"not_picked":["hierophant:Doomsaying","hierophant:FlamingChariot"],"picked":"hierophant:BulkyChest","floor":11},{"not_picked":["hierophant:SealAway","hierophant:PassingBell"],"picked":"hierophant:MirrorShield","floor":12},{"not_picked":["hierophant:CursedGold","hierophant:ArchangelShield","hierophant:RepressedViolence"],"picked":"SKIP","floor":14},{"not_picked":["hierophant:Determination","hierophant:Generosity"],"picked":"hierophant:Batter","floor":16},{"not_picked":["hierophant:FieryStrike","hierophant:PassingBell"],"picked":"hierophant:Dazzle","floor":18},{"not_picked":["hierophant:Encroach","hierophant:MorningPrayer"],"picked":"hierophant:Endure","floor":19},{"not_picked":["hierophant:HammerAndAnvil","hierophant:RepressedViolence"],"picked":"hierophant:MintersHammer","floor":22},{"not_picked":["hierophant:Zeal","hierophant:Endure","hierophant:PassingBell"],"picked":"SKIP","floor":23},{"not_picked":["hierophant:TollTheBells","hierophant:PassingBell"],"picked":"hierophant:Doubloon","floor":25},{"not_picked":["hierophant:MorningPrayer+1","hierophant:Community+1"],"picked":"hierophant:Shelter","floor":28},{"not_picked":["hierophant:AuricShield","hierophant:Purify"],"picked":"hierophant:Shelter","floor":29},{"not_picked":["hierophant:DisplayOfPower","hierophant:MorningPrayer+1"],"picked":"hierophant:Remorse+1","floor":30},{"not_picked":["hierophant:Doomsaying","hierophant:Zeal"],"picked":"hierophant:AuricBeam","floor":31},{"not_picked":["hierophant:Batter","hierophant:Determination+1"],"picked":"hierophant:Invocation","floor":33},{"not_picked":["hierophant:Purify","hierophant:FlamingChariot","hierophant:Doubloon"],"picked":"SKIP","floor":35},{"not_picked":["hierophant:DisplayOfPower","hierophant:SealAway","hierophant:Doomsaying"],"picked":"SKIP","floor":37},{"not_picked":["hierophant:ConvertCurrency","hierophant:Blessing"],"picked":"hierophant:HammerAndAnvil+1","floor":39},{"not_picked":["hierophant:PristineSoul+1","hierophant:HammerAndAnvil+1"],"picked":"hierophant:BulkyChest","floor":40},{"not_picked":["hierophant:Racketeering","hierophant:RepressedViolence+1"],"picked":"hierophant:Endure+1","floor":41},{"not_picked":["hierophant:EyeForCoin","hierophant:Refuge+1"],"picked":"hierophant:Community+1","floor":44},{"not_picked":["Discovery","Sadistic Nature+1"],"picked":"Enlightenment","floor":45},{"not_picked":["hierophant:SecretStash","hierophant:SealAway+1"],"picked":"hierophant:Purify+1","floor":46}],"player_experience":1822716,"relics_obtained":[{"floor":6,"key":"Strawberry"},{"floor":9,"key":"Ancient Tea Set"},{"floor":11,"key":"Blood Vial"},{"floor":23,"key":"TungstenRod"},{"floor":25,"key":"Frozen Egg 2"},{"floor":26,"key":"Shovel"},{"floor":28,"key":"Gambling Chip"},{"floor":30,"key":"Bag of Marbles"},{"floor":40,"key":"Molten Egg 2"},{"floor":41,"key":"Thread and Needle"},{"floor":42,"key":"Blue Candle"},{"floor":43,"key":"StrikeDummy"},{"floor":44,"key":"Dream Catcher"},{"floor":46,"key":"Meat on the Bone"},{"floor":49,"key":"hierophant:DonationBoxRelic"}],"event_choices":[{"damage_healed":0,"gold_gain":150,"player_choice":"AGREE","damage_taken":0,"max_hp_gain":0,"max_hp_loss":0,"event_name":"Liars Game","floor":2,"gold_loss":0,"cards_obtained":["Doubt"]},{"damage_healed":27,"gold_gain":0,"player_choice":"Banana","damage_taken":0,"max_hp_gain":0,"max_hp_loss":0,"event_name":"Big Fish","floor":7,"gold_loss":0},{"cards_removed":["hierophant:Strike_Hierophant"],"damage_healed":0,"gold_gain":0,"player_choice":"Purged","damage_taken":0,"max_hp_gain":0,"max_hp_loss":0,"event_name":"Purifier","floor":13,"gold_loss":0},{"damage_healed":0,"gold_gain":0,"player_choice":"Obtained Relic","damage_taken":0,"relics_obtained":["InkBottle"],"max_hp_gain":0,"max_hp_loss":0,"event_name":"Addict","floor":20,"gold_loss":85},{"damage_healed":0,"gold_gain":0,"player_choice":"Ignored","damage_taken":0,"max_hp_gain":0,"max_hp_loss":0,"event_name":"Tomb of Lord Red Mask","floor":36,"gold_loss":0},{"damage_healed":0,"gold_gain":0,"player_choice":"Fight","damage_taken":0,"max_hp_gain":0,"max_hp_loss":0,"event_name":"Mysterious Sphere","floor":41,"gold_loss":0},{"damage_healed":0,"gold_gain":0,"player_choice":"Memory 3","damage_taken":10,"max_hp_gain":0,"max_hp_loss":0,"event_name":"SensoryStone","floor":45,"gold_loss":0},{"damage_healed":0,"gold_gain":0,"player_choice":"Max HP","damage_taken":0,"max_hp_gain":0,"max_hp_loss":5,"event_name":"Winding Halls","floor":47,"gold_loss":0}],"is_beta":false,"boss_relics":[{"not_picked":["Sozu","Snecko Eye"],"picked":"Pandora\u0027s Box"},{"not_picked":["Empty Cage","Busted Crown"],"picked":"Fusion Hammer"}],"items_purged_floors":[3],"is_endless":false,"potions_floor_spawned":[10,11,14,16,18,22,23,31,33,39,40,41],"ascension_level":15}}