{"host":"5gc11emcm5chfr5t","time":1607846323,"event":{"mods":["2.2 Compatiblity","AchievementEnabler","BaseMod","Bestiary","Better Note","Colored Map","Colored Powertips","Googly Eyes","Minty Spire (QoL Compilation)","Rare Cards Sparkle","StSLib"],"gold_per_floor":[112,287,297,297,313,313,324,356,438,450,469,494,494,507,507,602,602,622,148,168,187,187,187,219,233,233,233,233,233,233,253,253,253,253],"floor_reached":33,"playtime":1350,"items_purged":[],"score":304,"play_id":"6d9adcb8-e472-434d-896f-50a23ceead8a","local_time":"20201213025843","is_ascension_mode":false,"campfire_choices":[{"data":"Eruption","floor":6,"key":"SMITH"},{"floor":13,"key":"REST"},{"floor":15,"key":"REST"},{"floor":23,"key":"REST"},{"floor":28,"key":"REST"},{"floor":32,"key":"REST"}],"circlet_count":0,"master_deck":["Strike_P","Strike_P","Strike_P","Defend_P","Defend_P","Eruption+1","Vigilance","FlyingSleeves","Wallop","Halt","EmptyFist","EmptyBody","Prostrate","DeceiveReality","Alpha","ThirdEye","Devotion","PathToVictory+1","Nirvana+1","DeceiveReality+1","Bandage Up","DeusExMachina","Prostrate","Swivel+1","Ghostly","Ghostly","Ghostly","Ghostly","Ghostly","Protect"],"relics":["PureWater","NeowsBlessing","Torii","Akabeko","Astrolabe","Vajra","Yang","MealTicket","Question Card","Anchor"],"acts_visited":["Exordium","TheCity"],"potions_floor_usage":[8,12,12,18,20,24,25,33],"damage_taken":[{"damage":0,"enemies":"2 Louse","floor":1,"turns":1},{"damage":0,"enemies":"Small Slimes","floor":3,"turns":1},{"damage":0,"enemies":"Jaw Worm","floor":5,"turns":1},{"damage":5,"enemies":"Red Slaver","floor":7,"turns":3},{"damage":30,"enemies":"3 Sentries","floor":8,"turns":9},{"damage":0,"enemies":"Large Slime","floor":10,"turns":3},{"damage":1,"enemies":"2 Fungi Beasts","floor":11,"turns":4},{"damage":1,"enemies":"Lagavulin","floor":12,"turns":11},{"damage":0,"enemies":"Blue Slaver","floor":14,"turns":1},{"damage":30,"enemies":"Hexaghost","floor":16,"turns":7},{"damage":1,"enemies":"Spheric Guardian","floor":18,"turns":5},{"damage":15,"enemies":"Chosen","floor":20,"turns":5},{"damage":9,"enemies":"Snake Plant","floor":21,"turns":5},{"damage":51,"enemies":"Gremlin Leader","floor":24,"turns":9},{"damage":16,"enemies":"Centurion and Healer","floor":25,"turns":6},{"damage":18,"enemies":"Chosen and Byrds","floor":31,"turns":9},{"damage":23,"enemies":"Automaton","floor":33,"turns":6}],"seed_played":"-7554733532158696723","potions_obtained":[{"floor":1,"key":"SpeedPotion"},{"floor":3,"key":"Dexterity Potion"},{"floor":5,"key":"BottledMiracle"},{"floor":7,"key":"Ancient Potion"},{"floor":16,"key":"Swift Potion"},{"floor":18,"key":"SneckoOil"},{"floor":24,"key":"BottledMiracle"},{"floor":31,"key":"GamblersBrew"}],"is_trial":false,"path_per_floor":["M","?","M","?","M","R","M","E","T","M","M","E","R","M","R","B",null,"M","$","M","M","?","R","E","M","T","?","R","?","?","M","R","B"],"character_chosen":"WATCHER","items_purchased":["Vajra","Yang","Bandage Up"],"campfire_rested":5,"item_purchase_floors":[19,19,19],"current_hp_per_floor":[72,72,72,72,72,72,67,37,37,37,36,35,56,56,72,42,72,71,71,56,51,39,60,13,1,1,1,22,22,22,8,18,0,0],"gold":253,"neow_bonus":"THREE_ENEMY_KILL","is_daily":false,"chose_seed":false,"campfire_upgraded":1,"win_rate":0.0,"timestamp":1607846323,"path_taken":["M","?","M","?","M","R","M","E","T","M","M","E","R","M","R","BOSS","M","$","M","M","?","R","E","M","T","?","R","?","?","M","R","BOSS"],"items_purchased_type":["Relic","Relic","Card"],"build_version":"2020-11-30","purchased_purges":0,"victory":false,"max_hp_per_floor":[72,72,72,72,72,72,72,72,72,72,72,72,72,72,72,72,72,72,72,72,72,72,72,72,72,72,72,72,72,36,36,36,36,36],"card_choices":[{"not_picked":["DeceiveReality","Weave"],"picked":"FlyingSleeves","floor":1},{"not_picked":["JustLucky","Pray"],"picked":"Wallop","floor":3},{"not_picked":["PathToVictory","FlurryOfBlows"],"picked":"Halt","floor":5},{"not_picked":["SandsOfTime","Study"],"picked":"EmptyFist","floor":7},{"not_picked":["EmptyFist","SandsOfTime"],"picked":"EmptyBody","floor":8},{"not_picked":["Vengeance","Adaptation"],"picked":"Prostrate","floor":10},{"not_picked":["EmptyBody","Protect"],"picked":"DeceiveReality","floor":11},{"not_picked":["Halt","Evaluate"],"picked":"Alpha","floor":12},{"not_picked":["WreathOfFlame","FlyingSleeves"],"picked":"ThirdEye","floor":14},{"not_picked":["Blasphemy","Judgement"],"picked":"Devotion","floor":16},{"not_picked":["EmptyBody","ClearTheMind","Evaluate"],"picked":"SKIP","floor":18},{"not_picked":["EmptyBody","FlyingSleeves","WheelKick"],"picked":"SKIP","floor":20},{"not_picked":["CrushJoints+1","FlyingSleeves+1"],"picked":"DeusExMachina","floor":21},{"not_picked":["LikeWater","JustLucky+1"],"picked":"Prostrate","floor":24},{"not_picked":["EmptyFist","JustLucky"],"picked":"Swivel+1","floor":25},{"not_picked":["Evaluate","FollowUp","SashWhip+1"],"picked":"Protect","floor":31}],"player_experience":331033,"relics_obtained":[{"floor":8,"key":"Torii"},{"floor":12,"key":"Akabeko"},{"floor":24,"key":"MealTicket"},{"floor":26,"key":"Question Card"}],"event_choices":[{"damage_healed":0,"gold_gain":175,"player_choice":"AGREE","damage_taken":0,"max_hp_gain":0,"max_hp_loss":0,"event_name":"Liars Game","floor":2,"gold_loss":0,"cards_obtained":["Doubt"]},{"cards_removed":["Doubt"],"damage_healed":0,"gold_gain":0,"player_choice":"Forget","damage_taken":0,"max_hp_gain":0,"max_hp_loss":0,"event_name":"Living Wall","floor":4,"gold_loss":0},{"damage_healed":0,"gold_gain":0,"player_choice":"POTION ","damage_taken":12,"max_hp_gain":0,"max_hp_loss":0,"event_name":"Knowing Skull","floor":22,"potions_obtained":["EssenceOfSteel"],"gold_loss":0,"cards_obtained":[]},{"cards_removed":["FlyingSleeves"],"damage_healed":0,"gold_gain":0,"player_choice":"Give","damage_taken":0,"max_hp_gain":0,"max_hp_loss":0,"event_name":"betterNote:BetterNote","floor":27,"gold_loss":0,"cards_obtained":["Defend_B"]},{"damage_healed":0,"gold_gain":0,"player_choice":"Opened","damage_taken":0,"relics_obtained":["Anchor"],"max_hp_gain":0,"max_hp_loss":0,"event_name":"The Mausoleum","floor":29,"gold_loss":0},{"damage_healed":0,"gold_gain":0,"player_choice":"Became a Ghost","damage_taken":0,"max_hp_gain":0,"max_hp_loss":36,"event_name":"Ghosts","floor":30,"gold_loss":0,"cards_obtained":["Ghostly","Ghostly","Ghostly","Ghostly","Ghostly"]}],"is_beta":false,"boss_relics":[{"not_picked":["Runic Dome","Runic Pyramid"],"picked":"Astrolabe"}],"items_purged_floors":[],"is_endless":false,"potions_floor_spawned":[1,3,5,7,16,18,24,31],"killed_by":"Automaton","ascension_level":0}}