{"host":"8zzc9mdnfkdiyxma","time":1607841220,"event":{"mods":["2.2 Compatiblity","BaseMod","Better Altar","Better Match","Better Note","Better Sensory Stone","Better Skull","Better Third Choice","Better Vampires","Colored Map","Colored Powertips","Emptier Cage","Energized Spire","Halation","Minty Spire (QoL Compilation)","Permanent Neow","Rare Cards Sparkle","Relic Filter","SacredBarkPlus","StSLib","Waifu the Spire"],"gold_per_floor":[114,114,39,39,59,59,85,96,123,164,89,98,98,134,134,219,219,248,257,284,303,327,327,365,365,389,389,423,446,465,492,501,589,589,612,612,612,612],"floor_reached":37,"playtime":1669,"items_purged":["Defend_P"],"score":847,"play_id":"f523e699-0097-4eb2-b413-0523681ecda1","local_time":"20201213013340","is_ascension_mode":true,"campfire_choices":[{"floor":6,"key":"REST"},{"data":"CrushJoints","floor":13,"key":"SMITH"},{"data":"Protect","floor":15,"key":"SMITH"},{"floor":23,"key":"REST"},{"floor":27,"key":"REST"},{"floor":32,"key":"REST"}],"circlet_count":0,"master_deck":["AscendersBane","Strike_P","Strike_P","Strike_P","Strike_P","Eruption","Vigilance","Vengeance","WaveOfTheHand","CarveReality+1","Brilliance","CrushJoints+1","WheelKick","Blind","Protect+1","Devotion","BowlingBash","Ragnarok","BattleHymn","BowlingBash+1","Protect","Pray","FollowUp","Establishment","Meditate"],"relics":["PureWater","Dream Catcher","Tiny Chest","CeramicFish","Damaru","Sozu","Bag of Preparation","Pen Nib","MutagenicStrength","Akabeko","Nunchaku","Regal Pillow","Whetstone","SlaversCollar"],"acts_visited":["Exordium","TheCity","TheBeyond"],"potions_floor_usage":[7,7,10,30],"damage_taken":[{"damage":4,"enemies":"2 Louse","floor":1,"turns":4},{"damage":4,"enemies":"Jaw Worm","floor":5,"turns":2},{"damage":11,"enemies":"Lagavulin","floor":7,"turns":4},{"damage":0,"enemies":"Cultist","floor":8,"turns":2},{"damage":0,"enemies":"Gremlin Nob","floor":10,"turns":2},{"damage":22,"enemies":"3 Sentries","floor":14,"turns":4},{"damage":17,"enemies":"Hexaghost","floor":16,"turns":7},{"damage":22,"enemies":"Spheric Guardian","floor":18,"turns":4},{"damage":0,"enemies":"Chosen","floor":21,"turns":2},{"damage":12,"enemies":"3 Cultists","floor":22,"turns":3},{"damage":32,"enemies":"Slavers","floor":24,"turns":4},{"damage":25,"enemies":"Book of Stabbing","floor":28,"turns":4},{"damage":0,"enemies":"Snake Plant","floor":30,"turns":1},{"damage":36,"enemies":"Automaton","floor":33,"turns":6},{"damage":0,"enemies":"Orb Walker","floor":35,"turns":1},{"damage":64,"enemies":"3 Darklings","floor":37,"turns":5}],"seed_played":"966015866239954431","potions_obtained":[{"floor":1,"key":"AttackPotion"},{"floor":5,"key":"ColorlessPotion"},{"floor":8,"key":"PowerPotion"},{"floor":16,"key":"PowerPotion"}],"is_trial":false,"path_per_floor":["M","?","$","?","M","R","E","M","T","E","?","?","R","E","R","B",null,"M","?","T","M","M","R","E","?","T","R","E","T","M","T","R","B",null,"M","?","M"],"character_chosen":"WATCHER","items_purchased":[],"campfire_rested":4,"item_purchase_floors":[],"current_hp_per_floor":[57,50,50,50,46,66,55,55,55,55,55,55,55,33,33,16,55,33,33,33,33,21,41,9,9,9,29,4,4,4,4,39,3,52,52,52,0,0],"gold":612,"neow_bonus":"RANDOM_COMMON_RELIC","is_daily":false,"chose_seed":false,"campfire_upgraded":2,"win_rate":0.0,"timestamp":1607841220,"path_taken":["M","?","$","?","?","R","E","M","T","E","?","?","R","E","R","BOSS","M","?","?","M","?","R","E","?","T","R","E","?","M","?","R","BOSS","M","?","M"],"items_purchased_type":[],"build_version":"2020-11-30","purchased_purges":1,"victory":false,"max_hp_per_floor":[68,68,68,68,68,68,68,68,68,68,68,68,68,68,68,68,68,68,68,68,68,68,68,68,68,68,68,68,68,68,68,68,68,68,68,68,68,68],"card_choices":[{"not_picked":["EmptyBody","Study"],"picked":"Vengeance","floor":1},{"not_picked":["EmptyMind","EmptyFist"],"picked":"WaveOfTheHand","floor":5},{"not_picked":["EmptyBody","Adaptation"],"picked":"CarveReality","floor":6},{"not_picked":["Crescendo","SashWhip"],"picked":"Brilliance","floor":7},{"not_picked":["JustLucky","EmptyFist"],"picked":"CrushJoints","floor":8},{"not_picked":["Swivel","CrushJoints"],"picked":"WheelKick","floor":10},{"not_picked":["Purity","Finesse"],"picked":"Blind","floor":12},{"not_picked":["FollowUp","Judgement"],"picked":"Protect","floor":14},{"not_picked":["ConjureBlade","Judgement"],"picked":"Devotion","floor":16},{"not_picked":["FollowUp","Worship"],"picked":"BowlingBash","floor":18},{"not_picked":["BowlingBash","Adaptation"],"picked":"BattleHymn","floor":21},{"not_picked":["Evaluate","FollowUp"],"picked":"BowlingBash","floor":22},{"not_picked":["Sanctity+1","ReachHeaven"],"picked":"Protect","floor":24},{"not_picked":["PathToVictory","Tantrum","Sanctity"],"picked":"SKIP","floor":28},{"not_picked":["Adaptation","JustLucky"],"picked":"Pray","floor":30},{"not_picked":["ForeignInfluence","FlurryOfBlows"],"picked":"FollowUp","floor":32},{"not_picked":["Wish","Scrawl"],"picked":"Establishment","floor":33},{"not_picked":["FollowUp","SashWhip"],"picked":"Meditate","floor":35}],"player_experience":988740,"relics_obtained":[{"floor":7,"key":"Tiny Chest"},{"floor":10,"key":"CeramicFish"},{"floor":14,"key":"Damaru"},{"floor":20,"key":"Bag of Preparation"},{"floor":24,"key":"Pen Nib"},{"floor":26,"key":"Akabeko"},{"floor":28,"key":"Nunchaku"},{"floor":29,"key":"Regal Pillow"},{"floor":31,"key":"Whetstone"}],"event_choices":[{"cards_removed":["Defend_P"],"damage_healed":0,"gold_gain":0,"player_choice":"Card Removal","damage_taken":7,"max_hp_gain":0,"max_hp_loss":0,"event_name":"Golden Wing","floor":2,"gold_loss":0},{"cards_removed":["Defend_P"],"damage_healed":0,"gold_gain":0,"player_choice":"Purged","damage_taken":0,"max_hp_gain":0,"max_hp_loss":0,"event_name":"Purifier","floor":4,"gold_loss":0},{"cards_removed":["Defend_P"],"damage_healed":0,"gold_gain":0,"player_choice":"Card Removal","damage_taken":0,"max_hp_gain":0,"max_hp_loss":0,"event_name":"The Cleric","floor":11,"gold_loss":75},{"damage_healed":0,"gold_gain":1,"player_choice":"1","damage_taken":0,"max_hp_gain":0,"max_hp_loss":0,"event_name":"betterStone:BetterStone","floor":12,"gold_loss":0},{"cards_removed":["Protect"],"damage_healed":0,"gold_gain":0,"player_choice":"Take \u0026 Give","damage_taken":0,"max_hp_gain":0,"max_hp_loss":0,"event_name":"betterNote:BetterNote","floor":19,"gold_loss":0,"cards_obtained":["Ragnarok"]},{"damage_healed":0,"gold_gain":0,"player_choice":"Inject Mutagens","damage_taken":0,"relics_obtained":["MutagenicStrength"],"max_hp_gain":0,"max_hp_loss":0,"event_name":"Drug Dealer","floor":25,"gold_loss":0}],"is_beta":false,"boss_relics":[{"not_picked":["Pandora\u0027s Box","SacredBark"],"picked":"Sozu"},{"not_picked":["Busted Crown","Tiny House"],"picked":"SlaversCollar"}],"items_purged_floors":[3],"is_endless":false,"potions_floor_spawned":[1,5,8,16,21,22,28,30,33,35],"killed_by":"3 Darklings","ascension_level":18}}