{"host":"1c52r9kaxdyo25eq","time":1607873674,"event":{"mods":["AchievementEnabler","BaseMod","Minty Spire (QoL Compilation)","Rare Cards Sparkle","SuperFastMode","everything is the same but u backflip on backflip"],"gold_per_floor":[369,369,385,21,21,21,31,31,31,31,31,49,49,68,68,168,168,180,95,95,114,131,131,160,160,160,9,9,9,369,165,165,260,260,270,288,26,0,0,35,35,51,51,62,62,90,106,106,106,106,106,106,72,98,98,98],"floor_reached":55,"playtime":1905,"items_purged":["Pain","Strike_R","Strike_R"],"score":866,"play_id":"8cbfb3aa-1740-4b6d-9836-cf169e6db4c8","local_time":"20201214003434","is_ascension_mode":true,"campfire_choices":[{"data":"Bash","floor":6.0,"key":"SMITH"},{"data":"Shrug It Off","floor":8.0,"key":"SMITH"},{"data":"Entrench","floor":15.0,"key":"SMITH"},{"data":"True Grit","floor":23.0,"key":"SMITH"},{"floor":25.0,"key":"REST"},{"floor":28.0,"key":"REST"},{"floor":32.0,"key":"REST"},{"floor":41.0,"key":"RECALL"},{"floor":45.0,"key":"REST"},{"floor":49.0,"key":"REST"},{"data":"Strike_R","floor":52.0,"key":"SMITH"}],"circlet_count":0,"master_deck":["Strike_R+1","Strike_R+1","Defend_R","Defend_R","Defend_R+1","Defend_R","Bash+1","Shrug It Off+1","Entrench+1","Metallicize+1","Barricade+1","True Grit+1","Juggernaut+1","Body Slam+1","Second Wind+1","Feel No Pain+1"],"relics":["Burning Blood","Frozen Egg 2","Blood Vial","Omamori","Runic Pyramid","Gremlin Horn","Nilry\u0027s Codex","Nunchaku","Strawberry","Medical Kit","Membership Card","Cursed Key","Bottled Lightning","OrangePellets","Red Mask","Pen Nib","Sundial","Molten Egg 2","WarpedTongs","Bronze Scales"],"acts_visited":["Exordium","TheCity","TheBeyond","TheEnding"],"potions_floor_usage":[55],"damage_taken":[{"damage":14.0,"enemies":"Jaw Worm","floor":1.0,"turns":4.0},{"damage":2.0,"enemies":"2 Louse","floor":3.0,"turns":3.0},{"damage":8.0,"enemies":"Cultist","floor":7.0,"turns":4.0},{"damage":18.0,"enemies":"3 Louse","floor":12.0,"turns":5.0},{"damage":10.0,"enemies":"Exordium Wildlife","floor":14.0,"turns":4.0},{"damage":45.0,"enemies":"Slime Boss","floor":16.0,"turns":20.0},{"damage":0.0,"enemies":"Chosen","floor":18.0,"turns":9.0},{"damage":8.0,"enemies":"Shell Parasite","floor":21.0,"turns":8.0},{"damage":2.0,"enemies":"Snake Plant","floor":22.0,"turns":12.0},{"damage":95.0,"enemies":"Slavers","floor":24.0,"turns":12.0},{"damage":35.0,"enemies":"Collector","floor":33.0,"turns":8.0},{"damage":8.0,"enemies":"Orb Walker","floor":35.0,"turns":4.0},{"damage":26.0,"enemies":"3 Shapes","floor":36.0,"turns":5.0},{"damage":6.0,"enemies":"Giant Head","floor":40.0,"turns":12.0},{"damage":3.0,"enemies":"3 Darklings","floor":42.0,"turns":6.0},{"damage":37.0,"enemies":"Sphere and 2 Shapes","floor":44.0,"turns":5.0},{"damage":3.0,"enemies":"Nemesis","floor":46.0,"turns":5.0},{"damage":20.0,"enemies":"4 Shapes","floor":47.0,"turns":5.0},{"damage":9.0,"enemies":"Awakened One","floor":50.0,"turns":7.0},{"damage":62.0,"enemies":"Shield and Spear","floor":54.0,"turns":6.0},{"damage":40,"enemies":"The Heart","floor":55,"turns":3}],"seed_played":"-1915409122242288641","potions_obtained":[{"floor":12.0,"key":"FairyPotion"},{"floor":14.0,"key":"ColorlessPotion"},{"floor":24.0,"key":"FearPotion"},{"floor":33.0,"key":"PowerPotion"},{"floor":36.0,"key":"Swift Potion"},{"floor":54.0,"key":"BlessingOfTheForge"}],"is_trial":false,"path_per_floor":["M","?","M","$","?","R","M","R","T","T","$","M","?","M","R","B",null,"M","?","?","M","M","R","E","R","T","$","R","$","?","$","R","B",null,"M","M","$","?","?","E","R","M","T","M","R","E","M","?","R","B",null,"R","$","E","B"],"character_chosen":"IRONCLAD","items_purchased":["Frozen Egg 2","Feel No Pain+1","Medical Kit","Membership Card","Bottled Lightning","OrangePellets","Feel No Pain+1"],"campfire_rested":5,"item_purchase_floors":[4,4,27,31,37,37,53],"current_hp_per_floor":[72,77,81,81,64,64,62,62,62,62,62,52,52,50,50,13,85,85,85,69,69,75,75,18,43,50,50,77,77,41,41,68,41,92,90,72,72,72,72,74,74,79,79,50,77,82,70,70,92,89,92,92,92,36,0,0],"gold":98,"neow_bonus":"TWO_FIFTY_GOLD","is_daily":false,"chose_seed":false,"campfire_upgraded":5,"win_rate":0.0,"timestamp":1607873674,"path_taken":["M","?","M","$","?","R","M","R","T","?","$","?","?","?","R","BOSS","M","?","?","M","M","R","E","R","T","?","R","$","?","$","R","BOSS","M","M","$","?","?","E","R","M","T","M","R","E","M","?","R","BOSS","R","$","E","BOSS"],"items_purchased_type":["Relic","Card","Relic","Relic","Relic","Relic","Card"],"build_version":"2020-11-30","purchased_purges":3,"victory":false,"max_hp_per_floor":[80,85,85,85,85,85,85,85,85,85,85,85,85,85,85,85,85,85,85,85,85,85,85,85,85,92,92,92,92,92,92,92,92,92,92,92,92,92,92,92,92,92,92,92,92,92,92,92,92,92,92,92,92,92,92,92],"card_choices":[{"not_picked":["True Grit","Sentinel","Iron Wave"],"picked":"SKIP","floor":1.0},{"not_picked":["True Grit","Sentinel","Iron Wave"],"picked":"SKIP","floor":1.0},{"not_picked":["Havoc","Warcry","Cleave"],"picked":"SKIP","floor":3.0},{"not_picked":["Havoc","Cleave"],"picked":"Shrug It Off","floor":7.0},{"not_picked":["Pommel Strike","Body Slam"],"picked":"Entrench","floor":12.0},{"not_picked":["Wild Strike","Twin Strike"],"picked":"Metallicize+1","floor":14.0},{"not_picked":["Bludgeon","Berserk+1"],"picked":"Barricade+1","floor":16.0},{"not_picked":["Rupture+1","Metallicize+1"],"picked":"True Grit","floor":18.0},{"not_picked":["Entrench","Anger","Thunderclap"],"picked":"SKIP","floor":21.0},{"not_picked":["Wild Strike+1","Anger","Blood for Blood"],"picked":"SKIP","floor":22.0},{"not_picked":["Sword Boomerang","Pommel Strike+1","Inflame+1"],"picked":"SKIP","floor":24.0},{"not_picked":["Brutality+1","Corruption+1"],"picked":"Juggernaut+1","floor":33.0},{"not_picked":["Flex","Wild Strike+1","Rupture+1"],"picked":"SKIP","floor":35.0},{"not_picked":["Armaments+1","Clothesline+1","Thunderclap+1"],"picked":"SKIP","floor":36.0},{"not_picked":["Sword Boomerang+1","Berserk+1","Warcry"],"picked":"SKIP","floor":40.0},{"not_picked":["Havoc+1","Inflame+1","Anger+1"],"picked":"SKIP","floor":42.0},{"not_picked":["Bloodletting+1","Pommel Strike"],"picked":"Body Slam+1","floor":44.0},{"not_picked":["Feel No Pain+1","Hemokinesis+1"],"picked":"Second Wind+1","floor":46.0},{"not_picked":["Bludgeon+1","Reckless Charge+1","Havoc"],"picked":"SKIP","floor":47.0},{"not_picked":["Exhume","Sword Boomerang+1","True Grit"],"picked":"SKIP","floor":54.0}],"player_experience":471458,"relics_obtained":[{"floor":9.0,"key":"Blood Vial"},{"floor":20.0,"key":"Nilry\u0027s Codex"},{"floor":24.0,"key":"Nunchaku"},{"floor":26.0,"key":"Strawberry"},{"floor":40.0,"key":"Pen Nib"},{"floor":43.0,"key":"Sundial"},{"floor":46.0,"key":"Molten Egg 2"},{"floor":54.0,"key":"Bronze Scales"}],"event_choices":[{"damage_healed":0.0,"max_hp_gain":5.0,"max_hp_loss":0.0,"gold_gain":0.0,"event_name":"Big Fish","player_choice":"Donut","floor":2.0,"gold_loss":0.0,"damage_taken":0.0},{"damage_healed":0.0,"max_hp_gain":0.0,"max_hp_loss":0.0,"gold_gain":0.0,"event_name":"Shining Light","player_choice":"Entered Light","floor":5.0,"gold_loss":0.0,"damage_taken":17.0,"cards_upgraded":["Defend_R","Strike_R"]},{"cards_removed":["Feel No Pain"],"damage_healed":0.0,"max_hp_gain":0.0,"max_hp_loss":0.0,"gold_gain":0.0,"event_name":"WeMeetAgain","player_choice":"Gave Card","floor":13.0,"gold_loss":0.0,"damage_taken":0.0,"relics_obtained":["Omamori"]},{"damage_healed":0.0,"max_hp_gain":0.0,"max_hp_loss":0.0,"gold_gain":0.0,"event_name":"Addict","player_choice":"Obtained Relic","floor":19.0,"gold_loss":85.0,"damage_taken":0.0,"relics_obtained":["Gremlin Horn"]},{"damage_healed":0.0,"max_hp_gain":0.0,"max_hp_loss":0.0,"gold_gain":0.0,"event_name":"Cursed Tome","player_choice":"Obtained Book","floor":20.0,"gold_loss":0.0,"damage_taken":16.0},{"damage_healed":0.0,"max_hp_gain":0.0,"max_hp_loss":0.0,"gold_gain":360.0,"event_name":"Knowing Skull","player_choice":"GOLD GOLD GOLD GOLD ","floor":30.0,"potions_obtained":[],"gold_loss":0.0,"damage_taken":36.0,"cards_obtained":[]},{"damage_healed":0.0,"max_hp_gain":0.0,"max_hp_loss":0.0,"gold_gain":0.0,"event_name":"Tomb of Lord Red Mask","player_choice":"Paid","floor":38.0,"gold_loss":26.0,"damage_taken":0.0,"relics_obtained":["Red Mask"]},{"cards_removed":["Strike_R"],"damage_healed":0.0,"max_hp_gain":0.0,"max_hp_loss":0.0,"gold_gain":0.0,"event_name":"Falling","player_choice":"Removed Attack","floor":39.0,"gold_loss":0.0,"damage_taken":0.0},{"damage_healed":0.0,"max_hp_gain":0.0,"max_hp_loss":0.0,"gold_gain":0.0,"event_name":"Accursed Blacksmith","player_choice":"Rummage","floor":48.0,"gold_loss":0.0,"damage_taken":0.0,"relics_obtained":["WarpedTongs"],"cards_obtained":["Pain"]}],"is_beta":false,"boss_relics":[{"not_picked":["Mark of Pain","Ectoplasm"],"picked":"Runic Pyramid"},{"not_picked":["Philosopher\u0027s Stone","Snecko Eye"],"picked":"Cursed Key"}],"items_purged_floors":[4,31,37],"is_endless":false,"potions_floor_spawned":[12,14,24,33,36,44,46,54],"killed_by":"The Heart","ascension_level":3}}