{"host":"htqwg582tjjtn9p7","time":1607851281,"event":{"mods":["2.2 Compatiblity","AchievementEnabler","Act Like it!","Aspiration","BaseMod","Better Third Choice","Colored Map","Conspire","Curses Come First","Displayed Cursed Tome","Energized Spire","Force Act Four","GifTheSpireLib","Hermit","Highlight Path","JesterMod","Mad Scientist","Minty Spire (QoL Compilation)","Pale of the Ancients","Permanent Neow","Random Character Button","Relic Stats","Replay The Spire","Robot Space Explorer","Somnambulant","Spicy Shops","Spikes Relics","StSLib","Stuff the Spire","The Blue Laboratory","The Disciple","The Dragon Tamer","The Forsaken","The Gatherer","The Judge","The Jungle","The Runesmith","The Servant 0.9.4"],"gold_per_floor":[111,111,124,141,155,188,188,213,213,65,94,106,135,147,147,225,225,243,259,34,44,44,44,63,88,88,107,107,123,123,135,135,135,135],"floor_reached":33,"playtime":1663,"items_purged":["Pain","Strike_R","Strike_R"],"score":571,"play_id":"e965177e-bb0d-4860-b243-b9b522654b45","local_time":"20201213102121","is_ascension_mode":true,"campfire_choices":[{"data":"Anger","floor":15,"key":"SMITH"},{"data":"Anger+1","floor":23,"key":"SMITH"},{"floor":28,"key":"REST"},{"data":"Anger+2","floor":30,"key":"SMITH"},{"data":"Anger+3","floor":32,"key":"SMITH"}],"circlet_count":0,"master_deck":["AscendersBane","Defend_R","Defend_R","Defend_R","Bash+1","Hemogenesis","Anger+4","Pommel Strike","Spot Weakness","Shrug It Off+1","ReplayTheSpireMod:Stacked","True Grit","StuffTheSpire:Slingshot","Corruption","True Grit","StuffTheSpire:Slingshot+1","Shrug It Off"],"relics":["Burning Blood","WarpedTongs","Gremlin Food","conspire:InfiniteJournal","Divine Protection","StuffTheSpire:Rhapsscallions","ShockBauble","energizedSpire:DecayingSkull","theForsaken:Gavel","Replay:Kaleidoscope"],"acts_visited":["Exordium","TheCity"],"potions_floor_usage":[13,25],"damage_taken":[{"damage":1,"enemies":"2 Louse","floor":1,"turns":3},{"damage":8,"enemies":"Cultist","floor":3,"turns":3},{"damage":10,"enemies":"Jaw Worm","floor":4,"turns":3},{"damage":14,"enemies":"Exordium Wildlife","floor":5,"turns":4},{"damage":21,"enemies":"Lagavulin","floor":6,"turns":8},{"damage":14,"enemies":"3 Sentries","floor":8,"turns":8},{"damage":21,"enemies":"Lagavulin","floor":11,"turns":6},{"damage":0,"enemies":"Exordium Thugs","floor":12,"turns":5},{"damage":0,"enemies":"3 Sentries","floor":13,"turns":10},{"damage":0,"enemies":"2 Fungi Beasts","floor":14,"turns":4},{"damage":52,"enemies":"Slime Boss","floor":16,"turns":14},{"damage":12,"enemies":"3 Byrds","floor":18,"turns":5},{"damage":17,"enemies":"Spheric Guardian","floor":19,"turns":6},{"damage":13,"enemies":"Shelled Parasite and Fungi","floor":21,"turns":7},{"damage":0,"enemies":"Centurion and Healer","floor":24,"turns":6},{"damage":43,"enemies":"Book of Stabbing","floor":25,"turns":6},{"damage":10,"enemies":"Snecko","floor":27,"turns":6},{"damage":0,"enemies":"Cultist and Chosen","floor":29,"turns":6},{"damage":0,"enemies":"Snake Plant","floor":31,"turns":4},{"damage":74,"enemies":"Collector","floor":33,"turns":8}],"seed_played":"4763523822637881987","potions_obtained":[{"floor":1,"key":"SmokeBomb"},{"floor":4,"key":"blueLaboratory:PhilterOfMotion"},{"floor":5,"key":"blueLaboratory:StoneskinPotion"},{"floor":13,"key":"blueLaboratory:AbyssPotion"},{"floor":19,"key":"Fire Potion"},{"floor":24,"key":"Swift Potion"},{"floor":25,"key":"blueLaboratory:PhilterOfMotion"}],"is_trial":false,"path_per_floor":["M","?","M","M","M","E","?","E","T","$","E","M","E","M","R","B",null,"M","M","$","M","?","R","M","E","T","M","R","M","R","M","R","B"],"character_chosen":"IRONCLAD","items_purchased":["Dexterity Potion"],"campfire_rested":1,"item_purchase_floors":[10],"current_hp_per_floor":[68,68,68,64,63,48,48,45,45,45,34,47,58,64,64,23,60,59,55,55,53,53,53,66,34,34,37,58,71,71,72,72,5,5],"gold":135,"neow_bonus":"TRANSFORM_TWO_CARDS","is_daily":false,"chose_seed":false,"campfire_upgraded":4,"win_rate":0.0,"timestamp":1607851281,"path_taken":["M","?","M","?","M","E","?","E","T","?","E","?","E","M","R","BOSS","M","M","$","M","?","R","M","E","T","M","R","M","R","M","R","BOSS"],"items_purchased_type":["Potion"],"build_version":"2020-11-30","purchased_purges":3,"victory":false,"max_hp_per_floor":[68,68,68,68,68,68,68,68,68,68,72,72,72,72,72,72,72,72,72,72,72,72,72,72,72,72,72,72,72,72,72,72,72,72],"relic_stats":{"counters":[20,122],"obtain_stats":[{"Gremlin Food":6,"Divine Protection":9,"ShockBauble":13,"StuffTheSpire:Rhapsscallions":11,"Replay:Kaleidoscope":26,"energizedSpire:DecayingSkull":17,"theForsaken:Gavel":25,"Burning Blood":0,"WarpedTongs":2,"conspire:InfiniteJournal":8},{"Gremlin Food":5,"Divine Protection":6,"ShockBauble":9,"StuffTheSpire:Rhapsscallions":7,"Replay:Kaleidoscope":16,"energizedSpire:DecayingSkull":11,"theForsaken:Gavel":16,"Burning Blood":0,"WarpedTongs":1,"conspire:InfiniteJournal":6},{"Gremlin Food":21,"Divine Protection":29,"ShockBauble":50,"StuffTheSpire:Rhapsscallions":35,"Replay:Kaleidoscope":98,"energizedSpire:DecayingSkull":68,"theForsaken:Gavel":98,"Burning Blood":0,"WarpedTongs":3,"conspire:InfiniteJournal":29}],"Burning Blood":96,"WarpedTongs":[112]},"card_choices":[{"not_picked":["Abandon","Armaments"],"picked":"Pommel Strike","floor":1},{"not_picked":["Clothesline","Heavy Blade"],"picked":"Spot Weakness","floor":3},{"not_picked":["Replay:Undeath\u0027s Touch","Heavy Blade","Massacre"],"picked":"SKIP","floor":4},{"not_picked":["StuffTheSpire:RockThrow","Perfected Strike"],"picked":"Shrug It Off","floor":5},{"not_picked":["Pommel Strike","conspire:ExplosiveBarrier"],"picked":"ReplayTheSpireMod:Stacked","floor":6},{"not_picked":["Searing Blow","Inflame"],"picked":"True Grit","floor":8},{"not_picked":["Sentinel","Exhume","Abandon"],"picked":"SKIP","floor":11},{"not_picked":["Inflame","Wild Strike"],"picked":"StuffTheSpire:Slingshot","floor":12},{"not_picked":["Rupture","Run Through","Anger"],"picked":"SKIP","floor":13},{"not_picked":["Sever Soul","Twin Strike","Headbutt"],"picked":"SKIP","floor":14},{"not_picked":["Brutality","conspire:Purge"],"picked":"Corruption","floor":16},{"not_picked":["Thunderclap","Anger","Replay:Undeath\u0027s Touch"],"picked":"SKIP","floor":18},{"not_picked":["Twin Strike","StuffTheSpire:Pyroclast"],"picked":"True Grit","floor":19},{"not_picked":["Searing Blow","Dual Wield","Clash+1"],"picked":"SKIP","floor":21},{"not_picked":["Replay:Undeath\u0027s Touch","Run Through","Berserk"],"picked":"SKIP","floor":24},{"not_picked":["Flex","Warcry","Dual Wield"],"picked":"SKIP","floor":25},{"not_picked":["Clothesline","Sever Soul","Fire Breathing"],"picked":"SKIP","floor":27},{"not_picked":["StuffTheSpire:Incineration","conspire:ExplosiveBarrier+1"],"picked":"StuffTheSpire:Slingshot+1","floor":29},{"not_picked":["Feed","StuffTheSpire:RockThrow"],"picked":"Shrug It Off","floor":31}],"player_experience":1662396,"relics_obtained":[{"floor":6,"key":"Gremlin Food"},{"floor":8,"key":"conspire:InfiniteJournal"},{"floor":9,"key":"Divine Protection"},{"floor":11,"key":"StuffTheSpire:Rhapsscallions"},{"floor":13,"key":"ShockBauble"},{"floor":25,"key":"theForsaken:Gavel"},{"floor":26,"key":"Replay:Kaleidoscope"}],"event_choices":[{"damage_healed":0,"gold_gain":0,"player_choice":"Rummage","damage_taken":0,"relics_obtained":["WarpedTongs"],"max_hp_gain":0,"max_hp_loss":0,"event_name":"Accursed Blacksmith","floor":2,"gold_loss":0,"cards_obtained":["Pain"]},{"cards_removed":["Defend_R"],"damage_healed":0,"gold_gain":0,"player_choice":"Purged","damage_taken":0,"max_hp_gain":0,"max_hp_loss":0,"event_name":"Purifier","floor":22,"gold_loss":0}],"is_beta":false,"boss_relics":[{"not_picked":["Calling Bell","energizedSpire:StickyHand"],"picked":"energizedSpire:DecayingSkull"}],"items_purged_floors":[10,20,20],"is_endless":false,"potions_floor_spawned":[1,4,5,13,16,19,24,25],"killed_by":"Collector","ascension_level":15}}