{"host":"mytek2nu1hrzdnew","time":1607829507,"event":{"mods":["Aspiration","BaseMod","Conspire","GifTheSpireLib","Gold Saver","Hubris","Infinite Spire","Minty Spire (QoL Compilation)","Replay The Spire","StSLib","Stuff the Spire","The Animator"],"gold_per_floor":[584,604,604,619,641,667,667,667,720,735,53,53,67,67,67,165,165,183,98,98,98,98,98,117,136,159,173,173,192,92,112,112,215,215,225,225,120,220,238,238,265,265,291,324,343,406,425,425,425,540,540,540],"floor_reached":51,"playtime":5939,"items_purged":["animator:Strike","animator:Strike","animator:Defend"],"score":782,"play_id":"8623a401-7012-4986-babf-dbdb038b98cf","local_time":"20201212221827","is_ascension_mode":false,"campfire_choices":[{"floor":7,"key":"REST"},{"floor":12,"key":"REST"},{"floor":15,"key":"REST"},{"floor":23,"key":"REST"},{"floor":32,"key":"REST"},{"data":"animator:Albedo","floor":40,"key":"SMITH"},{"data":"animator:MumenRider","floor":42,"key":"SMITH"},{"data":"animator:MumenRider","floor":49,"key":"SMITH"}],"circlet_count":0,"master_deck":["animator:Defend_OnePunchMan","animator:Genos","animator:MumenRider+1","animator:Konayuki+1","animator:PandorasActor","animator:Mitsuba+1","animator:Tatsumaki","animator:Albedo+1","animator:Saitama+1","animator:MumenRider+1","hubris:Fate","animator:MumenRider+1","animator:Genos","animator:Mitsuba","animator:FeridBathory+1","animator:Mikaela+1","infinitespire:NeuralNetwork","animator:Ainz+1"],"relics":["animator:LivingPicture","animator:TheMissingPiece","infinitespire:ShieldingShard","War Paint","StuffTheSpire:OldFever","Golden Egg","hubris:EmptyBottle","hubris:RunicObelisk","StuffTheSpire:PointBlank","animator:VividPicture","infinitespire:BottledMercury","Orichalcum","hubris:Towel","animator:RacePiece","Thread and Needle","StuffTheSpire:Gunfinga","Bronze Scales","PreservedInsect","StuffTheSpire:Barrel","infinitespire:CheckeredPen"],"acts_visited":["Exordium","TheCity","TheBeyond","Exordium"],"potions_floor_usage":[5,10,16,16,16,33,33,37,37,50,50],"damage_taken":[{"damage":10,"enemies":"Jaw Worm","floor":1,"turns":3},{"damage":0,"enemies":"Small Slimes","floor":2,"turns":3},{"damage":0,"enemies":"2 Louse","floor":4,"turns":2},{"damage":19,"enemies":"Exordium Wildlife","floor":5,"turns":7},{"damage":26,"enemies":"3 Sentries","floor":6,"turns":6},{"damage":3,"enemies":"2 Fungi Beasts","floor":10,"turns":4},{"damage":3,"enemies":"3 Louse","floor":13,"turns":3},{"damage":53,"enemies":"Slime Boss","floor":16,"turns":12},{"damage":13,"enemies":"Chosen","floor":18,"turns":5},{"damage":4,"enemies":"3 Byrds","floor":24,"turns":4},{"damage":11,"enemies":"3 Cultists","floor":25,"turns":6},{"damage":3,"enemies":"Cultist and Chosen","floor":27,"turns":6},{"damage":0,"enemies":"Centurion and Healer","floor":29,"turns":4},{"damage":0,"enemies":"Shelled Parasite and Fungi","floor":31,"turns":5},{"damage":26,"enemies":"Collector","floor":33,"turns":9},{"damage":0,"enemies":"3 Shapes","floor":35,"turns":4},{"damage":0,"enemies":"infinitespire:Three Voidlings","floor":38,"turns":5},{"damage":0,"enemies":"Nightmare_Alpha","floor":38,"turns":2},{"damage":0,"enemies":"Orb Walker","floor":39,"turns":3},{"damage":0,"enemies":"R_Hoarder","floor":41,"turns":5},{"damage":12,"enemies":"Nemesis","floor":44,"turns":5},{"damage":0,"enemies":"3 Darklings","floor":45,"turns":4},{"damage":0,"enemies":"Writhing Mass","floor":47,"turns":4},{"damage":0,"enemies":"Donu and Deca","floor":50,"turns":7}],"seed_played":"-448155833016268563","potions_obtained":[{"floor":1,"key":"DistilledChaos"},{"floor":6,"key":"SkillPotion"},{"floor":10,"key":"SkillPotion"},{"floor":13,"key":"Dexterity Potion"},{"floor":25,"key":"animator:FalseLifePotion"},{"floor":27,"key":"PowerPotion"},{"floor":35,"key":"Fire Potion"},{"floor":44,"key":"Explosive Potion"},{"floor":46,"key":"FairyPotion"}],"is_trial":false,"path_per_floor":["M","M","?","M","M","E","R","?","T","M","$","R","M","$","R","B",null,"M","?","?","?","AVR","R","M","M","T","M","?","M","$","M","R","B",null,"M","?","$","?","M","R","E","R","T","E","M","?","M","T","R","B",null],"character_chosen":"THE_ANIMATOR","items_purchased":["StuffTheSpire:OldFever","Golden Egg","hubris:EmptyBottle","AttackPotion","Fruit Juice"],"campfire_rested":5,"item_purchase_floors":[11,11,11,11,37],"current_hp_per_floor":[62,62,62,62,43,17,38,38,38,35,35,56,53,53,72,20,73,60,60,42,45,45,67,63,52,52,49,49,49,49,49,71,45,76,76,76,86,86,86,86,86,86,86,74,74,53,53,53,53,53,86,86],"gold":540,"neow_bonus":"TEN_PERCENT_HP_BONUS","is_daily":false,"chose_seed":false,"campfire_upgraded":3,"win_rate":0.0,"timestamp":1607829507,"path_taken":["M","M","?","M","M","E","R","?","T","M","$","R","M","$","R","BOSS","M","?","?","?","AVR","R","M","?","T","M","?","M","$","M","R","BOSS","M","?","$","?","M","R","E","R","T","E","M","?","?","?","R","BOSS"],"items_purchased_type":["Relic","Relic","Relic","Potion","Potion"],"build_version":"2020-11-30","purchased_purges":3,"victory":false,"max_hp_per_floor":[72,72,72,72,72,72,72,72,72,72,72,72,72,72,72,73,73,73,73,73,76,76,76,76,76,76,76,76,76,76,76,76,76,76,76,76,86,86,86,86,86,86,86,86,86,86,86,86,86,86,86,86],"card_choices":[{"not_picked":["animator:ElricAlphonse","animator:Yoichi"],"picked":"animator:Konayuki","floor":1},{"not_picked":["animator:EmiyaShirou","animator:Sloth"],"picked":"animator:PandorasActor","floor":2},{"not_picked":["animator:HiiragiShinya","animator:Sebas","animator:Verdia"],"picked":"SKIP","floor":4},{"not_picked":["animator:Genos","animator:MumenRider"],"picked":"animator:Tatsumaki","floor":5},{"not_picked":["animator:Vanir","animator:Genos"],"picked":"animator:Albedo","floor":6},{"not_picked":["animator:Shinoa","animator:Verdia","animator:Geryuganshoop"],"picked":"SKIP","floor":10},{"not_picked":["animator:Chris","animator:Kazuma","animator:Nanami"],"picked":"SKIP","floor":13},{"not_picked":["animator:Greed","animator:Guren"],"picked":"animator:Saitama","floor":16},{"not_picked":["animator:Sonic","animator:SilverFang"],"picked":"animator:MumenRider","floor":18},{"not_picked":["ReplayTheSpireMod:Chaos Vortex","ReplayTheSpireMod:Echoes of Time"],"picked":"hubris:Fate","floor":20},{"not_picked":["animator:Sebas","animator:Saber"],"picked":"animator:MumenRider+1","floor":24},{"not_picked":["animator:Alexander+1","animator:Yoichi+1","animator:Shinoa"],"picked":"SKIP","floor":25},{"not_picked":["animator:Cocytus","animator:ElricEdward","animator:Scar"],"picked":"SKIP","floor":27},{"not_picked":["animator:Rider","animator:Kazuma"],"picked":"animator:Genos","floor":29},{"not_picked":["animator:Kazuma","animator:Alexander","animator:Konayuki"],"picked":"SKIP","floor":31},{"not_picked":["animator:Entoma+1","animator:RoyMustang+1","animator:Scar"],"picked":"SKIP","floor":35},{"not_picked":["infinitespire:Execution","infinitespire:UltimateForm"],"picked":"infinitespire:NeuralNetwork","floor":38},{"not_picked":["animator:Yuuichirou+1","animator:Archer","animator:Yoichi+1"],"picked":"SKIP","floor":39},{"not_picked":["animator:HiiragiShinya","animator:Caster+1","animator:Yoichi"],"picked":"SKIP","floor":41},{"not_picked":["animator:ElricEdward+1","animator:Yoichi+1","animator:Geryuganshoop"],"picked":"SKIP","floor":44},{"not_picked":["animator:RinTohsaka","animator:Mitsuba+1","animator:Entoma"],"picked":"SKIP","floor":45},{"not_picked":["animator:ElricEdward","animator:PandorasActor+1","animator:Envy"],"picked":"SKIP","floor":47},{"not_picked":["animator:Father","animator:Albedo"],"picked":"animator:Ainz","floor":50}],"player_experience":1101108,"relics_obtained":[{"floor":6,"key":"infinitespire:ShieldingShard"},{"floor":9,"key":"War Paint"},{"floor":26,"key":"Orichalcum"},{"floor":38,"key":"Thread and Needle"},{"floor":41,"key":"StuffTheSpire:Gunfinga"},{"floor":43,"key":"Bronze Scales"},{"floor":44,"key":"PreservedInsect"},{"floor":46,"key":"StuffTheSpire:Barrel"},{"floor":48,"key":"infinitespire:CheckeredPen"}],"event_choices":[{"damage_healed":0,"gold_gain":0,"player_choice":"Ignored","damage_taken":0,"max_hp_gain":0,"max_hp_loss":0,"event_name":"Shining Light","floor":8,"gold_loss":0},{"damage_healed":0,"gold_gain":0,"player_choice":"Obtained Relic","damage_taken":0,"relics_obtained":["StuffTheSpire:PointBlank"],"max_hp_gain":0,"max_hp_loss":0,"event_name":"Addict","floor":19,"gold_loss":85}],"is_beta":false,"boss_relics":[{"not_picked":["ChewingGum","Philosopher\u0027s Stone"],"picked":"hubris:RunicObelisk"},{"not_picked":["StuffTheSpire:ModemDavis","hubris:Stopwatch"],"picked":"animator:RacePiece"},{"not_picked":["aspiration:FutureDiary","Replay:Drink Me","hubris:BlackHole"]}],"items_purged_floors":[11,22,30],"is_endless":true,"potions_floor_spawned":[1,6,10,13,25,27,31,35,44,45],"ascension_level":0}}