{"host":"eav5i5w47nlnv2l1","time":1607837082,"event":{"mods":["BaseMod","Minty Spire (QoL Compilation)"],"gold_per_floor":[110,126,144,161,22,22,56,56,56,56,56,67,87,105,105,209,209,221,221,146,146,165,165,182,37,37,51,51,0,29,49,49,152,152,170,180,64,64,64],"floor_reached":38,"playtime":2986,"items_purged":["Eruption","Conclude+1"],"score":423,"play_id":"6fd29c0c-a4c0-49f3-85e3-b598fdaf4fed","local_time":"20201213002442","is_ascension_mode":false,"campfire_choices":[{"data":"DeusExMachina","floor":6,"key":"SMITH"},{"floor":8,"key":"REST"},{"data":"Eruption","floor":11,"key":"SMITH"},{"data":"Alpha","floor":15,"key":"SMITH"},{"data":"ConjureBlade","floor":23,"key":"SMITH"},{"floor":28,"key":"REST"},{"floor":32,"key":"REST"}],"circlet_count":0,"master_deck":["Eruption+1","Vigilance","Swivel","Judgement","Crescendo","DeusExMachina+1","ClearTheMind","Alpha+1","LikeWater","DeceiveReality","Alpha","ConjureBlade+1","Halt+1","Study+1","Establishment","SashWhip+1","LessonLearned+1","Wallop+1","LikeWater","Conclude+1","DevaForm","Protect"],"relics":["HolyWater","Meat on the Bone","Mercury Hourglass","GoldenEye","The Courier","Molten Egg 2","Pandora\u0027s Box"],"acts_visited":["Exordium","TheCity","TheBeyond"],"potions_floor_usage":[4,7,27,35,38],"damage_taken":[{"damage":0,"enemies":"Cultist","floor":1,"turns":1},{"damage":0,"enemies":"Small Slimes","floor":2,"turns":1},{"damage":0,"enemies":"Jaw Worm","floor":3,"turns":5},{"damage":13,"enemies":"Exordium Thugs","floor":4,"turns":5},{"damage":13,"enemies":"3 Sentries","floor":7,"turns":6},{"damage":0,"enemies":"Looter","floor":12,"turns":2},{"damage":1,"enemies":"Exordium Wildlife","floor":13,"turns":4},{"damage":6,"enemies":"Red Slaver","floor":14,"turns":5},{"damage":18,"enemies":"Slime Boss","floor":16,"turns":8},{"damage":4,"enemies":"Shell Parasite","floor":18,"turns":8},{"damage":8,"enemies":"Spheric Guardian","floor":22,"turns":5},{"damage":16,"enemies":"Centurion and Healer","floor":24,"turns":5},{"damage":14,"enemies":"Snake Plant","floor":27,"turns":4},{"damage":29,"enemies":"Gremlin Leader","floor":30,"turns":6},{"damage":16,"enemies":"Snecko","floor":31,"turns":5},{"damage":38,"enemies":"Collector","floor":33,"turns":9},{"damage":25,"enemies":"Orb Walker","floor":35,"turns":5},{"damage":20,"enemies":"3 Darklings","floor":36,"turns":3},{"damage":82,"enemies":"Transient","floor":38,"turns":5}],"seed_played":"8837475931701338402","potions_obtained":[{"floor":1,"key":"Swift Potion"},{"floor":4,"key":"Strength Potion"},{"floor":16,"key":"DuplicationPotion"},{"floor":24,"key":"SkillPotion"},{"floor":27,"key":"FearPotion"},{"floor":30,"key":"Strength Potion"},{"floor":31,"key":"Ambrosia"},{"floor":36,"key":"Energy Potion"}],"is_trial":false,"path_per_floor":["M","M","M","M","$","R","E","R","T","$","R","M","M","M","R","B",null,"M","?","$","T","M","R","M","$","T","M","R","?","E","M","R","B",null,"M","M","$","M"],"character_chosen":"WATCHER","items_purchased":["DeusExMachina","Establishment","Protect"],"campfire_rested":3,"item_purchase_floors":[5,25,37],"current_hp_per_floor":[65,65,65,52,52,52,39,58,58,58,58,58,57,51,51,33,65,61,61,61,61,53,53,37,37,37,35,54,54,37,33,52,26,65,40,32,32,0,0],"gold":64,"neow_bonus":"TRANSFORM_TWO_CARDS","is_daily":false,"chose_seed":false,"campfire_upgraded":4,"win_rate":0.0,"timestamp":1607837082,"path_taken":["M","M","M","?","$","R","E","R","T","?","R","M","?","M","R","BOSS","M","?","$","?","M","R","M","$","T","M","R","?","E","M","R","BOSS","M","M","$","M"],"items_purchased_type":["Card","Card","Card"],"build_version":"2020-11-30","purchased_purges":2,"victory":false,"max_hp_per_floor":[65,65,65,65,65,65,65,65,65,65,65,65,65,65,65,65,65,65,65,65,65,65,65,65,65,65,65,65,65,65,65,65,65,65,65,65,65,65,65],"card_choices":[{"not_picked":["ThirdEye","JustLucky","CutThroughFate"],"picked":"SKIP","floor":1},{"not_picked":["ReachHeaven","Weave"],"picked":"Crescendo","floor":2},{"not_picked":["ForeignInfluence","WheelKick","FollowUp"],"picked":"SKIP","floor":3},{"not_picked":["FollowUp","CutThroughFate","FlurryOfBlows"],"picked":"SKIP","floor":4},{"not_picked":["PathToVictory","BowlingBash"],"picked":"ClearTheMind","floor":7},{"not_picked":["JustLucky","WaveOfTheHand"],"picked":"Alpha","floor":12},{"not_picked":["SashWhip","ThirdEye"],"picked":"LikeWater","floor":13},{"not_picked":["FearNoEvil","Vengeance"],"picked":"DeceiveReality","floor":14},{"not_picked":["Ragnarok","Brilliance"],"picked":"Alpha","floor":16},{"not_picked":["JustLucky","BattleHymn","EmptyFist"],"picked":"SKIP","floor":18},{"not_picked":["Wireheading","SignatureMove"],"picked":"Halt+1","floor":22},{"not_picked":["CrushJoints","Collect"],"picked":"Study+1","floor":24},{"not_picked":["EmptyMind","SashWhip","Wireheading"],"picked":"SKIP","floor":27},{"not_picked":["Evaluate","SignatureMove+1"],"picked":"SashWhip+1","floor":30},{"not_picked":["EmptyFist+1","CarveReality+1","Vengeance"],"picked":"SKIP","floor":31},{"not_picked":["Wireheading+1","JustLucky+1","Weave+1"],"picked":"SKIP","floor":35},{"not_picked":["ClearTheMind","JustLucky+1","Crescendo"],"picked":"SKIP","floor":36}],"player_experience":1381735,"relics_obtained":[{"floor":7,"key":"Meat on the Bone"},{"floor":9,"key":"Mercury Hourglass"},{"floor":21,"key":"GoldenEye"},{"floor":26,"key":"The Courier"},{"floor":30,"key":"Molten Egg 2"}],"event_choices":[{"damage_healed":0,"gold_gain":0,"player_choice":"2 cards matched","damage_taken":0,"max_hp_gain":0,"max_hp_loss":0,"event_name":"Match and Keep!","floor":19,"gold_loss":0,"cards_obtained":["Eruption","ConjureBlade"]},{"damage_healed":0,"gold_gain":0,"player_choice":"Paid Fearfully","damage_taken":0,"max_hp_gain":0,"max_hp_loss":0,"event_name":"Masked Bandits","floor":29,"gold_loss":51}],"is_beta":false,"boss_relics":[{"not_picked":["Runic Dome","Black Star"],"picked":"HolyWater"},{"not_picked":["Busted Crown","Tiny House"],"picked":"Pandora\u0027s Box"}],"items_purged_floors":[20,37],"is_endless":false,"potions_floor_spawned":[1,4,16,24,27,30,31,36],"killed_by":"Transient","ascension_level":0}}