{"host":"ocllwaoi18j60ltd","time":1607886242,"event":{"mods":["BaseMod","DeckTracker","Minty Spire (QoL Compilation)","Permanent Neow","Quick Restart","StSLib","SuperFastMode"],"gold_per_floor":[109,109,34,51,66,66,85,85,85,85,107,125,152,167,167,241,241,252,252,60,60,58,87,87,87,87,11,44,44,54,70,70,147,147,159,159,159,59,70,100,100,115,115,142,155,167,167,167],"floor_reached":47,"playtime":1548,"items_purged":["Strike_B","Defend_B"],"score":1075,"play_id":"9bde718d-d87a-4d3e-b2f7-a3e1accbaea2","local_time":"20201214040402","is_ascension_mode":true,"campfire_choices":[{"data":"Genetic Algorithm","floor":6.0,"key":"SMITH"},{"data":"Blizzard","floor":8.0,"key":"SMITH"},{"data":"Dualcast","floor":10.0,"key":"SMITH"},{"data":"Zap","floor":15.0,"key":"SMITH"},{"data":"Turbo","floor":25.0,"key":"SMITH"},{"data":"Buffer","floor":29.0,"key":"SMITH"},{"data":"Coolheaded","floor":32.0,"key":"SMITH"}],"circlet_count":0,"master_deck":["AscendersBane","Defend_B","Defend_B","Zap+1","Dualcast+1","Genetic Algorithm+1","Cold Snap","Chill","Blizzard+1","Cold Snap","Coolheaded+1","Capacitor","Echo Form","Biased Cognition+1","Redo+1","Ball Lightning","Turbo+1","Coolheaded","Buffer+1","Loop","Chill+1","Core Surge","Glacier+1","Parasite","Coolheaded+1"],"relics":["Cracked Core","NeowsBlessing","FaceOfCleric","Eternal Feather","Odd Mushroom","StoneCalendar","Astrolabe","Oddly Smooth Stone","Potion Belt","Mercury Hourglass","SacredBark","Strawberry","Turnip","Bag of Marbles"],"acts_visited":["Exordium","TheCity","TheBeyond"],"potions_floor_usage":[],"damage_taken":[{"damage":0.0,"enemies":"2 Louse","floor":1.0,"turns":1.0},{"damage":0.0,"enemies":"Cultist","floor":4.0,"turns":1.0},{"damage":0.0,"enemies":"Jaw Worm","floor":5.0,"turns":1.0},{"damage":11.0,"enemies":"Blue Slaver","floor":7.0,"turns":4.0},{"damage":1.0,"enemies":"The Mushroom Lair","floor":11.0,"turns":4.0},{"damage":7.0,"enemies":"Exordium Thugs","floor":12.0,"turns":4.0},{"damage":17.0,"enemies":"3 Sentries","floor":13.0,"turns":8.0},{"damage":11.0,"enemies":"Exordium Wildlife","floor":14.0,"turns":6.0},{"damage":25.0,"enemies":"The Guardian","floor":16.0,"turns":11.0},{"damage":9.0,"enemies":"Shell Parasite","floor":18.0,"turns":5.0},{"damage":0.0,"enemies":"2 Thieves","floor":22.0,"turns":5.0},{"damage":28.0,"enemies":"Gremlin Leader","floor":23.0,"turns":7.0},{"damage":10.0,"enemies":"Book of Stabbing","floor":28.0,"turns":6.0},{"damage":0.0,"enemies":"Sentry and Sphere","floor":30.0,"turns":7.0},{"damage":12.0,"enemies":"Snake Plant","floor":31.0,"turns":3.0},{"damage":21.0,"enemies":"Collector","floor":33.0,"turns":9.0},{"damage":0.0,"enemies":"3 Shapes","floor":35.0,"turns":6.0},{"damage":0.0,"enemies":"Orb Walker","floor":39.0,"turns":4.0},{"damage":18.0,"enemies":"Nemesis","floor":40.0,"turns":7.0},{"damage":0.0,"enemies":"Maw","floor":42.0,"turns":10.0},{"damage":16.0,"enemies":"Reptomancer","floor":44.0,"turns":8.0},{"damage":8.0,"enemies":"Transient","floor":45.0,"turns":6.0},{"damage":22,"enemies":"Writhing Mass","floor":46,"turns":7},{"damage":0,"enemies":"Nemesis","floor":47,"turns":4}],"seed_played":"1406834531851461769","potions_obtained":[{"floor":11.0,"key":"SteroidPotion"},{"floor":13.0,"key":"GamblersBrew"},{"floor":16.0,"key":"Explosive Potion"},{"floor":23.0,"key":"CultistPotion"},{"floor":30.0,"key":"LiquidMemories"},{"floor":31.0,"key":"DistilledChaos"},{"floor":39.0,"key":"SpeedPotion"},{"floor":44.0,"key":"EssenceOfDarkness"},{"floor":45.0,"key":"Explosive Potion"},{"floor":46,"key":"EssenceOfSteel"}],"is_trial":false,"path_per_floor":["M","?","$","M","M","R","M","R","T","R","?","M","E","M","R","B",null,"M","?","$","?","M","E","?","R","T","$","E","R","M","M","R","B",null,"M","?","?","$","M","E","$","M","T","E","M","M","E"],"character_chosen":"DEFECT","items_purchased":["Oddly Smooth Stone","Turbo","Buffer"],"campfire_rested":0,"item_purchase_floors":[20,20,27],"current_hp_per_floor":[64,64,64,65,66,66,56,56,56,62,62,56,40,30,39,15,63,55,55,55,55,56,29,29,41,41,41,32,44,45,34,46,26,71,72,72,72,72,73,63,63,64,64,49,42,21,21,21],"gold":167,"neow_bonus":"THREE_ENEMY_KILL","is_daily":false,"chose_seed":false,"campfire_upgraded":7,"win_rate":0.0,"timestamp":1607886242,"path_taken":["M","?","$","?","M","R","M","R","T","R","?","M","E","M","R","BOSS","M","?","$","?","?","E","?","R","T","$","E","R","M","M","R","BOSS","M","?","?","$","M","E","?","M","T","E","M","M","E"],"items_purchased_type":["Relic","Card","Card"],"build_version":"2020-11-30","purchased_purges":2,"victory":false,"max_hp_per_floor":[71,71,71,72,73,73,74,74,74,74,75,76,77,78,78,79,79,80,80,80,80,81,82,82,82,82,82,83,83,84,85,85,86,86,87,83,83,83,84,92,92,93,93,94,95,96,96,96],"card_choices":[{"not_picked":["Sweeping Beam","Chaos"],"picked":"Genetic Algorithm","floor":1.0},{"not_picked":["Steam","BootSequence"],"picked":"Cold Snap","floor":4.0},{"not_picked":["Redo","Stack"],"picked":"Chill","floor":5.0},{"not_picked":["Conserve Battery","Beam Cell"],"picked":"Blizzard","floor":7.0},{"not_picked":["Gash","Recycle"],"picked":"Cold Snap","floor":12.0},{"not_picked":["Gash","BootSequence"],"picked":"Coolheaded","floor":13.0},{"not_picked":["Beam Cell","Hello World"],"picked":"Capacitor","floor":14.0},{"not_picked":["All For One","Rainbow"],"picked":"Echo Form","floor":16.0},{"not_picked":["Hologram","Heatsinks"],"picked":"Ball Lightning","floor":18.0},{"not_picked":["Conserve Battery","Leap"],"picked":"Coolheaded","floor":22.0},{"not_picked":["Sweeping Beam","Stack","Turbo+1"],"picked":"SKIP","floor":23.0},{"not_picked":["BootSequence","Hologram"],"picked":"Loop","floor":28.0},{"not_picked":["Sunder","FTL","Meteor Strike"],"picked":"SKIP","floor":30.0},{"not_picked":["Cold Snap+1","Coolheaded"],"picked":"Chill+1","floor":31.0},{"not_picked":["Electrodynamics","Creative AI"],"picked":"Core Surge","floor":33.0},{"not_picked":["Hello World","Beam Cell"],"picked":"Glacier+1","floor":35.0},{"not_picked":["Gash","Cold Snap+1","Static Discharge"],"picked":"SKIP","floor":39.0},{"not_picked":["Turbo+1","Heatsinks","Streamline"],"picked":"SKIP","floor":40.0},{"not_picked":["Fusion","Go for the Eyes","Leap"],"picked":"SKIP","floor":42.0},{"not_picked":["Sweeping Beam","Turbo","Biased Cognition"],"picked":"SKIP","floor":44.0},{"not_picked":["Leap+1","Compile Driver+1","Sweeping Beam+1"],"picked":"SKIP","floor":45.0},{"not_picked":["Leap+1","Compile Driver+1","Sweeping Beam+1"],"picked":"SKIP","floor":45.0},{"not_picked":["FTL","Turbo"],"picked":"Coolheaded+1","floor":46}],"player_experience":832751,"relics_obtained":[{"floor":9.0,"key":"Eternal Feather"},{"floor":11.0,"key":"Odd Mushroom"},{"floor":13.0,"key":"StoneCalendar"},{"floor":23.0,"key":"Potion Belt"},{"floor":28.0,"key":"Mercury Hourglass"},{"floor":40.0,"key":"Strawberry"},{"floor":43.0,"key":"Turnip"},{"floor":44.0,"key":"Bag of Marbles"}],"event_choices":[{"damage_healed":0.0,"max_hp_gain":0.0,"max_hp_loss":0.0,"gold_gain":0.0,"event_name":"FaceTrader","player_choice":"Trade","floor":2.0,"gold_loss":0.0,"damage_taken":0.0,"relics_obtained":["FaceOfCleric"]},{"damage_healed":0.0,"max_hp_gain":0.0,"max_hp_loss":0.0,"gold_gain":0.0,"event_name":"Mushrooms","player_choice":"Fought Mushrooms","floor":11.0,"gold_loss":0.0,"damage_taken":0.0},{"cards_removed":["Strike_B"],"damage_healed":0.0,"max_hp_gain":0.0,"max_hp_loss":0.0,"gold_gain":0.0,"event_name":"Back to Basics","player_choice":"Elegance","floor":19.0,"gold_loss":0.0,"damage_taken":0.0},{"damage_healed":0.0,"max_hp_gain":0.0,"max_hp_loss":0.0,"gold_gain":0.0,"cards_transformed":["Hello World"],"event_name":"Transmorgrifier","player_choice":"Transformed","floor":21.0,"gold_loss":0.0,"damage_taken":0.0,"cards_obtained":["Recycle"]},{"damage_healed":0.0,"max_hp_gain":0.0,"max_hp_loss":0.0,"gold_gain":0.0,"event_name":"Ghosts","player_choice":"Ignored","floor":24.0,"gold_loss":0.0,"damage_taken":0.0},{"damage_healed":0.0,"max_hp_gain":0.0,"max_hp_loss":4.0,"gold_gain":0.0,"event_name":"Winding Halls","player_choice":"Max HP","floor":36.0,"gold_loss":0.0,"damage_taken":0.0},{"cards_removed":["Recycle"],"damage_healed":0.0,"max_hp_gain":0.0,"max_hp_loss":0.0,"gold_gain":0.0,"event_name":"Falling","player_choice":"Removed Skill","floor":37.0,"gold_loss":0.0,"damage_taken":0.0}],"is_beta":false,"boss_relics":[{"not_picked":["Black Star","Inserter"],"picked":"Astrolabe"},{"not_picked":["Cursed Key","Pandora\u0027s Box"],"picked":"SacredBark"}],"items_purged_floors":[3,38],"is_endless":false,"potions_floor_spawned":[11,13,16,18,23,30,31,39,44,45,46],"killed_by":"Nemesis","ascension_level":20}}