{"host":"1hv1kueuvc4r3rdp","time":1607886969,"event":{"mods":["AchievementEnabler","BaseMod","DeckTracker","Highlight Path","Minty Spire (QoL Compilation)","Permanent Neow","StSLib"],"gold_per_floor":[218,238,256,35,35,35,61,61,88,117,137,137,62,82,82,183,183,199,209,221,221,181,181,181],"floor_reached":23,"playtime":1154,"items_purged":["Defend_G"],"score":274,"play_id":"6c9bcb8c-83f1-4862-9e9a-afc980fb386b","local_time":"20201213131609","is_ascension_mode":true,"campfire_choices":[{"data":"Dash","floor":6,"key":"SMITH"},{"data":"Dagger Spray","floor":8,"key":"SMITH"},{"floor":12,"key":"REST"},{"data":"Poisoned Stab","floor":15,"key":"SMITH"}],"circlet_count":0,"master_deck":["Defend_G","Defend_G+1","Defend_G","Defend_G","Survivor+1","Neutralize","Poisoned Stab+1","Dash+1","Dagger Spray+1","PiercingWail","Malaise","Bite","Bite+1","Bite","Bite","Bite"],"relics":["Ring of the Snake","Vajra","Ancient Tea Set","Juzu Bracelet","Regal Pillow","Odd Mushroom","Philosopher\u0027s Stone"],"acts_visited":["Exordium","TheCity"],"potions_floor_usage":[16,16,23],"damage_taken":[{"damage":0,"enemies":"2 Louse","floor":1,"turns":4},{"damage":0,"enemies":"Small Slimes","floor":2,"turns":3},{"damage":0,"enemies":"Jaw Worm","floor":3,"turns":7},{"damage":14,"enemies":"3 Sentries","floor":7,"turns":9},{"damage":17,"enemies":"Lagavulin","floor":10,"turns":5},{"damage":0,"enemies":"The Mushroom Lair","floor":11,"turns":4},{"damage":0,"enemies":"Large Slime","floor":14,"turns":3},{"damage":4,"enemies":"Slime Boss","floor":16,"turns":8},{"damage":0,"enemies":"3 Byrds","floor":18,"turns":3},{"damage":8,"enemies":"Spheric Guardian","floor":19,"turns":4},{"damage":0,"enemies":"Centurion and Healer","floor":20,"turns":6},{"damage":57,"enemies":"Gremlin Leader","floor":23,"turns":8}],"seed_played":"-2722382361976111227","potions_obtained":[{"floor":3,"key":"DuplicationPotion"},{"floor":10,"key":"PowerPotion"},{"floor":14,"key":"Poison Potion"}],"is_trial":false,"path_per_floor":["M","M","M","$","?","R","E","R","T","E","?","R","$","M","R","B",null,"M","M","M","?","?","E"],"character_chosen":"THE_SILENT","items_purchased":["Dash","Vajra"],"campfire_rested":1,"item_purchase_floors":[4,4],"current_hp_per_floor":[70,70,70,70,56,56,42,42,42,25,25,61,61,61,61,57,67,67,59,59,49,49,0,0],"gold":181,"neow_bonus":"HUNDRED_GOLD","is_daily":false,"chose_seed":false,"campfire_upgraded":3,"win_rate":0.0,"timestamp":1607886969,"path_taken":["M","M","M","$","?","R","E","R","T","E","?","R","$","M","R","BOSS","M","M","M","?","?","E"],"items_purchased_type":["Card","Relic"],"build_version":"2020-11-30","purchased_purges":1,"victory":false,"max_hp_per_floor":[70,70,70,70,70,70,70,70,70,70,70,70,70,70,70,70,70,70,70,70,49,49,49,49],"card_choices":[{"not_picked":["Deflect","Calculated Gamble","Bane"],"picked":"SKIP","floor":1},{"not_picked":["Prepared","Infinite Blades","Heel Hook"],"picked":"SKIP","floor":2},{"not_picked":["Backflip","Acrobatics"],"picked":"Poisoned Stab","floor":3},{"not_picked":["Slice","Tactician"],"picked":"Dagger Spray","floor":7},{"not_picked":["Concentrate","Tools of the Trade","Dagger Throw"],"picked":"SKIP","floor":10},{"not_picked":["Dagger Spray","Cloak And Dagger"],"picked":"PiercingWail","floor":11},{"not_picked":["PiercingWail","Poisoned Stab","Underhanded Strike"],"picked":"SKIP","floor":14},{"not_picked":["Bullet Time","Doppelganger"],"picked":"Malaise","floor":16},{"not_picked":["Underhanded Strike","Distraction","Backflip"],"picked":"SKIP","floor":18},{"not_picked":["Backstab","Slice","Catalyst"],"picked":"SKIP","floor":19},{"not_picked":["Catalyst","Deflect","Poisoned Stab+1"],"picked":"SKIP","floor":20}],"player_experience":990300,"relics_obtained":[{"floor":7,"key":"Ancient Tea Set"},{"floor":9,"key":"Juzu Bracelet"},{"floor":10,"key":"Regal Pillow"},{"floor":11,"key":"Odd Mushroom"}],"event_choices":[{"damage_healed":0,"gold_gain":0,"player_choice":"Entered Light","damage_taken":14,"max_hp_gain":0,"max_hp_loss":0,"event_name":"Shining Light","floor":5,"gold_loss":0,"cards_upgraded":["Defend_G","Strike_G"]},{"damage_healed":0,"gold_gain":0,"player_choice":"Fought Mushrooms","damage_taken":0,"max_hp_gain":0,"max_hp_loss":0,"event_name":"Mushrooms","floor":11,"gold_loss":0},{"damage_healed":0,"gold_gain":0,"player_choice":"Became a vampire","damage_taken":0,"max_hp_gain":0,"max_hp_loss":21,"event_name":"Vampires","floor":21,"gold_loss":0,"cards_obtained":["Bite","Bite","Bite","Bite","Bite"]},{"damage_healed":0,"gold_gain":0,"player_choice":"Upgraded Two","damage_taken":0,"max_hp_gain":0,"max_hp_loss":0,"event_name":"Designer","floor":22,"gold_loss":40,"cards_upgraded":["Bite","Survivor"]}],"is_beta":false,"boss_relics":[{"not_picked":["Coffee Dripper","Sozu"],"picked":"Philosopher\u0027s Stone"}],"items_purged_floors":[13],"is_endless":false,"potions_floor_spawned":[3,10,14],"killed_by":"Gremlin Leader","ascension_level":5}}