{"host":"27wa8ufp4ryspt1p","time":1607839305,"event":{"mods":["2.2 Compatiblity","Abigail Mod","Act Like it!","Aspiration","BaseMod","Better Altar","Better Note","Better Skull","Better Third Choice","Colored Map","Conspire","Downfall","Elementarium","Energized Spire","Friendly Minions","Gensokyo","GifTheSpireLib","Gold Saver","Halation","Hallownest","HololiveMod","Hubris","Humility","Infinite Spire","Keyboard Shortcuts","Menagerie","Mimic Mod","Minty Spire (QoL Compilation)","Pale of the Ancients","Quarter Circle Forward PUNCH!","Reimu??????","Relic Sorter","Relic Stats","Replay The Spire","Reworked Bosses","Shop Mod","Spicy Shops","Spikes Relics","StSLib","Stuff the Spire","SuperFastMode","The Cursed","The Exalted","The Factory","The Judge","The Necromancer","Trackpad","Waifu the Spire","Wandering Minibosses","[IsaacMod]????","??????REMEMod","????"],"gold_per_floor":[114,127,146,156,57,57,76,76,76],"floor_reached":8,"playtime":368,"items_purged":[],"score":100,"play_id":"3e589695-d39e-4b29-b2df-8787462fa27c","local_time":"20201213000145","daily_mods":["SealedDeck","Colorless Cards","Heirloom","Elite Swarm","Lethality"],"is_ascension_mode":true,"campfire_choices":[{"data":"Loop","floor":6,"key":"SMITH"}],"circlet_count":0,"master_deck":["AscendersBane","ReplayTheSpireMod:Reroute Power","Rebound","Cold Snap","Panic Button","expansioncontent:Chronoboost","Replay:SS_hec_2","Ball Lightning","Cold Snap","StuffTheSpire:Synthwave","Ball Lightning","hexamod:FifthSeal","hexamod:SecondSeal","StuffTheSpire:Plugnplay","Ball Lightning","hexamod:SecondSeal","StuffTheSpire:FreeRealEstate","Loop+1","hexamod:SixthSeal","Conserve Battery"],"relics":["Cracked Core","HushsDoor","REME_ComplimentaryCards","NineVolt","CaptainsWheel"],"acts_visited":["Exordium"],"potions_floor_usage":[7,8],"damage_taken":[{"damage":0,"enemies":"Cultist","floor":1,"turns":2},{"damage":11,"enemies":"2 Louse","floor":2,"turns":2},{"damage":6,"enemies":"Jaw Worm","floor":3,"turns":8},{"damage":11,"enemies":"2 Fungi Beasts","floor":4,"turns":3},{"damage":30,"enemies":"3 Louse","floor":7,"turns":3},{"damage":11,"enemies":"Gremlin Nob","floor":8,"turns":2}],"seed_played":"-1350305081807315509","potions_obtained":[{"floor":2,"key":"PowerPotion"},{"floor":7,"key":"Energy Potion"}],"is_trial":true,"path_per_floor":["M","M","M","M","$","R","M","E"],"character_chosen":"DEFECT","items_purchased":["Loop"],"campfire_rested":0,"item_purchase_floors":[5],"current_hp_per_floor":[64,53,47,36,36,36,6,0,0],"gold":76,"neow_bonus":"","is_daily":false,"chose_seed":false,"campfire_upgraded":1,"win_rate":0.0,"timestamp":1607839305,"path_taken":["M","M","M","?","$","R","M","E"],"items_purchased_type":["Card"],"build_version":"2020-11-30","purchased_purges":0,"victory":false,"max_hp_per_floor":[71,71,71,71,71,71,71,71,71],"relic_stats":{"counters":[6,20],"obtain_stats":[{"KeepersGift":0,"CaptainsWheel":0,"NineVolt":0,"Cracked Core":0,"HushsDoor":0,"REME_ComplimentaryCards":0},{"KeepersGift":0,"CaptainsWheel":0,"NineVolt":0,"Cracked Core":0,"HushsDoor":0,"REME_ComplimentaryCards":0},{"KeepersGift":0,"CaptainsWheel":0,"NineVolt":0,"Cracked Core":0,"HushsDoor":0,"REME_ComplimentaryCards":0}]},"card_choices":[{"not_picked":[],"picked":"Bomb","floor":0},{"not_picked":["Reprogram","Go for the Eyes","Streamline"],"picked":"SKIP","floor":1},{"not_picked":["hexamod:FifthSeal","hexamod:FirstSeal"],"picked":"hexamod:SecondSeal","floor":2},{"not_picked":["expansioncontent:DarkVoid","Turbo"],"picked":"StuffTheSpire:Plugnplay","floor":2},{"not_picked":["Cold Snap","BasicCrystalCard"],"picked":"Ball Lightning","floor":3},{"not_picked":["hexamod:FifthSeal","hexamod:ThirdSeal"],"picked":"hexamod:SecondSeal","floor":4},{"not_picked":["Replay:SS_forest_2","Degenerate"],"picked":"StuffTheSpire:FreeRealEstate","floor":4},{"not_picked":["hexamod:FifthSeal","hexamod:FirstSeal"],"picked":"hexamod:SixthSeal","floor":7},{"not_picked":["Doom and Gloom","expansioncontent:GoopSpray"],"picked":"Conserve Battery","floor":7}],"player_experience":3887233,"relics_obtained":[{"floor":3,"key":"CaptainsWheel"}],"event_choices":[],"is_beta":false,"boss_relics":[],"items_purged_floors":[],"is_endless":false,"potions_floor_spawned":[2,7],"killed_by":"Gremlin Nob","ascension_level":20}}