{"host":"qw1m3zcvi888b4j7","time":1607880604,"event":{"mods":["AchievementEnabler","BaseMod","Block Reminder","Colored Map","Colored Powertips","Consume Value Calculator","DeckTracker","Highlight Path","Minty Spire (QoL Compilation)","Quick Restart","Rare Cards Sparkle","Relic Sorter","Relic Stats"],"gold_per_floor":[114,6,6,18,18,52,52,79,79,93,108,135,155,184,184,283,283,300,315,590,610,42,42,42],"floor_reached":23,"playtime":2394,"items_purged":["Normality","Regret"],"score":258,"play_id":"bd945647-b45d-4f34-b4bf-cd4ef118ccbb","local_time":"20201213183004","is_ascension_mode":true,"campfire_choices":[{"floor":7,"key":"RECALL"},{"floor":15,"key":"REST"}],"circlet_count":0,"master_deck":["Strike_G","Strike_G","Strike_G","Strike_G","Strike_G","Defend_G","Defend_G","Defend_G","Defend_G","Survivor","Neutralize","Sadistic Nature","Blade Dance","Infinite Blades","Poisoned Stab","Poisoned Stab","Backstab","Sucker Punch","Outmaneuver","Flechettes","Flying Knee","Skewer","Dagger Spray","Envenom","Caltrops+1","Choke","Backflip+1","Quick Slash"],"relics":["Ring of the Snake","Ornamental Fan","Happy Flower","Question Card","Blood Vial","Runic Pyramid","Potion Belt","Omamori","Cauldron"],"acts_visited":["Exordium","TheCity"],"potions_floor_usage":[6,12,16,18,18],"damage_taken":[{"damage":0,"enemies":"Cultist","floor":1,"turns":3},{"damage":5,"enemies":"2 Louse","floor":4,"turns":2},{"damage":13,"enemies":"3 Sentries","floor":6,"turns":7},{"damage":18,"enemies":"Lagavulin","floor":8,"turns":5},{"damage":2,"enemies":"Small Slimes","floor":10,"turns":2},{"damage":0,"enemies":"Gremlin Gang","floor":11,"turns":3},{"damage":0,"enemies":"Gremlin Nob","floor":12,"turns":2},{"damage":5,"enemies":"Red Slaver","floor":13,"turns":2},{"damage":6,"enemies":"3 Sentries","floor":14,"turns":7},{"damage":24,"enemies":"Slime Boss","floor":16,"turns":8},{"damage":0,"enemies":"3 Byrds","floor":18,"turns":2},{"damage":16,"enemies":"Spheric Guardian","floor":19,"turns":4},{"damage":17,"enemies":"Snecko","floor":21,"turns":4},{"damage":43,"enemies":"Book of Stabbing","floor":23,"turns":4}],"seed_played":"8845088652960606598","potions_obtained":[{"floor":1,"key":"Dexterity Potion"},{"floor":8,"key":"LiquidMemories"},{"floor":12,"key":"PowerPotion"},{"floor":13,"key":"Explosive Potion"},{"floor":16,"key":"Explosive Potion"},{"floor":21,"key":"LiquidBronze"},{"floor":22,"key":"Dexterity Potion"},{"floor":22,"key":"PowerPotion"},{"floor":22,"key":"Ancient Potion"},{"floor":22,"key":"SkillPotion"}],"is_trial":false,"path_per_floor":["M","$","$","M","?","E","R","E","T","M","M","E","M","E","R","B",null,"M","M","?","M","$","E"],"character_chosen":"THE_SILENT","items_purchased":["Infinite Blades","Potion Belt","Omamori","Cauldron","Quick Slash"],"campfire_rested":1,"item_purchase_floors":[2,22,22,22,22],"current_hp_per_floor":[70,70,70,65,65,52,52,34,34,32,32,32,27,21,42,20,70,70,54,54,39,39,0,0],"gold":42,"neow_bonus":"RANDOM_COLORLESS_2","is_daily":false,"chose_seed":false,"campfire_upgraded":0,"win_rate":0.0,"timestamp":1607880604,"path_taken":["M","?","$","M","?","E","R","E","T","M","M","E","M","E","R","BOSS","M","?","?","M","$","E"],"items_purchased_type":["Card","Relic","Relic","Relic","Card"],"build_version":"2020-11-30","purchased_purges":2,"victory":false,"max_hp_per_floor":[70,70,70,70,70,70,70,70,70,70,70,70,70,70,70,70,70,70,70,70,70,70,70,70],"relic_stats":{"Blood Vial":6,"Happy Flower":[12],"counters":[14,55],"Ornamental Fan":[160],"Question Card":7,"obtain_stats":[{"Blood Vial":14,"Potion Belt":22,"Cauldron":22,"Happy Flower":8,"Ornamental Fan":6,"Omamori":22,"Question Card":12,"Ring of the Snake":0,"Runic Pyramid":17},{"Blood Vial":9,"Potion Belt":13,"Cauldron":13,"Happy Flower":4,"Ornamental Fan":3,"Omamori":13,"Question Card":7,"Ring of the Snake":0,"Runic Pyramid":10},{"Blood Vial":33,"Potion Belt":51,"Cauldron":51,"Happy Flower":17,"Ornamental Fan":12,"Omamori":51,"Question Card":24,"Ring of the Snake":0,"Runic Pyramid":41}],"Ring of the Snake":[28]},"card_choices":[{"not_picked":["Violence","Mayhem"],"picked":"Sadistic Nature","floor":0},{"not_picked":["Dash","Tactician"],"picked":"Blade Dance","floor":1},{"not_picked":["Dagger Throw","Deflect"],"picked":"Poisoned Stab","floor":4},{"not_picked":["Riddle With Holes","Eviscerate"],"picked":"Backstab","floor":6},{"not_picked":["Crippling Poison","Blur"],"picked":"Sucker Punch","floor":8},{"not_picked":["Predator","Deflect"],"picked":"Outmaneuver","floor":10},{"not_picked":["PiercingWail","Acrobatics"],"picked":"Flechettes","floor":11},{"not_picked":["Quick Slash","Blur"],"picked":"Flying Knee","floor":12},{"not_picked":["Poisoned Stab","Backflip","Bouncing Flask"],"picked":"Skewer","floor":13},{"not_picked":["Flying Knee","Crippling Poison","Acrobatics"],"picked":"Dagger Spray","floor":14},{"not_picked":["Venomology","After Image","Storm of Steel"],"picked":"Envenom","floor":16},{"not_picked":["Acrobatics+1","Well Laid Plans","Dodge and Roll"],"picked":"Caltrops+1","floor":18},{"not_picked":["Dash","Underhanded Strike","Flying Knee"],"picked":"Choke","floor":19},{"not_picked":["Slice","Flechettes","Outmaneuver"],"picked":"Backflip+1","floor":21}],"player_experience":39725,"relics_obtained":[{"floor":6,"key":"Ornamental Fan"},{"floor":8,"key":"Happy Flower"},{"floor":12,"key":"Question Card"},{"floor":14,"key":"Blood Vial"}],"event_choices":[{"damage_healed":0,"gold_gain":0,"cards_transformed":["Defend_G"],"player_choice":"Transformed","damage_taken":0,"max_hp_gain":0,"max_hp_loss":0,"event_name":"Transmorgrifier","floor":5,"gold_loss":0,"cards_obtained":["Poisoned Stab"]},{"damage_healed":0,"gold_gain":275,"player_choice":"Desecrate","damage_taken":0,"max_hp_gain":0,"max_hp_loss":0,"event_name":"Golden Shrine","floor":20,"gold_loss":0,"cards_obtained":["Regret"]}],"is_beta":false,"boss_relics":[{"not_picked":["SlaversCollar","Runic Dome"],"picked":"Runic Pyramid"}],"items_purged_floors":[2,22],"is_endless":false,"potions_floor_spawned":[1,8,12,13,16,21],"killed_by":"Book of Stabbing","ascension_level":1}}