{"host":"8dhn6p16jorj0i1s","time":1607878358,"event":{"mods":["BaseMod","Colored Map","Minty Spire (QoL Compilation)","Permanent Neow","Quick Restart"],"gold_per_floor":[20,35,53,3,3,3,38,38,64,64,91,101,26,58,58,163,163,183,195,95,111,125,125,150,150,150,150,25,25,25,42,42,42,42],"floor_reached":33,"playtime":1942,"items_purged":["Strike_R","Strike_R","Strike_R"],"score":325,"play_id":"26292bea-6d9a-4056-93c4-51c4f1ada844","local_time":"20201213175238","is_ascension_mode":true,"campfire_choices":[{"data":"True Grit","floor":6.0,"key":"SMITH"},{"data":"Searing Blow+1","floor":8.0,"key":"SMITH"},{"data":"Searing Blow+2","floor":10.0,"key":"SMITH"},{"data":"Rampage","floor":15.0,"key":"SMITH"},{"data":"Searing Blow+3","floor":23.0,"key":"SMITH"},{"data":"Fiend Fire","floor":25.0,"key":"SMITH"},{"data":"Searing Blow+4","floor":29.0,"key":"SMITH"},{"data":"Searing Blow+5","floor":32.0,"key":"SMITH"}],"circlet_count":0,"master_deck":["Defend_R","Defend_R","Defend_R","Bash","Searing Blow+6","Rampage+1","True Grit+1","Ghostly Armor","Fiend Fire+1","Seeing Red"],"relics":["Burning Blood","Centennial Puzzle","Magic Flower","Boot","Black Star","FossilizedHelix","Blood Vial","Blue Candle","Singing Bowl"],"acts_visited":["Exordium","TheCity"],"potions_floor_usage":[],"damage_taken":[{"damage":6.0,"enemies":"Cultist","floor":1.0,"turns":3.0},{"damage":12.0,"enemies":"Jaw Worm","floor":2.0,"turns":2.0},{"damage":0.0,"enemies":"Small Slimes","floor":3.0,"turns":3.0},{"damage":22.0,"enemies":"3 Sentries","floor":7.0,"turns":6.0},{"damage":17.0,"enemies":"Lagavulin","floor":11.0,"turns":6.0},{"damage":0.0,"enemies":"Exordium Wildlife","floor":12.0,"turns":2.0},{"damage":16.0,"enemies":"3 Sentries","floor":14.0,"turns":6.0},{"damage":25.0,"enemies":"Hexaghost","floor":16.0,"turns":7.0},{"damage":22.0,"enemies":"2 Thieves","floor":18.0,"turns":4.0},{"damage":3.0,"enemies":"Chosen","floor":19.0,"turns":3.0},{"damage":10.0,"enemies":"Snecko","floor":21.0,"turns":3.0},{"damage":12.0,"enemies":"Chosen and Byrds","floor":22.0,"turns":5.0},{"damage":60.0,"enemies":"Slavers","floor":24.0,"turns":9.0},{"damage":0.0,"enemies":"Centurion and Healer","floor":31.0,"turns":3.0},{"damage":62,"enemies":"Automaton","floor":33,"turns":6}],"seed_played":"-8530032552271768553","potions_obtained":[{"floor":1.0,"key":"Weak Potion"},{"floor":2.0,"key":"Fire Potion"},{"floor":11.0,"key":"Explosive Potion"},{"floor":12.0,"key":"ColorlessPotion"},{"floor":14.0,"key":"Energy Potion"},{"floor":21.0,"key":"Swift Potion"},{"floor":24.0,"key":"PowerPotion"}],"is_trial":false,"path_per_floor":["M","M","M","?","?","R","E","R","T","R","E","M","$","E","R","B",null,"M","M","$","M","M","R","E","R","T","?","$","R","$","M","R","B"],"character_chosen":"IRONCLAD","items_purchased":[],"campfire_rested":0,"item_purchase_floors":[],"current_hp_per_floor":[80,74,80,80,80,80,64,64,64,64,53,62,62,55,55,39,80,67,73,73,72,69,69,18,18,18,18,18,18,18,32,32,0,0],"gold":42,"neow_bonus":"REMOVE_TWO","is_daily":false,"chose_seed":false,"campfire_upgraded":8,"win_rate":0.0,"timestamp":1607878358,"path_taken":["M","M","?","?","?","R","E","R","T","R","E","M","?","E","R","BOSS","M","M","$","M","M","R","E","R","T","?","$","R","?","M","R","BOSS"],"items_purchased_type":[],"build_version":"2020-11-30","purchased_purges":3,"victory":false,"max_hp_per_floor":[80,80,80,80,80,80,80,80,80,80,80,80,80,80,80,80,80,80,80,80,80,80,80,80,80,80,80,80,80,80,82,82,82,82],"card_choices":[{"not_picked":["Entrench","Headbutt"],"picked":"Searing Blow","floor":1.0},{"not_picked":["Thunderclap","Sentinel"],"picked":"Rampage","floor":2.0},{"not_picked":["Combust","Searing Blow"],"picked":"True Grit","floor":3.0},{"not_picked":["Corruption","Blood for Blood","Heavy Blade"],"picked":"SKIP","floor":7.0},{"not_picked":["Searing Blow","Warcry"],"picked":"Ghostly Armor","floor":11.0},{"not_picked":["Cleave","Bloodletting","Anger"],"picked":"SKIP","floor":12.0},{"not_picked":["Iron Wave","Reaper","Feed"],"picked":"SKIP","floor":14.0},{"not_picked":["Reaper","Barricade"],"picked":"Fiend Fire","floor":16.0},{"not_picked":["Thunderclap","Burning Pact"],"picked":"Seeing Red","floor":18.0},{"not_picked":["Rampage","Rupture+1","Dual Wield"],"picked":"SKIP","floor":19.0},{"not_picked":["Dropkick","Havoc+1","Pommel Strike"],"picked":"SKIP","floor":21.0},{"not_picked":["Headbutt+1","Iron Wave","Dark Embrace+1"],"picked":"SKIP","floor":22.0},{"not_picked":["Perfected Strike","Inflame","Sentinel"],"picked":"SKIP","floor":24.0},{"not_picked":["Seeing Red","Battle Trance","Brutality"],"picked":"Singing Bowl","floor":31.0}],"player_experience":278627,"relics_obtained":[{"floor":7.0,"key":"Centennial Puzzle"},{"floor":11.0,"key":"Magic Flower"},{"floor":14.0,"key":"Boot"},{"floor":24.0,"key":"FossilizedHelix"},{"floor":24.0,"key":"Blood Vial"},{"floor":26.0,"key":"Blue Candle"}],"event_choices":[{"cards_removed":["Strike_R"],"damage_healed":0.0,"max_hp_gain":0.0,"max_hp_loss":0.0,"gold_gain":0.0,"event_name":"The Cleric","player_choice":"Card Removal","floor":4.0,"gold_loss":50.0,"damage_taken":0.0},{"damage_healed":0.0,"max_hp_gain":0.0,"max_hp_loss":0.0,"gold_gain":0.0,"event_name":"Living Wall","player_choice":"Grow","floor":5.0,"gold_loss":0.0,"damage_taken":0.0,"cards_upgraded":["Searing Blow"]},{"damage_healed":0.0,"max_hp_gain":0.0,"max_hp_loss":0.0,"gold_gain":0.0,"event_name":"WeMeetAgain","player_choice":"Gave Potion","floor":27.0,"gold_loss":0.0,"damage_taken":0.0,"relics_obtained":["Singing Bowl"]}],"is_beta":false,"boss_relics":[{"not_picked":["Sozu","Empty Cage"],"picked":"Black Star"}],"items_purged_floors":[13,20,28],"is_endless":false,"potions_floor_spawned":[1,2,11,12,14,21,24],"killed_by":"Automaton","ascension_level":3}}