{"host":"pivahb1bacxk2eup","time":1607824041,"event":{"mods":["AchievementEnabler","BaseMod","Colored Map","Colored Powertips","Downfall","Hermit","Hero for Fun","Hubris","Jedi Mod","Jorbs\u0027s Wanderer Trilogy","Lobotomy","Marisa????????","Minty Spire (QoL Compilation)","Remilia??????","StSLib","The Alterego","The Animator","The Construct","The Hierophant","The Runesmith","The Servant 0.9.4","TheBandit","TheFirefly","Yuri Mod","thorton"],"gold_per_floor":[99,99,99,126,71,71,140,158,68,68,68,80,80,93,103,208,208,208,57,57,84,84,84,84,109,309,309,114,127,146,146,146],"floor_reached":31,"playtime":2605,"items_purged":["Regret"],"score":292,"play_id":"fdce5d00-cb06-4a5a-bace-fde3ca05b832","local_time":"20201212204721","is_ascension_mode":false,"campfire_choices":[{"data":"thefirefly:PhotonBlast","floor":1,"key":"SMITH"},{"data":"thefirefly:StealthMode","floor":10,"key":"SMITH"},{"data":"thefirefly:LaserMail","floor":18,"key":"SMITH"},{"data":"thefirefly:SoulStrike","floor":20,"key":"SMITH"},{"floor":22,"key":"REST"},{"floor":27,"key":"RECALL"}],"circlet_count":0,"master_deck":["thefirefly:Strike+1","thefirefly:Strike","thefirefly:Strike","thefirefly:Strike","thefirefly:Defend","thefirefly:Defend","thefirefly:Defend","thefirefly:Defend","thefirefly:StealthMode+1","thefirefly:PhotonBlast+1","thefirefly:Pacify+1","thefirefly:Rend","thefirefly:RecollectionSubroutine+1","thefirefly:Lamentation","thefirefly:ChargedLaser","thefirefly:PhantomStrike","thefirefly:LaserMail+1","thefirefly:QuantumTunneling","thefirefly:Preload","thefirefly:Bombardment","thefirefly:ShieldArray","thefirefly:FlareScreen","thefirefly:Lamentation","thefirefly:NebulaVeil","thefirefly:SteadyAim","thefirefly:SoulStrike+1","thefirefly:EMP","thefirefly:RerouteCircuit","thefirefly:Lamentation","thefirefly:Quine+1","thefirefly:AutoTargeting+1","thefirefly:IonizedBarrier","thefirefly:PhantomStrike","thefirefly:Unweft"],"relics":["thefirefly:StealthSystem","downfall:HeartsMalice","Regal Pillow","yuri:PortableGlitches","jedi:paperlyon","PreservedInsect","Matryoshka","thefirefly:TimeCapsule","thefirefly:PlasmaFairy"],"acts_visited":["Exordium","TheCity"],"potions_floor_usage":[16,19,21,30,31],"damage_taken":[{"damage":0,"enemies":"Jaw Worm","floor":2,"turns":1},{"damage":0,"enemies":"Small Slimes","floor":3,"turns":1},{"damage":0,"enemies":"Lagavulin","floor":4,"turns":1},{"damage":0,"enemies":"downfall:FleeingMerchant","floor":5,"turns":4},{"damage":10,"enemies":"Cultist","floor":8,"turns":5},{"damage":3,"enemies":"downfall:FleeingMerchant","floor":9,"turns":4},{"damage":2,"enemies":"2 Fungi Beasts","floor":12,"turns":3},{"damage":3,"enemies":"Red Slaver","floor":14,"turns":6},{"damage":0,"enemies":"3 Louse","floor":15,"turns":4},{"damage":11,"enemies":"downfall:Ironclad","floor":16,"turns":7},{"damage":10,"enemies":"downfall:FleeingMerchant","floor":19,"turns":4},{"damage":25,"enemies":"Slavers","floor":21,"turns":5},{"damage":12,"enemies":"Book of Stabbing","floor":25,"turns":6},{"damage":5,"enemies":"downfall:FleeingMerchant","floor":28,"turns":4},{"damage":5,"enemies":"Spheric Guardian","floor":29,"turns":3},{"damage":10,"enemies":"Chosen and Byrds","floor":30,"turns":7},{"damage":27,"enemies":"Snecko","floor":31,"turns":3}],"seed_played":"-4071934370771321661","potions_obtained":[{"floor":4,"key":"DistilledChaos"},{"floor":8,"key":"LiquidMemories"},{"floor":14,"key":"jedi:mysterypotion"},{"floor":16,"key":"Slimebound:ThreeZeroPotion"},{"floor":21,"key":"SteroidPotion"},{"floor":25,"key":"Explosive Potion"}],"is_trial":false,"path_per_floor":["R","M","M","E","$","?","T","M","$","R","?","M","?","M","M","B",null,"R","$","R","E","R","?","T","E","?","R","$","M","M","M"],"character_chosen":"THE_FIREFLY","items_purchased":["thefirefly:ChargedLaser","thefirefly:RerouteCircuit","thefirefly:IonizedBarrier","thefirefly:PlasmaFairy"],"campfire_rested":1,"item_purchase_floors":[5,19,28,28],"current_hp_per_floor":[55,55,55,55,55,55,55,45,42,42,42,40,40,37,37,26,55,55,45,45,20,51,51,51,39,39,39,34,29,19,0,0],"gold":146,"neow_bonus":"THREE_ENEMY_KILL","is_daily":false,"chose_seed":false,"campfire_upgraded":4,"win_rate":0.0,"timestamp":1607824041,"path_taken":["R","M","M","E","$","?","T","M","$","R","?","M","?","M","M","BOSS","R","?","R","E","R","?","T","E","?","R","$","M","M","?"],"items_purchased_type":["Card","Card","Card","Relic"],"build_version":"2020-11-30","purchased_purges":1,"victory":false,"max_hp_per_floor":[55,55,55,55,55,55,55,55,55,55,55,55,55,55,55,55,55,55,55,55,55,55,55,55,55,55,55,55,55,55,55,55],"card_choices":[{"not_picked":["thefirefly:Bombardment","thefirefly:HyperFocus"],"picked":"thefirefly:Pacify","floor":2},{"not_picked":["thefirefly:Boost","thefirefly:CoveringFire"],"picked":"thefirefly:Rend","floor":3},{"not_picked":["thefirefly:Reposition","thefirefly:MirrorShield"],"picked":"thefirefly:RecollectionSubroutine","floor":4},{"not_picked":["thefirefly:Rend","thefirefly:Reposition"],"picked":"thefirefly:Lamentation","floor":5},{"not_picked":["thefirefly:Rend","thefirefly:EvasiveManeuver"],"picked":"thefirefly:PhantomStrike","floor":8},{"not_picked":["thefirefly:EphemeronForm","thefirefly:SearingEnigma"],"picked":"thefirefly:LaserMail","floor":9},{"not_picked":["thefirefly:Flight","thefirefly:RollBack"],"picked":"thefirefly:Lamentation","floor":12},{"not_picked":["thefirefly:LifeSupport","thefirefly:EvasiveManeuver"],"picked":"thefirefly:NebulaVeil","floor":14},{"not_picked":["thefirefly:PhantomStrike","thefirefly:Rend"],"picked":"thefirefly:SteadyAim","floor":15},{"not_picked":["thefirefly:Unburden","thefirefly:MindControl"],"picked":"thefirefly:SoulStrike","floor":16},{"not_picked":["thefirefly:Reposition","thefirefly:FullProjection+1"],"picked":"thefirefly:EMP","floor":19},{"not_picked":["thefirefly:Quine+1","thefirefly:ChargedLaser"],"picked":"thefirefly:Lamentation","floor":21},{"not_picked":["thefirefly:EMP","thefirefly:ArtillleryBeam"],"picked":"thefirefly:Quine+1","floor":25},{"not_picked":["thefirefly:FlakCannon","thefirefly:Exile"],"picked":"thefirefly:AutoTargeting+1","floor":28},{"not_picked":["thefirefly:Ruminate","thefirefly:Reposition"],"picked":"thefirefly:PhantomStrike","floor":29},{"not_picked":["thefirefly:QuantumTunneling+1","thefirefly:PotentAmmunition"],"picked":"thefirefly:Unweft","floor":30}],"player_experience":507736,"relics_obtained":[{"floor":4,"key":"Regal Pillow"},{"floor":7,"key":"yuri:PortableGlitches"},{"floor":21,"key":"PreservedInsect"},{"floor":24,"key":"Matryoshka"},{"floor":25,"key":"thefirefly:TimeCapsule"}],"event_choices":[{"damage_healed":0,"gold_gain":0,"player_choice":"Ignored","damage_taken":0,"max_hp_gain":0,"max_hp_loss":0,"event_name":"Ghosts","floor":23,"gold_loss":0}],"is_beta":false,"boss_relics":[{"not_picked":["thethorton:BottledFunds","Snecko Eye"],"picked":"jedi:paperlyon"}],"items_purged_floors":[9],"is_endless":false,"potions_floor_spawned":[4,8,14,15,16,21,25,29],"killed_by":"Snecko","ascension_level":0}}