{"host":"i41n6wh529970c2c","time":1607825755,"event":{"mods":["Act Like it!","BaseMod","BetterRewards","Friendly Minions","Gold Saver","Hermit","Minty Spire (QoL Compilation)","Replay The Spire","Shop Mod","StSLib"],"gold_per_floor":[747,747,747,761,117,143,155,184,209,225,258,258,274,274,274,274,274],"floor_reached":16,"playtime":746,"items_purged":["hermit:Strike_Hermit"],"score":210,"play_id":"a8cfe66f-87c8-4dc7-b1f7-69d4cbd96b29","local_time":"20201212211555","is_ascension_mode":true,"campfire_choices":[{"data":"hermit:OverwhelmingPower","floor":15,"key":"SMITH"}],"circlet_count":0,"master_deck":["hermit:Strike_Hermit","hermit:Strike_Hermit+1","hermit:Strike_Hermit","hermit:Defend_Hermit","hermit:Defend_Hermit","hermit:Snapshot","hermit:Covet","hermit:Quickdraw","hermit:Horror+1","hermit:RoundhouseKick+1","hermit:NoHoldsBarred","hermit:ItchyTrigger","hermit:GhostlyPresence","hermit:FatalDesire","hermit:GhostlyPresence","hermit:Coalescence","hermit:OverwhelmingPower+1","Regret"],"relics":["hermit:Momento","NeowsBlessing","hermit:RedScarf","Sling","Juzu Bracelet","Strawberry","Replay:Baseball","ReplayTheSpireMod:Lightbulb","Replay:Wax Seal"],"acts_visited":["Exordium"],"potions_floor_usage":[8,11,16],"damage_taken":[{"damage":0.0,"enemies":"Jaw Worm","floor":1.0,"turns":1.0},{"damage":0,"enemies":"2 Louse","floor":4,"turns":1},{"damage":0,"enemies":"Lagavulin","floor":6,"turns":1},{"damage":0,"enemies":"Cultist","floor":7,"turns":3},{"damage":20,"enemies":"3 Sentries","floor":8,"turns":5},{"damage":3,"enemies":"Looter","floor":10,"turns":2},{"damage":7,"enemies":"Lagavulin","floor":11,"turns":4},{"damage":0,"enemies":"Large Slime","floor":13,"turns":4},{"damage":30,"enemies":"The Guardian","floor":16,"turns":7}],"seed_played":"-4493257443811750599","potions_obtained":[{"floor":4,"key":"AttackPotion"},{"floor":8,"key":"Energy Potion"},{"floor":13,"key":"Adrenaline Potion"}],"is_trial":false,"path_per_floor":["M","?","?","M","$","E","M","E","T","M","E","?","M","?","R","B"],"character_chosen":"HERMIT","items_purchased":["hermit:RedScarf","Sling","hermit:ItchyTrigger","hermit:GhostlyPresence"],"campfire_rested":0,"item_purchase_floors":[5,5,5,5],"current_hp_per_floor":[68,68,68,68,68,68,68,55,55,52,45,45,45,29,29,0,0],"gold":274,"neow_bonus":"THREE_ENEMY_KILL","is_daily":false,"chose_seed":false,"campfire_upgraded":1,"win_rate":0.0,"timestamp":1607825755,"path_taken":["M","?","?","?","$","E","M","E","T","M","E","?","M","?","R","BOSS"],"items_purchased_type":["Relic","Relic","Card","Card"],"build_version":"2020-11-30","purchased_purges":1,"victory":false,"max_hp_per_floor":[75,75,75,75,75,75,75,82,82,82,82,82,82,82,82,82,82],"card_choices":[{"not_picked":["hermit:Showdown","hermit:TrackingShot"],"picked":"hermit:Quickdraw","floor":1.0},{"not_picked":["hermit:HoleUp","hermit:Misfire"],"picked":"hermit:NoHoldsBarred","floor":4},{"not_picked":["hermit:CalledShot","hermit:BodyArmor"],"picked":"hermit:FatalDesire","floor":6},{"not_picked":["hermit:Quickdraw","hermit:Gestalt","hermit:Midnight"],"picked":"SKIP","floor":7},{"not_picked":["hermit:Misfire","hermit:TrackingShot"],"picked":"hermit:GhostlyPresence","floor":8},{"not_picked":["hermit:LowProfile","hermit:SprayPray"],"picked":"hermit:Coalescence","floor":10},{"not_picked":["hermit:Cheat","hermit:EternalForm"],"picked":"hermit:OverwhelmingPower","floor":11},{"not_picked":["hermit:Feint","hermit:Glare","hermit:FullyLoaded"],"picked":"SKIP","floor":13}],"player_experience":744276,"relics_obtained":[{"floor":6,"key":"Juzu Bracelet"},{"floor":8,"key":"Strawberry"},{"floor":9,"key":"Replay:Baseball"},{"floor":11,"key":"ReplayTheSpireMod:Lightbulb"}],"event_choices":[{"damage_healed":0,"gold_gain":0,"cards_transformed":["hermit:Defend_Hermit"],"player_choice":"Transformed","damage_taken":0,"max_hp_gain":0,"max_hp_loss":0,"event_name":"Transmorgrifier","floor":3,"gold_loss":0,"cards_obtained":["hermit:RoundhouseKick"]},{"damage_healed":0,"gold_gain":0,"player_choice":"Box","damage_taken":0,"relics_obtained":["Replay:Wax Seal"],"max_hp_gain":0,"max_hp_loss":0,"event_name":"Big Fish","floor":12,"gold_loss":0,"cards_obtained":["Regret"]},{"damage_healed":0,"gold_gain":0,"player_choice":"Entered Light","damage_taken":16,"max_hp_gain":0,"max_hp_loss":0,"event_name":"Shining Light","floor":14,"gold_loss":0,"cards_upgraded":["hermit:RoundhouseKick","hermit:Strike_Hermit"]}],"is_beta":false,"boss_relics":[],"items_purged_floors":[5],"is_endless":false,"potions_floor_spawned":[4,8,13],"killed_by":"The Guardian","ascension_level":9}}