{"host":"3pyrf848gr42tovh","time":1607877603,"event":{"mods":["Aspiration","BaseMod","Better Altar","Better Match","Better Note","Better Sensory Stone","Better Skull","Better Third Choice","BetterRewards","Colored Map","Conspire","Displayed Cursed Tome","Hubris","Infinite Spire","Marisa????????","Minty Spire (QoL Compilation)","Quick Restart","Relic Sorter","Relic Stats","Remilia??????","Replay The Spire","StSLib","Td1madao Mod","The Administrix","The Animator","The Cursed","The Hierophant","The Jungle","The Necromancer","The Servant 0.9.4","vexMod"],"gold_per_floor":[117,117,226,245,262,262,262],"floor_reached":6,"playtime":178,"items_purged":["Strike_B"],"score":36,"play_id":"d31a7f6e-0752-4e8a-a1c7-a381ce63f0b1","local_time":"20201213184003","is_ascension_mode":false,"campfire_choices":[],"circlet_count":0,"master_deck":["Strike_B","Strike_B","Strike_B","Defend_B","Defend_B","Defend_B","Zap+1","Dualcast","Streamline","Streamline+1"],"relics":["Cracked Core","hubris:Zylophone","hubris:FunFungus","vexMod:PaidLearning","aspiration:EnhancedActuators","aspiration:Lifesprig"],"acts_visited":["Exordium"],"potions_floor_usage":[],"damage_taken":[{"damage":0.0,"enemies":"Small Slimes","floor":1.0,"turns":2.0},{"damage":0.0,"enemies":"Cultist","floor":4.0,"turns":2.0},{"damage":6.0,"enemies":"Jaw Worm","floor":5.0,"turns":2.0},{"damage":26,"enemies":"3 Sentries","floor":6,"turns":3}],"seed_played":"-4693445116880757583","potions_obtained":[{"floor":1.0,"key":"PowerPotion"},{"floor":5.0,"key":"Strength Potion"}],"is_trial":false,"path_per_floor":["M","?","?","M","M","E"],"character_chosen":"DEFECT","items_purchased":["hubris:Zylophone","Streamline","vexMod:PaidLearning"],"campfire_rested":0,"item_purchase_floors":[0,0,0],"current_hp_per_floor":[75,75,30,30,24,0,0],"gold":262,"neow_bonus":"","is_daily":false,"chose_seed":false,"campfire_upgraded":0,"win_rate":0.0,"timestamp":1607877603,"path_taken":["M","?","?","?","M","E"],"items_purchased_type":["Relic","Card","Relic"],"build_version":"2020-11-30","purchased_purges":1,"victory":false,"max_hp_per_floor":[75,75,75,75,75,75,75],"relic_stats":{"counters":[110,469],"obtain_stats":[{"Replay:Accelerometer":11,"ScarletDevilRocket":2,"Gremlin Horn":28,"Vampiric Spirits":0,"Vajra":7,"theJungle:Creamberry":25,"aspiration:Stabinomicon":19,"Whetstone":53,"Replay:Wanted Poster":17,"Blood Vial":29,"Replay:Ringing Soul":8,"Centennial Puzzle":29,"infinitespire:ShieldingShard":9,"aspiration:EnhancedActuators":3,"hubris:AstralHammer":9,"DollysMirror":0,"Strawberry":6,"MealTicket":42,"infinitespire:Golems Mask":43,"Kunai":24,"Replay:Wax Seal":46,"conspire:Dentures":23,"Pear":43,"Happy Flower":54,"Pen Nib":12,"vexMod:PaidLearning":0,"War Paint":43,"hubris:Zylophone":21,"Du-Vu Doll":0,"Replay:Baseball":6,"Onion Ring":15,"hubris:ToyBattleship":48,"CatCart":47,"Grinning Jar":0,"vexMod:ImprovementManual":29,"infinitespire:PuzzleCube":40,"vexMod:BigBerry":17,"ReplayFunnel":27,"ReplayTheSpireMod:Ring of Exchange":38,"aspiration:Lifesprig":3,"Magic Flower":37,"Painkiller Herb":17,"Mango":0,"Blue Doll":38,"Bag of Preparation":9,"Juzu Bracelet":0,"hubris:RunicObelisk":34,"Empty Cage":17,"Pet Ghost":26,"Burning Blood":0,"Replay:Rubber Ducky":21,"vexMod:RedPlottingStone":42,"hubris:ScarierMask":34,"hubris:FunFungus":0,"Red Mask":48,"Cracked Core":0,"InkBottle":26,"Ring of the Snake":0,"aspiration:ChemicalBlood":48,"BargainBundle":0,"NeowsBlessing":0,"Golden Idol":2,"vexMod:BerryBomb":14,"conspire:RunicOctahedron":34,"Replay:WaspNest":54,"Omamori":0,"infinitespire:Lucky Rock":3,"infinitespire:CheckeredPen":19,"vexMod:FocusSash":46,"Ring of Greed":38,"hubris:Towel":13,"Mercury Hourglass":39,"vexMod:Dragonfruit":13,"Busted Crown":0,"betterThird:SlimedRelic":11,"infinitespire:Satchel":12,"Garlic":6,"ReplayTheSpireMod:Lightbulb":12,"hubris:OldNail":14},{"Replay:Accelerometer":38,"ScarletDevilRocket":88,"Gremlin Horn":97,"Vampiric Spirits":59,"Vajra":89,"theJungle:Creamberry":44,"aspiration:Stabinomicon":94,"Whetstone":57,"Replay:Wanted Poster":69,"Blood Vial":74,"Replay:Ringing Soul":36,"Centennial Puzzle":97,"infinitespire:ShieldingShard":5,"aspiration:EnhancedActuators":107,"hubris:AstralHammer":24,"DollysMirror":59,"Strawberry":64,"MealTicket":80,"infinitespire:Golems Mask":80,"Kunai":44,"Replay:Wax Seal":54,"conspire:Dentures":13,"Pear":53,"Happy Flower":86,"Pen Nib":67,"vexMod:PaidLearning":106,"War Paint":102,"hubris:Zylophone":11,"Du-Vu Doll":87,"Replay:Baseball":23,"Onion Ring":68,"hubris:ToyBattleship":83,"CatCart":55,"Grinning Jar":87,"vexMod:ImprovementManual":74,"infinitespire:PuzzleCube":78,"vexMod:BigBerry":41,"ReplayFunnel":97,"ReplayTheSpireMod:Ring of Exchange":101,"aspiration:Lifesprig":107,"Magic Flower":101,"Painkiller Herb":8,"Mango":59,"Blue Doll":101,"Bag of Preparation":36,"Juzu Bracelet":87,"hubris:RunicObelisk":48,"Empty Cage":93,"Pet Ghost":72,"Burning Blood":0,"Replay:Rubber Ducky":43,"vexMod:RedPlottingStone":102,"hubris:ScarierMask":99,"hubris:FunFungus":106,"Red Mask":84,"Cracked Core":0,"InkBottle":96,"Ring of the Snake":0,"aspiration:ChemicalBlood":105,"BargainBundle":59,"NeowsBlessing":32,"Golden Idol":20,"vexMod:BerryBomb":7,"conspire:RunicOctahedron":75,"Replay:WaspNest":58,"Omamori":87,"infinitespire:Lucky Rock":2,"infinitespire:CheckeredPen":42,"vexMod:FocusSash":82,"Ring of Greed":101,"hubris:Towel":25,"Mercury Hourglass":101,"vexMod:Dragonfruit":39,"Busted Crown":27,"betterThird:SlimedRelic":90,"infinitespire:Satchel":91,"Garlic":4,"ReplayTheSpireMod:Lightbulb":6,"hubris:OldNail":26},{"Replay:Accelerometer":175,"ScarletDevilRocket":391,"Gremlin Horn":434,"Vampiric Spirits":287,"Vajra":397,"theJungle:Creamberry":215,"aspiration:Stabinomicon":422,"Whetstone":276,"Replay:Wanted Poster":327,"Blood Vial":344,"Replay:Ringing Soul":165,"Centennial Puzzle":434,"infinitespire:ShieldingShard":24,"aspiration:EnhancedActuators":462,"hubris:AstralHammer":120,"DollysMirror":287,"Strawberry":300,"MealTicket":363,"infinitespire:Golems Mask":363,"Kunai":215,"Replay:Wax Seal":259,"conspire:Dentures":80,"Pear":254,"Happy Flower":384,"Pen Nib":316,"vexMod:PaidLearning":460,"War Paint":454,"hubris:Zylophone":72,"Du-Vu Doll":389,"Replay:Baseball":114,"Onion Ring":319,"hubris:ToyBattleship":370,"CatCart":267,"Grinning Jar":389,"vexMod:ImprovementManual":344,"infinitespire:PuzzleCube":357,"vexMod:BigBerry":193,"ReplayFunnel":434,"ReplayTheSpireMod:Ring of Exchange":451,"aspiration:Lifesprig":462,"Magic Flower":451,"Painkiller Herb":50,"Mango":287,"Blue Doll":451,"Bag of Preparation":165,"Juzu Bracelet":389,"hubris:RunicObelisk":234,"Empty Cage":418,"Pet Ghost":333,"Burning Blood":0,"Replay:Rubber Ducky":208,"vexMod:RedPlottingStone":454,"hubris:ScarierMask":445,"hubris:FunFungus":460,"Red Mask":373,"Cracked Core":0,"InkBottle":430,"Ring of the Snake":0,"aspiration:ChemicalBlood":458,"BargainBundle":287,"NeowsBlessing":158,"Golden Idol":100,"vexMod:BerryBomb":40,"conspire:RunicOctahedron":350,"Replay:WaspNest":281,"Omamori":389,"infinitespire:Lucky Rock":11,"infinitespire:CheckeredPen":200,"vexMod:FocusSash":367,"Ring of Greed":451,"hubris:Towel":121,"Mercury Hourglass":451,"vexMod:Dragonfruit":180,"Busted Crown":134,"betterThird:SlimedRelic":401,"infinitespire:Satchel":405,"Garlic":21,"ReplayTheSpireMod:Lightbulb":30,"hubris:OldNail":126}]},"card_choices":[{"not_picked":["Reprogram","Go for the Eyes","Leap"],"picked":"SKIP","floor":1.0},{"not_picked":["Redo","Panic Button","Steam"],"picked":"SKIP","floor":4.0},{"not_picked":["Machine Learning","Go for the Eyes","BasicCrystalCard"],"picked":"SKIP","floor":5.0}],"player_experience":107350,"relics_obtained":[],"event_choices":[{"damage_healed":0.0,"max_hp_gain":0.0,"max_hp_loss":0.0,"gold_gain":109.0,"event_name":"betterSkull:BetterSkull","player_choice":"RE RE GO ","floor":3.0,"gold_loss":0.0,"damage_taken":50.0,"cards_upgraded":[],"relics_obtained":["aspiration:EnhancedActuators","aspiration:Lifesprig"]}],"is_beta":false,"boss_relics":[],"items_purged_floors":[0],"is_endless":false,"potions_floor_spawned":[1,5],"killed_by":"3 Sentries","ascension_level":0}}