{"host":"owox7x4ngjt9htcc","time":1607839010,"event":{"mods":["BaseMod","Colored Map","DeckTracker","Keyboard Shortcuts","Minty Spire (QoL Compilation)","SuperFastMode"],"gold_per_floor":[114,114,129,129,3,33,48,48,73,103,103,29,44,59,59,159,159,174,189,189,189,189,189,219,234,284,6,6,36,54,69,69,169,169,184,184,184,199,249,279,79,79,79,94,44,59,74,4,4,4],"floor_reached":51,"playtime":1735,"items_purged":["Pain","Defend_P","ThirdEye","Bite"],"score":823,"play_id":"b395444d-7376-4a34-8174-902361f09841","local_time":"20201213145650","daily_mods":["Specialized","Colorless Cards","Binary"],"is_ascension_mode":false,"campfire_choices":[{"data":"Eruption","floor":8.0,"key":"SMITH"},{"data":"PathToVictory","floor":15.0,"key":"SMITH"},{"data":"Omniscience","floor":23.0,"key":"SMITH"},{"data":"MentalFortress","floor":28.0,"key":"SMITH"},{"floor":32.0,"key":"REST"},{"floor":42,"key":"REST"},{"floor":49,"key":"REST"}],"circlet_count":0,"master_deck":["Eruption+1","Vigilance","ThirdEye","ThirdEye","ThirdEye","ThirdEye","EmptyFist","CrushJoints","PathToVictory","Flash of Steel","PathToVictory+1","Panacea","FearNoEvil","Omniscience+1","Evaluate+1","MentalFortress+1","Bite","Bite","Bite","LikeWater","Nirvana","PathToVictory","EmptyFist","WaveOfTheHand","Prostrate+1","Apotheosis","Prostrate","DeusExMachina","Perseverance","Scrawl","PathToVictory+1","Meditate+1","Evaluate+1","Nirvana","Panacea+1"],"relics":["PureWater","WarpedTongs","Strawberry","Akabeko","Pantograph","Empty Cage","MutagenicStrength","InkBottle","Darkstone Periapt","Dream Catcher","Dead Branch","Red Mask","Fusion Hammer","Bag of Preparation","Smiling Mask","DollysMirror","StrikeDummy"],"acts_visited":["Exordium","TheCity","TheBeyond"],"potions_floor_usage":[33,50,50],"damage_taken":[{"damage":1.0,"enemies":"Small Slimes","floor":1.0,"turns":4.0},{"damage":0.0,"enemies":"Cultist","floor":3.0,"turns":3.0},{"damage":10.0,"enemies":"Lagavulin","floor":6.0,"turns":7.0},{"damage":0.0,"enemies":"2 Louse","floor":7.0,"turns":2.0},{"damage":6.0,"enemies":"3 Sentries","floor":10.0,"turns":8.0},{"damage":0.0,"enemies":"Exordium Thugs","floor":13.0,"turns":3.0},{"damage":3.0,"enemies":"Lots of Slimes","floor":14.0,"turns":4.0},{"damage":35.0,"enemies":"Slime Boss","floor":16.0,"turns":10.0},{"damage":4.0,"enemies":"Chosen","floor":18.0,"turns":6.0},{"damage":6.0,"enemies":"Shell Parasite","floor":19.0,"turns":5.0},{"damage":22.0,"enemies":"Gremlin Leader","floor":24.0,"turns":9.0},{"damage":7.0,"enemies":"Shelled Parasite and Fungi","floor":25.0,"turns":5.0},{"damage":20.0,"enemies":"Book of Stabbing","floor":29.0,"turns":7.0},{"damage":18.0,"enemies":"Masked Bandits","floor":30.0,"turns":5.0},{"damage":14.0,"enemies":"Chosen and Byrds","floor":31.0,"turns":6.0},{"damage":29,"enemies":"Automaton","floor":33,"turns":14},{"damage":0,"enemies":"Orb Walker","floor":35,"turns":1},{"damage":4,"enemies":"3 Darklings","floor":38,"turns":4},{"damage":9,"enemies":"Reptomancer","floor":40,"turns":8},{"damage":1,"enemies":"4 Shapes","floor":44,"turns":3},{"damage":3,"enemies":"Jaw Worm Horde","floor":46,"turns":4},{"damage":0,"enemies":"Maw","floor":47,"turns":5},{"damage":37,"enemies":"Time Eater","floor":50,"turns":7}],"seed_played":"4834798368356638827","potions_obtained":[{"floor":1.0,"key":"Weak Potion"},{"floor":10.0,"key":"Dexterity Potion"},{"floor":13.0,"key":"Block Potion"},{"floor":19.0,"key":"Weak Potion"},{"floor":24.0,"key":"ColorlessPotion"},{"floor":25.0,"key":"FearPotion"},{"floor":31.0,"key":"SpeedPotion"},{"floor":44,"key":"Strength Potion"},{"floor":47,"key":"Energy Potion"}],"is_trial":false,"path_per_floor":["M","?","M","?","$","E","M","R","T","E","?","$","M","M","R","B",null,"M","M","?","?","?","R","E","M","T","$","R","E","?","M","R","B",null,"M","?","?","M","T","E","$","R","T","M","$","M","M","$","R","B",null],"character_chosen":"WATCHER","items_purchased":["PathToVictory","FearNoEvil","Nirvana","PathToVictory","EmptyFist","DollysMirror","Nirvana"],"campfire_rested":3,"item_purchase_floors":[5,12,27,27,27,41,48],"current_hp_per_floor":[71,71,71,71,71,68,68,68,68,62,62,62,62,59,59,44,79,75,69,55,55,55,55,44,51,51,51,51,37,32,28,44,51,55,55,55,55,55,55,55,55,55,55,54,54,54,55,55,55,24],"gold":4,"neow_bonus":"","is_daily":true,"chose_seed":false,"campfire_upgraded":4,"win_rate":0.0,"timestamp":1607839010,"path_taken":["M","?","?","?","?","E","?","R","T","E","?","?","M","M","R","BOSS","M","M","?","?","?","R","E","M","T","$","R","E","?","M","R","BOSS","M","?","?","?","?","E","?","R","T","M","$","M","M","$","R","BOSS"],"items_purchased_type":["Card","Card","Card","Card","Card","Relic","Card"],"build_version":"2020-11-30","purchased_purges":4,"victory":true,"max_hp_per_floor":[72,72,72,72,72,79,79,79,79,79,79,79,79,79,79,79,79,79,79,55,55,55,55,55,55,55,55,55,55,55,55,55,55,55,55,55,55,55,55,55,55,55,55,55,55,55,55,55,55,55],"card_choices":[{"not_picked":["Halt"],"picked":"EmptyFist","floor":1.0},{"not_picked":["FollowUp"],"picked":"CrushJoints","floor":3.0},{"not_picked":["Finesse"],"picked":"Flash of Steel","floor":6.0},{"not_picked":["SashWhip"],"picked":"PathToVictory","floor":7.0},{"not_picked":["Indignation","FlyingSleeves"],"picked":"SKIP","floor":10.0},{"not_picked":["CrushJoints","Good Instincts"],"picked":"SKIP","floor":13.0},{"not_picked":["JustLucky","BowlingBash"],"picked":"SKIP","floor":14.0},{"not_picked":["Brilliance"],"picked":"Omniscience","floor":16.0},{"not_picked":["Consecrate+1"],"picked":"Evaluate+1","floor":18.0},{"not_picked":["CrushJoints+1"],"picked":"MentalFortress","floor":19.0},{"not_picked":["Secret Technique"],"picked":"LikeWater","floor":24.0},{"not_picked":["CrushJoints","CutThroughFate+1"],"picked":"SKIP","floor":25.0},{"not_picked":["Deep Breath"],"picked":"WaveOfTheHand","floor":29.0},{"not_picked":["EmptyFist"],"picked":"Prostrate+1","floor":30.0},{"not_picked":["Wireheading"],"picked":"Apotheosis","floor":31.0},{"not_picked":["EmptyBody"],"picked":"Prostrate","floor":32.0},{"not_picked":["Sadistic Nature"],"picked":"DeusExMachina","floor":33},{"not_picked":["JustLucky","SignatureMove+1"],"picked":"SKIP","floor":35},{"not_picked":["BowlingBash+1","Wallop"],"picked":"SKIP","floor":38},{"not_picked":["CutThroughFate"],"picked":"Scrawl","floor":40},{"not_picked":["Halt+1"],"picked":"Meditate+1","floor":44},{"not_picked":["CarveReality","Enlightenment+1"],"picked":"SKIP","floor":46},{"not_picked":["Conclude"],"picked":"Evaluate+1","floor":47},{"not_picked":["Deep Breath"],"picked":"Panacea+1","floor":49}],"player_experience":835036,"relics_obtained":[{"floor":6.0,"key":"Strawberry"},{"floor":9.0,"key":"Akabeko"},{"floor":10.0,"key":"Pantograph"},{"floor":24.0,"key":"Darkstone Periapt"},{"floor":26.0,"key":"Dream Catcher"},{"floor":29.0,"key":"Dead Branch"},{"floor":30.0,"key":"Red Mask"},{"floor":39,"key":"Bag of Preparation"},{"floor":40,"key":"Smiling Mask"},{"floor":43,"key":"StrikeDummy"}],"event_choices":[{"cards_removed":["Defend_P"],"damage_healed":0.0,"max_hp_gain":0.0,"max_hp_loss":0.0,"gold_gain":0.0,"event_name":"Bonfire Elementals","player_choice":"Offered Basic","floor":2.0,"gold_loss":0.0,"damage_taken":0.0},{"damage_healed":0.0,"max_hp_gain":0.0,"max_hp_loss":0.0,"gold_gain":0.0,"event_name":"Accursed Blacksmith","player_choice":"Rummage","floor":4.0,"gold_loss":0.0,"damage_taken":0.0,"relics_obtained":["WarpedTongs"],"cards_obtained":["Pain"]},{"damage_healed":0.0,"max_hp_gain":0.0,"max_hp_loss":0.0,"gold_gain":0.0,"event_name":"Match and Keep!","player_choice":"1 cards matched","floor":11.0,"gold_loss":0.0,"damage_taken":0.0,"cards_obtained":["Panacea"]},{"damage_healed":0.0,"max_hp_gain":0.0,"max_hp_loss":24.0,"gold_gain":0.0,"event_name":"Vampires","player_choice":"Became a vampire","floor":20.0,"gold_loss":0.0,"damage_taken":0.0,"cards_obtained":["Bite","Bite","Bite","Bite","Bite"]},{"damage_healed":0.0,"max_hp_gain":0.0,"max_hp_loss":0.0,"gold_gain":0.0,"event_name":"Drug Dealer","player_choice":"Inject Mutagens","floor":21.0,"gold_loss":0.0,"damage_taken":0.0,"relics_obtained":["MutagenicStrength"]},{"damage_healed":0.0,"max_hp_gain":0.0,"max_hp_loss":0.0,"gold_gain":0.0,"event_name":"The Mausoleum","player_choice":"Opened","floor":22.0,"gold_loss":0.0,"damage_taken":0.0,"relics_obtained":["InkBottle"]},{"damage_healed":0.0,"max_hp_gain":0.0,"max_hp_loss":0.0,"gold_gain":0.0,"event_name":"Masked Bandits","player_choice":"Fought Bandits","floor":30.0,"gold_loss":0.0,"damage_taken":0.0},{"cards_removed":["Bite"],"damage_healed":0,"gold_gain":0,"player_choice":"Removed Attack","damage_taken":0,"max_hp_gain":0,"max_hp_loss":0,"event_name":"Falling","floor":36,"gold_loss":0},{"damage_healed":0,"gold_gain":0,"cards_transformed":["Defend_P"],"player_choice":"Transformed","damage_taken":0,"max_hp_gain":0,"max_hp_loss":0,"event_name":"Transmorgrifier","floor":37,"gold_loss":0,"cards_obtained":["Perseverance"]}],"is_beta":false,"boss_relics":[{"not_picked":["HolyWater","Tiny House"],"picked":"Empty Cage"},{"not_picked":["Pandora\u0027s Box","Philosopher\u0027s Stone"],"picked":"Fusion Hammer"}],"items_purged_floors":[5,27,41,45],"is_endless":false,"potions_floor_spawned":[1,10,13,19,24,25,31,44,47],"ascension_level":0}}