{"host":"hqvh779b89tfrjxy","time":1607863750,"event":{"mods":["Act Like it!","BaseMod","Better Third Choice","Downfall","Elementarium","Filter the Spire","GifTheSpireLib","Marked Mod","Minty Spire (QoL Compilation)","Replay The Spire","Spicy Shops","StSLib"],"gold_per_floor":[114,127,139,156,174,174,207,222,222,236,254,254,254,319,319,419,419,434,446,446,446],"floor_reached":20,"playtime":926,"items_purged":[],"score":291,"play_id":"3b42e627-258c-4b5f-bd1a-27b66639b8ae","local_time":"20201213134910","is_ascension_mode":true,"campfire_choices":[{"data":"Discovery","floor":6,"key":"SMITH"},{"floor":12,"key":"REST"},{"floor":15,"key":"REST"}],"circlet_count":0,"master_deck":["Strike_P","Strike_P","Strike_P","Strike_P","Defend_P","Defend_P","Defend_P","Defend_P","Eruption","Vigilance","Discovery+1","SashWhip","FearNoEvil","SandsOfTime","PathToVictory","PathToVictory","FollowUp","PathToVictory","PathToVictory","Vault"],"relics":["PureWater","Potion Belt","Pet Ghost","Philosopher\u0027s Stone"],"acts_visited":["Exordium","TheCity"],"potions_floor_usage":[4,7,13,14],"damage_taken":[{"damage":0,"enemies":"Cultist","floor":1,"turns":3},{"damage":2,"enemies":"Jaw Worm","floor":2,"turns":3},{"damage":0,"enemies":"Small Slimes","floor":3,"turns":2},{"damage":3,"enemies":"3 Louse","floor":4,"turns":2},{"damage":7,"enemies":"Large Slime","floor":5,"turns":3},{"damage":21,"enemies":"3 Sentries","floor":7,"turns":7},{"damage":14,"enemies":"Red Slaver","floor":8,"turns":2},{"damage":9,"enemies":"Blue Slaver","floor":10,"turns":3},{"damage":6,"enemies":"Looter","floor":11,"turns":2},{"damage":0,"enemies":"Gremlin Nob","floor":13,"turns":1},{"damage":7,"enemies":"Gremlin Nob","floor":14,"turns":3},{"damage":18,"enemies":"Slime Boss","floor":16,"turns":8},{"damage":16,"enemies":"Spheric Guardian","floor":18,"turns":5},{"damage":0,"enemies":"3 Byrds","floor":19,"turns":4},{"damage":14,"enemies":"Cultist and Chosen","floor":20,"turns":5}],"seed_played":"94251681324295206","potions_obtained":[{"floor":1,"key":"Fire Potion"},{"floor":2,"key":"LiquidMemories"},{"floor":4,"key":"Dexterity Potion"},{"floor":8,"key":"SmokeBomb"},{"floor":11,"key":"BlessingOfTheForge"},{"floor":14,"key":"Strength Potion"},{"floor":19,"key":"Languid Potion"}],"is_trial":false,"path_per_floor":["M","M","M","M","M","R","E","M","T","M","M","R","E","?","R","B",null,"M","M","M"],"character_chosen":"WATCHER","items_purchased":[],"campfire_rested":2,"item_purchase_floors":[],"current_hp_per_floor":[65,63,63,60,53,53,32,18,18,9,3,24,24,17,38,20,59,43,43,29,29],"gold":446,"neow_bonus":"RANDOM_COLORLESS","is_daily":false,"chose_seed":false,"campfire_upgraded":1,"win_rate":0.0,"timestamp":1607863750,"path_taken":["M","M","M","?","M","R","E","M","T","?","M","R","E","?","R","BOSS","M","M","M"],"items_purchased_type":[],"build_version":"2020-11-30","purchased_purges":0,"victory":false,"max_hp_per_floor":[72,72,72,72,72,72,72,72,72,72,72,72,72,72,72,72,72,72,72,72,72],"card_choices":[{"not_picked":["expansioncontent:PrepareCrush","expansioncontent:LastStand"],"picked":"Discovery","floor":0},{"not_picked":["WheelKick","MarkedMod:GentlePulse"],"picked":"SashWhip","floor":1},{"not_picked":["InnerPeace","Pray"],"picked":"FearNoEvil","floor":2},{"not_picked":["DeceiveReality","MarkedMod:GracefulMovements"],"picked":"SandsOfTime","floor":3},{"not_picked":["Collect","FlurryOfBlows"],"picked":"PathToVictory","floor":4},{"not_picked":["ThirdEye","EmptyFist"],"picked":"PathToVictory","floor":5},{"not_picked":["WaveOfTheHand","Crescendo","Replay:BluntJabs"],"picked":"SKIP","floor":7},{"not_picked":["ForeignInfluence","Adaptation","MarkedMod:Acupuncture"],"picked":"SKIP","floor":8},{"not_picked":["Pray","Brilliance"],"picked":"FollowUp","floor":10},{"not_picked":["EmptyBody","FlurryOfBlows"],"picked":"PathToVictory","floor":11},{"not_picked":["MarkedMod:GentlePulse","Replay:ManipulateFuture"],"picked":"PathToVictory","floor":14},{"not_picked":["MasterReality","Establishment"],"picked":"Vault","floor":16},{"not_picked":["Replay:ManipulateFuture","Consecrate","MarkedMod:FirstStrike"],"picked":"SKIP","floor":18},{"not_picked":["ClearTheMind","Conclude","FollowUp+1"],"picked":"SKIP","floor":19}],"player_experience":132658,"relics_obtained":[{"floor":7,"key":"Potion Belt"},{"floor":14,"key":"Pet Ghost"}],"event_choices":[{"damage_healed":0,"gold_gain":30,"player_choice":"Searched \u00273\u0027 times","damage_taken":0,"max_hp_gain":0,"max_hp_loss":0,"event_name":"Dead Adventurer","floor":14,"gold_loss":0}],"is_beta":false,"boss_relics":[{"not_picked":["Snecko Eye","SacredBark"],"picked":"Philosopher\u0027s Stone"}],"items_purged_floors":[],"is_endless":false,"potions_floor_spawned":[1,2,4,8,11,14,19],"killed_by":"Cultist and Chosen","ascension_level":8}}