{"host":"51oymzdi1vqwwubu","time":1607901284,"event":{"mods":["Alarm Clock","BaseMod","Become a monster ???","Better Altar","Better Match","Better Note","Better Sensory Stone","Better Skull","Better Vampires","Block Reminder","Colored Map","Colored Powertips","Curses Come First","DeckTracker","Defective Defect","Downfall","FTL Soundtrack","Highlight Path","Key Reminder","Keyboard Shortcuts","Minty Spire (QoL Compilation)","Quick Restart","Rare Cards Sparkle","Relic Stats","Reorder Act Four","StSLib","SuperFastMode","Waifu the Spire"],"gold_per_floor":[113,113,127,146,160,160,160,160],"floor_reached":7,"playtime":333,"items_purged":[],"score":43,"play_id":"aec3ab12-2ab3-4eb1-92f7-0fdde0d498cd","local_time":"20201214021444","is_ascension_mode":false,"campfire_choices":[{"floor":6,"key":"RECALL"}],"circlet_count":0,"master_deck":["Strike_B","Strike_B","Strike_B","Defend_B","Defend_B","Defend_B","Defend_B","Zap","Dualcast","Chaos","Self Repair","Heatsinks"],"relics":["Fusion Hammer","keyreminder:keyreminder"],"acts_visited":["Exordium"],"potions_floor_usage":[],"damage_taken":[{"damage":6,"enemies":"Jaw Worm","floor":1,"turns":3},{"damage":0,"enemies":"Cultist","floor":3,"turns":5},{"damage":2,"enemies":"Small Slimes","floor":4,"turns":4},{"damage":1,"enemies":"Exordium Wildlife","floor":5,"turns":3},{"damage":79,"enemies":"Gremlin Nob","floor":7,"turns":5}],"seed_played":"-5213899678159173954","potions_obtained":[{"floor":4,"key":"DistilledChaos"}],"is_trial":false,"path_per_floor":["M","?","M","M","M","R","E"],"character_chosen":"DEFECT","items_purchased":[],"campfire_rested":0,"item_purchase_floors":[],"current_hp_per_floor":[69,69,69,67,73,73,0,0],"gold":160,"neow_bonus":"BOSS_RELIC","is_daily":false,"chose_seed":false,"campfire_upgraded":0,"win_rate":0.0,"timestamp":1607901284,"path_taken":["M","?","?","M","M","R","E"],"items_purchased_type":[],"build_version":"2020-11-30","purchased_purges":0,"victory":false,"max_hp_per_floor":[75,75,75,75,75,75,75,75],"relic_stats":{"counters":[5,20],"obtain_stats":[{"keyreminder:keyreminder":6,"Fusion Hammer":0,"Cracked Core":0},{"keyreminder:keyreminder":4,"Fusion Hammer":0,"Cracked Core":0},{"keyreminder:keyreminder":15,"Fusion Hammer":0,"Cracked Core":0}]},"card_choices":[{"not_picked":["Cold Snap","Steam"],"picked":"Chaos","floor":1},{"not_picked":["Stack","Melter","Static Discharge"],"picked":"SKIP","floor":3},{"not_picked":["Beam Cell","Go for the Eyes"],"picked":"Self Repair","floor":4},{"not_picked":["Aggregate","Go for the Eyes"],"picked":"Heatsinks","floor":5}],"player_experience":129219,"relics_obtained":[],"event_choices":[{"cards_removed":["Strike_B"],"damage_healed":0,"gold_gain":0,"player_choice":"Offered Basic","damage_taken":0,"max_hp_gain":0,"max_hp_loss":0,"event_name":"Bonfire Elementals","floor":2,"gold_loss":0}],"is_beta":false,"boss_relics":[],"items_purged_floors":[],"is_endless":false,"potions_floor_spawned":[4],"killed_by":"Gremlin Nob","ascension_level":0}}