{"host":"8dhn6p16jorj0i1s","time":1607821309,"event":{"mods":["BaseMod","Colored Map","Minty Spire (QoL Compilation)","Permanent Neow","Quick Restart"],"gold_per_floor":[116,41,41,41,41,370,370,381,381,381,406,423,443,462,462,559,559,469,285,300,300,300,331,345,345,394,394,421,432,432,466,466,466,466],"floor_reached":33,"playtime":2636,"items_purged":["Strike_R","Strike_R"],"score":415,"play_id":"f84a9d6a-39b9-4ab0-ac63-b04d7a8aa736","local_time":"20201213020149","is_ascension_mode":true,"campfire_choices":[{"floor":7.0,"key":"RECALL"},{"data":"Entrench","floor":10.0,"key":"SMITH"},{"data":"Armaments","floor":15.0,"key":"SMITH"},{"data":"Flame Barrier","floor":25.0,"key":"SMITH"},{"data":"Barricade","floor":30.0,"key":"SMITH"},{"data":"Shockwave","floor":32.0,"key":"SMITH"}],"circlet_count":0,"master_deck":["Strike_R","Strike_R","Strike_R","Defend_R","Defend_R","Defend_R","Defend_R","Bash","Metallicize","Entrench+1","Ghostly Armor","Shockwave+1","Armaments+1","Barricade+1","Body Slam","Good Instincts","Writhe","Flame Barrier+1","Clumsy","Writhe","Entrench+1"],"relics":["Burning Blood","NeowsBlessing","Strawberry","Pantograph","Old Coin","Self Forming Clay","Tiny Chest","Cursed Key","Blue Candle","Magic Flower","Lantern","StoneCalendar","InkBottle"],"acts_visited":["Exordium","TheCity"],"potions_floor_usage":[],"damage_taken":[{"damage":0.0,"enemies":"Jaw Worm","floor":1.0,"turns":1.0},{"damage":0.0,"enemies":"3 Sentries","floor":6.0,"turns":2.0},{"damage":0.0,"enemies":"Small Slimes","floor":8.0,"turns":1.0},{"damage":25.0,"enemies":"Gremlin Nob","floor":11.0,"turns":5.0},{"damage":3.0,"enemies":"2 Louse","floor":12.0,"turns":5.0},{"damage":12.0,"enemies":"Gremlin Gang","floor":13.0,"turns":9.0},{"damage":10.0,"enemies":"Looter","floor":14.0,"turns":4.0},{"damage":78.0,"enemies":"Slime Boss","floor":16.0,"turns":23.0},{"damage":23.0,"enemies":"2 Thieves","floor":18.0,"turns":5.0},{"damage":0.0,"enemies":"Shell Parasite","floor":20.0,"turns":5.0},{"damage":32.0,"enemies":"Slavers","floor":23.0,"turns":14.0},{"damage":4.0,"enemies":"Snecko","floor":24.0,"turns":5.0},{"damage":13.0,"enemies":"Book of Stabbing","floor":28.0,"turns":7.0},{"damage":24.0,"enemies":"Shelled Parasite and Fungi","floor":29.0,"turns":7.0},{"damage":21.0,"enemies":"Gremlin Leader","floor":31.0,"turns":6.0},{"damage":75,"enemies":"Automaton","floor":33,"turns":10}],"seed_played":"8918000176211164327","potions_obtained":[{"floor":1.0,"key":"GamblersBrew"},{"floor":11.0,"key":"Swift Potion"},{"floor":13.0,"key":"Fire Potion"},{"floor":14.0,"key":"LiquidMemories"},{"floor":23.0,"key":"SkillPotion"},{"floor":24.0,"key":"CultistPotion"},{"floor":28.0,"key":"Ancient Potion"},{"floor":29.0,"key":"HeartOfIron"},{"floor":31.0,"key":"Explosive Potion"}],"is_trial":false,"path_per_floor":["M","$","?","?","?","E","R","M","T","R","E","M","M","M","R","B",null,"M","$","M","?","?","E","M","R","T","T","E","M","R","E","R","B"],"character_chosen":"IRONCLAD","items_purchased":["Good Instincts"],"campfire_rested":0,"item_purchase_floors":[19],"current_hp_per_floor":[80,80,87,80,80,86,86,87,87,87,68,71,65,61,61,14,87,70,70,76,76,76,50,55,55,55,55,51,36,36,24,24,0,0],"gold":466,"neow_bonus":"THREE_ENEMY_KILL","is_daily":false,"chose_seed":false,"campfire_upgraded":5,"win_rate":0.0,"timestamp":1607821309,"path_taken":["M","$","?","?","?","E","R","?","T","R","E","M","M","M","R","BOSS","M","$","M","?","?","E","M","R","T","?","E","M","R","E","R","BOSS"],"items_purchased_type":["Card"],"build_version":"2020-11-30","purchased_purges":2,"victory":false,"max_hp_per_floor":[80,80,87,87,87,87,87,87,87,87,87,87,87,87,87,87,87,87,87,87,87,87,87,87,87,87,87,87,87,87,87,87,87,87],"card_choices":[{"not_picked":["Perfected Strike","Anger"],"picked":"Metallicize","floor":1.0},{"not_picked":["Bloodletting","Perfected Strike","Inflame"],"picked":"SKIP","floor":6.0},{"not_picked":["Havoc","Disarm"],"picked":"Entrench","floor":8.0},{"not_picked":["Flex","Inflame"],"picked":"Ghostly Armor","floor":11.0},{"not_picked":["Twin Strike","Burning Pact"],"picked":"Shockwave","floor":12.0},{"not_picked":["Combust","Rupture"],"picked":"Armaments","floor":13.0},{"not_picked":["Ghostly Armor","Bloodletting","Anger"],"picked":"SKIP","floor":14.0},{"not_picked":["Limit Break","Bludgeon"],"picked":"Barricade","floor":16.0},{"not_picked":["Shrug It Off","Iron Wave"],"picked":"Body Slam","floor":18.0},{"not_picked":["Cleave","Clothesline","Flex"],"picked":"SKIP","floor":20.0},{"not_picked":["Thunderclap","Cleave"],"picked":"Flame Barrier","floor":23.0},{"not_picked":["Armaments","Battle Trance","Whirlwind"],"picked":"SKIP","floor":24.0},{"not_picked":["Uppercut","Heavy Blade","Seeing Red"],"picked":"SKIP","floor":28.0},{"not_picked":["Cleave","Body Slam"],"picked":"Entrench+1","floor":29.0},{"not_picked":["Pommel Strike","Feel No Pain","Flex+1"],"picked":"SKIP","floor":31.0}],"player_experience":274547,"relics_obtained":[{"floor":6.0,"key":"Old Coin"},{"floor":9.0,"key":"Self Forming Clay"},{"floor":11.0,"key":"Tiny Chest"},{"floor":23.0,"key":"Magic Flower"},{"floor":26.0,"key":"Lantern"},{"floor":28.0,"key":"StoneCalendar"},{"floor":31.0,"key":"InkBottle"}],"event_choices":[{"damage_healed":0.0,"max_hp_gain":0.0,"max_hp_loss":0.0,"gold_gain":0.0,"event_name":"Big Fish","player_choice":"Box","floor":3.0,"gold_loss":0.0,"damage_taken":0.0,"relics_obtained":["Strawberry"],"cards_obtained":["Regret"]},{"cards_removed":["Regret"],"damage_healed":0.0,"max_hp_gain":0.0,"max_hp_loss":0.0,"gold_gain":0.0,"event_name":"Golden Wing","player_choice":"Card Removal","floor":4.0,"gold_loss":0.0,"damage_taken":7.0},{"damage_healed":0.0,"max_hp_gain":0.0,"max_hp_loss":0.0,"gold_gain":0.0,"event_name":"WeMeetAgain","player_choice":"Gave Potion","floor":5.0,"gold_loss":0.0,"damage_taken":0.0,"relics_obtained":["Pantograph"]},{"damage_healed":0.0,"max_hp_gain":0.0,"max_hp_loss":0.0,"gold_gain":0.0,"event_name":"The Mausoleum","player_choice":"Opened","floor":21.0,"gold_loss":0.0,"damage_taken":0.0,"relics_obtained":["Blue Candle"],"cards_obtained":["Writhe"]},{"damage_healed":0.0,"max_hp_gain":0.0,"max_hp_loss":0.0,"gold_gain":0.0,"event_name":"Vampires","player_choice":"Ignored","floor":22.0,"gold_loss":0.0,"damage_taken":0.0}],"is_beta":false,"boss_relics":[{"not_picked":["Runic Dome","SlaversCollar"],"picked":"Cursed Key"}],"items_purged_floors":[2,19],"is_endless":false,"potions_floor_spawned":[1,11,13,14,23,24,28,29,31],"killed_by":"Automaton","ascension_level":3}}