{"host":"sav7uxregyirlf69","time":1607850128,"event":{"mods":["AchievementEnabler","BaseMod","Colored Map","DeckTracker","Hermit","Keyboard Shortcuts","Minty Spire (QoL Compilation)","READ ME - Guardian Mod","StSLib","SuperFastMode"],"gold_per_floor":[114,129,129,144,144,174,10,10,35,65,80,80,95,110,110,210,210],"floor_reached":16,"playtime":336,"items_purged":[],"score":212,"play_id":"1aec10e9-eea6-4484-a3a1-7a85767aeda4","local_time":"20201213180208","daily_mods":["Specialized","ControlledChaos","Binary"],"is_ascension_mode":false,"campfire_choices":[{"data":"Feed","floor":8,"key":"SMITH"},{"data":"Armaments","floor":15,"key":"SMITH"}],"circlet_count":0,"master_deck":["Strike_R","Strike_R","Strike_R","Strike_R","Strike_R","Defend_R","Defend_R","Defend_R","Defend_R","Bash","Seeing Red","Seeing Red","Seeing Red","Seeing Red","Thunderclap","Armaments+1","Pain","Feed+1","Twin Strike","Uppercut","Havoc","Feel No Pain","Offering"],"relics":["Burning Blood","Frozen Eye","WarpedTongs","Strawberry","Membership Card","Akabeko","Pantograph"],"acts_visited":["Exordium"],"potions_floor_usage":[13],"damage_taken":[{"damage":8,"enemies":"Small Slimes","floor":1,"turns":3},{"damage":12,"enemies":"Cultist","floor":2,"turns":4},{"damage":0,"enemies":"2 Louse","floor":4,"turns":3},{"damage":32,"enemies":"Lagavulin","floor":6,"turns":5},{"damage":14,"enemies":"3 Sentries","floor":10,"turns":6},{"damage":12,"enemies":"Exordium Thugs","floor":11,"turns":5},{"damage":0,"enemies":"Lots of Slimes","floor":13,"turns":1},{"damage":8,"enemies":"Looter","floor":14,"turns":2},{"damage":11,"enemies":"Slime Boss","floor":16,"turns":10}],"seed_played":"4834798368356638827","potions_obtained":[{"floor":1,"key":"Weak Potion"},{"floor":4,"key":"SteroidPotion"},{"floor":13,"key":"Dexterity Potion"},{"floor":14,"key":"SteroidPotion"}],"is_trial":false,"path_per_floor":["M","M","?","M","?","E","$","R","T","E","M","?","M","M","R","B"],"character_chosen":"IRONCLAD","items_purchased":["Membership Card","Twin Strike"],"campfire_rested":0,"item_purchase_floors":[7,7],"current_hp_per_floor":[78,72,80,80,80,61,61,61,61,57,55,46,52,50,50,70,70],"gold":210,"neow_bonus":"","is_daily":true,"chose_seed":false,"campfire_upgraded":2,"win_rate":0.0,"timestamp":1607850128,"path_taken":["M","M","?","?","?","E","?","R","T","E","?","?","M","M","R","BOSS"],"items_purchased_type":["Relic","Card"],"build_version":"2020-11-30","purchased_purges":0,"victory":false,"max_hp_per_floor":[80,80,80,80,80,87,87,87,87,91,95,95,95,95,95,95,95],"card_choices":[{"not_picked":["True Grit"],"picked":"Thunderclap","floor":1},{"not_picked":["Anger","Flex"],"picked":"SKIP","floor":2},{"not_picked":["Clash"],"picked":"Armaments","floor":4},{"not_picked":["Blood for Blood"],"picked":"Feed","floor":6},{"not_picked":["Second Wind","Rupture"],"picked":"SKIP","floor":10},{"not_picked":["Infernal Blade"],"picked":"Uppercut","floor":11},{"not_picked":["Dual Wield"],"picked":"Havoc","floor":13},{"not_picked":["Flex"],"picked":"Feel No Pain","floor":14},{"not_picked":["Double Tap"],"picked":"Offering","floor":16}],"player_experience":926254,"relics_obtained":[{"floor":6,"key":"Strawberry"},{"floor":9,"key":"Akabeko"},{"floor":10,"key":"Pantograph"}],"event_choices":[{"cards_removed":["Seeing Red"],"damage_healed":8,"gold_gain":0,"player_choice":"Offered Uncommon","damage_taken":0,"max_hp_gain":0,"max_hp_loss":0,"event_name":"Bonfire Elementals","floor":3,"gold_loss":0},{"damage_healed":0,"gold_gain":0,"player_choice":"Rummage","damage_taken":0,"relics_obtained":["WarpedTongs"],"max_hp_gain":0,"max_hp_loss":0,"event_name":"Accursed Blacksmith","floor":5,"gold_loss":0,"cards_obtained":["Pain"]},{"damage_healed":0,"gold_gain":0,"player_choice":"Damaged","damage_taken":9,"max_hp_gain":0,"max_hp_loss":0,"event_name":"Wheel of Change","floor":12,"gold_loss":0}],"is_beta":false,"boss_relics":[],"items_purged_floors":[],"is_endless":false,"potions_floor_spawned":[1,4,13,14,16],"killed_by":"Slime Boss","ascension_level":0}}