{"host":"6vv0uythevi5qk1w","time":1607845754,"event":{"mods":["Act Like it!","BaseMod","Downfall","Gensokyo","Minty Spire (QoL Compilation)","Remilia£®¿Ÿ√◊¿Ú—«£©","Replay The Spire","StSLib"],"gold_per_floor":[199,216,50,69,82,111,138,167,92,119,130,333,347,347,360,360,360],"floor_reached":16,"playtime":1394,"items_purged":[],"score":128,"play_id":"0c3b4583-7ab5-4e29-a657-4eb38cf7b0c3","local_time":"20201213154914","is_ascension_mode":true,"campfire_choices":[{"floor":1.0,"key":"RECALL"},{"data":"hexamod:RadiantFlame","floor":9.0,"key":"SMITH"}],"circlet_count":0,"master_deck":["hexamod:Strike","hexamod:Strike","hexamod:Strike","hexamod:Strike","hexamod:Defend","hexamod:Defend","hexamod:Defend+1","hexamod:Defend","hexamod:Sear","hexamod:Float","hexamod:RadiantFlame+1","hexamod:Haunt+1","hexamod:HeatCrush+1","hexamod:Haunt","hexamod:ParanormalForm","hexamod:SpectralSpark","hexamod:ThirdSeal","hexamod:EmpoweringStance"],"relics":["hexamod:SpiritBrand","Happy Flower","Molten Egg 2","War Paint","Replay:Rubber Ducky","downfall:HeartBlessingRed","Bag of Marbles"],"acts_visited":["Exordium"],"potions_floor_usage":[16],"damage_taken":[{"damage":0.0,"enemies":"Cultist","floor":2.0,"turns":3.0},{"damage":0.0,"enemies":"downfall:FleeingMerchant","floor":3.0,"turns":4.0},{"damage":0.0,"enemies":"Jaw Worm","floor":4.0,"turns":3.0},{"damage":0.0,"enemies":"2 Louse","floor":5.0,"turns":2.0},{"damage":19.0,"enemies":"Lagavulin","floor":6.0,"turns":6.0},{"damage":9.0,"enemies":"3 Sentries","floor":8.0,"turns":6.0},{"damage":5.0,"enemies":"Gremlin Nob","floor":10.0,"turns":3.0},{"damage":0.0,"enemies":"Exordium Wildlife","floor":11.0,"turns":2.0},{"damage":4.0,"enemies":"3 Louse","floor":13.0,"turns":3.0},{"damage":0.0,"enemies":"Red Slaver","floor":15.0,"turns":2.0},{"damage":31,"enemies":"downfall:Defect","floor":16,"turns":5}],"seed_played":"-996011540646461004","potions_obtained":[{"floor":2.0,"key":"Doom Potion"},{"floor":5.0,"key":"SpeedPotion"},{"floor":10.0,"key":"Milkshake"},{"floor":13.0,"key":"Languid Potion"}],"is_trial":false,"path_per_floor":["R","M","$","M","M","E","T","E","R","E","M","?","M","?","M","B"],"character_chosen":"THE_SPIRIT","items_purchased":["Happy Flower"],"campfire_rested":0,"item_purchase_floors":[3],"current_hp_per_floor":[70,70,70,70,70,51,51,42,42,37,37,20,16,16,16,0,0],"gold":360,"neow_bonus":"HUNDRED_GOLD","is_daily":false,"chose_seed":false,"campfire_upgraded":1,"win_rate":0.0,"timestamp":1607845754,"path_taken":["R","M","$","M","M","E","T","E","R","E","?","?","M","?","M","BOSS"],"items_purchased_type":["Relic"],"build_version":"2020-11-30","purchased_purges":0,"victory":false,"max_hp_per_floor":[70,70,70,70,70,70,70,70,70,70,70,70,70,70,70,70,70],"card_choices":[{"not_picked":["hexamod:FastForward","hexamod:GhostShield"],"picked":"hexamod:RadiantFlame","floor":2.0},{"not_picked":["hexamod:FastForward","hexamod:ShieldOfDarkness"],"picked":"hexamod:SpectersWail","floor":3.0},{"not_picked":["hexamod:SwordOfDarkness","hexamod:RainOfEmbers","hexamod:PhantomCloak"],"picked":"SKIP","floor":4.0},{"not_picked":["hexamod:FastForward","hexamod:GhostShield"],"picked":"hexamod:Haunt","floor":5.0},{"not_picked":["hexamod:Hexaguard","hexamod:ChargedBarrage"],"picked":"hexamod:HeatCrush+1","floor":6.0},{"not_picked":["hexamod:ThirdSeal","hexamod:CatchUp"],"picked":"hexamod:Haunt","floor":8.0},{"not_picked":["hexamod:NecessarySacrifice","hexamod:Firestarter+1"],"picked":"hexamod:ParanormalForm","floor":10.0},{"not_picked":["hexamod:RadiantFlame","hexamod:NightmareStrike+1","hexamod:GhostShield"],"picked":"SKIP","floor":11.0},{"not_picked":["hexamod:RainOfEmbers+1","hexamod:SwordOfDarkness+1"],"picked":"hexamod:SpectralSpark","floor":12.0},{"not_picked":["hexamod:SwordOfDarkness+1","hexamod:RainOfEmbers+1","hexamod:GhostShield"],"picked":"SKIP","floor":13.0},{"not_picked":["hexamod:RainOfEmbers+1","hexamod:NightmareGuise"],"picked":"hexamod:EmpoweringStance","floor":15.0},{"not_picked":["hexamod:ShieldOfDarkness","hexamod:Firestarter+1","hexamod:HauntingEcho+1"],"picked":"SKIP","floor":15.0}],"player_experience":333702,"relics_obtained":[{"floor":6.0,"key":"Molten Egg 2"},{"floor":7.0,"key":"War Paint"},{"floor":8.0,"key":"Replay:Rubber Ducky"},{"floor":10.0,"key":"Bag of Marbles"}],"event_choices":[],"is_beta":false,"boss_relics":[],"items_purged_floors":[],"is_endless":false,"potions_floor_spawned":[2,5,10,13],"killed_by":"downfall:Defect","ascension_level":1}}