{"host":"c2uqqd95064gpl63","time":1607841327,"event":{"mods":["Act Like it!","Bard","BaseMod","Better Match","Better Skull","Better Third Choice","Downfall","Elementarium","Luminous","Melee Mod","Menagerie","Minty Spire (QoL Compilation)","Quick Restart","Robot Space Explorer","StSLib","The Cursed","The Dragon Tamer","The Exalted","The Trickster"],"gold_per_floor":[117,117,128,145,160,195,195,226,275,275,305,325,345,365,365,465,465,482,482,482,116,132,163,163,188,242,276,308,343,367,367,367,465,465,481,500,549,529,751,776,800,485,512,512,114,114,141,141,141,141],"floor_reached":51,"playtime":8878,"items_purged":["Writhe"],"score":966,"play_id":"5ea7fec7-f7fe-4719-a1ff-c2c55a368686","local_time":"20201212223527","is_ascension_mode":true,"campfire_choices":[{"floor":7,"key":"REST"},{"floor":15,"key":"REST"},{"data":"RobotSpaceExplorer:DroneSwarm","floor":24,"key":"SMITH"},{"floor":32,"key":"REST"},{"data":"RobotSpaceExplorer:DoubleFind","floor":46,"key":"SMITH"},{"data":"RobotSpaceExplorer:DoubleFind","floor":49,"key":"SMITH"}],"circlet_count":0,"master_deck":["RobotSpaceExplorer:Defend","RobotSpaceExplorer:Defend","RobotSpaceExplorer:Defend","RobotSpaceExplorer:Scan","RobotSpaceExplorer:MiniLasers","RobotSpaceExplorer:IronShell","RobotSpaceExplorer:SurgingShield","RobotSpaceExplorer:LaserBurst","RobotSpaceExplorer:ImprovisedAttack","RobotSpaceExplorer:TurboDodge","RobotSpaceExplorer:DoubleFind+1","RobotSpaceExplorer:Pulsar","RobotSpaceExplorer:Discharger","RobotSpaceExplorer:SurgingShield","RobotSpaceExplorer:DroneSwarm+1","RobotSpaceExplorer:ShovelStrike","RobotSpaceExplorer:JunkDive","Slimebound:Tackle+1","Slimebound:Tackle+1","Slimebound:Tackle+1","RobotSpaceExplorer:ScrapMissile","RobotSpaceExplorer:Probe","RobotSpaceExplorer:ImprovisedAttack+1","RobotSpaceExplorer:FranticSearch","RobotSpaceExplorer:DoubleFind+1","RobotSpaceExplorer:LuckyStrike","RobotSpaceExplorer:LuckyStrike","RobotSpaceExplorer:Accelerator","RobotSpaceExplorer:MiniDrones+1","RobotSpaceExplorer:StunGrenade","RobotSpaceExplorer:FreezingShield+1","Thinking Ahead+1"],"relics":["RobotSpaceExplorer:RoboCore","Pocketwatch","Bromod:ArcanePistoleer","Shuriken","RobotSpaceExplorer:ClockworkSextant","Dream Catcher","RobotSpaceExplorer:SearchSpecs","Thread and Needle","RobotSpaceExplorer:ToughPlating","Ancient Tea Set","PreservedInsect","Lizard Tail","Red Mask","WingedGreaves","Juzu Bracelet","Cursed Key","Dead Branch","Ornamental Fan","Oddly Smooth Stone","Toxic Egg 2","Pen Nib","Chemical X","Kunai","Eternal Feather"],"acts_visited":["Exordium","TheCity","TheBeyond"],"potions_floor_usage":[8,11,23,23,37,50,50],"damage_taken":[{"damage":0,"enemies":"Small Slimes","floor":1,"turns":4},{"damage":0,"enemies":"Cultist","floor":3,"turns":3},{"damage":0,"enemies":"Jaw Worm","floor":4,"turns":4},{"damage":0,"enemies":"Blue Slaver","floor":5,"turns":4},{"damage":20,"enemies":"Lagavulin","floor":6,"turns":8},{"damage":6,"enemies":"Gremlin Nob","floor":8,"turns":3},{"damage":18,"enemies":"Lagavulin","floor":11,"turns":6},{"damage":4,"enemies":"Exordium Wildlife","floor":12,"turns":2},{"damage":0,"enemies":"Looter","floor":13,"turns":2},{"damage":0,"enemies":"Exordium Thugs","floor":14,"turns":5},{"damage":9,"enemies":"The Guardian","floor":16,"turns":9},{"damage":0,"enemies":"Shell Parasite","floor":18,"turns":6},{"damage":0,"enemies":"3 Byrds","floor":22,"turns":4},{"damage":12,"enemies":"Slavers","floor":23,"turns":4},{"damage":2,"enemies":"Book of Stabbing","floor":25,"turns":5},{"damage":22,"enemies":"Slavers","floor":27,"turns":6},{"damage":0,"enemies":"Masked Bandits","floor":28,"turns":4},{"damage":0,"enemies":"Book of Stabbing","floor":29,"turns":4},{"damage":7,"enemies":"Champ","floor":33,"turns":8},{"damage":0,"enemies":"3 Shapes","floor":35,"turns":3},{"damage":0,"enemies":"Orb Walker","floor":36,"turns":2},{"damage":16,"enemies":"2 Orb Walkers","floor":37,"turns":3},{"damage":0,"enemies":"Giant Head","floor":40,"turns":4},{"damage":0,"enemies":"Nemesis","floor":47,"turns":5},{"damage":0,"enemies":"Donu and Deca","floor":50,"turns":5}],"seed_played":"4226744143366310131","potions_obtained":[{"floor":3,"key":"DistilledChaos"},{"floor":8,"key":"DistilledChaos"},{"floor":13,"key":"DuplicationPotion"},{"floor":14,"key":"EssenceOfSteel"},{"floor":16,"key":"sneckomod:MuddlingPotion"},{"floor":22,"key":"Fire Potion"},{"floor":25,"key":"SteroidPotion"},{"floor":33,"key":"EssenceOfSteel"},{"floor":36,"key":"PowerPotion"},{"floor":38,"key":"Block Potion"}],"is_trial":false,"path_per_floor":["M","?","M","M","M","E","R","E","T","?","E","M","M","M","R","B",null,"M","?","?","$","M","E","R","E","T","E","?","E","T","?","R","B",null,"M","M","?","?","?","E","T","$","T","?","$","R","E","?","R","B",null],"character_chosen":"RobotSpaceExplorer","items_purchased":["Thread and Needle","RobotSpaceExplorer:ScrapMissile","Toxic Egg 2","Chemical X","Kunai"],"campfire_rested":3,"item_purchase_floors":[21,21,42,45,45],"current_hp_per_floor":[54,47,47,47,47,27,49,43,43,47,29,25,25,25,47,38,75,75,75,75,75,75,63,63,61,61,39,39,39,39,25,49,42,80,80,80,64,64,64,64,64,64,64,64,64,64,64,64,80,80],"gold":141,"neow_bonus":"ONE_RARE_RELIC","is_daily":false,"chose_seed":false,"campfire_upgraded":3,"win_rate":0.0,"timestamp":1607841327,"path_taken":["M","?","M","M","M","E","R","E","T","?","E","M","?","M","R","BOSS","M","?","?","?","?","E","R","E","T","E","?","E","?","?","R","BOSS","M","M","?","?","?","E","?","$","T","?","$","R","E","?","R","BOSS"],"items_purchased_type":["Relic","Card","Relic","Relic","Relic"],"build_version":"2020-11-30","purchased_purges":1,"victory":true,"max_hp_per_floor":[75,75,75,75,75,75,75,75,75,75,75,75,75,75,75,75,75,75,75,75,75,75,75,75,75,75,75,75,75,75,80,80,80,80,80,80,80,80,80,80,80,80,80,80,80,80,80,80,80,80],"card_choices":[{"not_picked":["RobotSpaceExplorer:BigMissile","RobotSpaceExplorer:GlueShot"],"picked":"RobotSpaceExplorer:IronShell","floor":1},{"not_picked":["RobotSpaceExplorer:Probe","RobotSpaceExplorer:Pulsar"],"picked":"RobotSpaceExplorer:SurgingShield","floor":3},{"not_picked":["RobotSpaceExplorer:ShockKick","RobotSpaceExplorer:SurgingShield"],"picked":"RobotSpaceExplorer:LaserBurst","floor":4},{"not_picked":["RobotSpaceExplorer:FranticSearch","RobotSpaceExplorer:SurgingShield"],"picked":"RobotSpaceExplorer:ImprovisedAttack","floor":5},{"not_picked":["RobotSpaceExplorer:Electroshield","RobotSpaceExplorer:Pulsar"],"picked":"RobotSpaceExplorer:TurboDodge","floor":6},{"not_picked":["RobotSpaceExplorer:Arsenal","RobotSpaceExplorer:StarDust"],"picked":"RobotSpaceExplorer:DoubleFind","floor":8},{"not_picked":["RobotSpaceExplorer:StarDust","RobotSpaceExplorer:Scanner"],"picked":"RobotSpaceExplorer:Pulsar","floor":11},{"not_picked":["RobotSpaceExplorer:ImprovisedAttack","RobotSpaceExplorer:ShovelStrike"],"picked":"RobotSpaceExplorer:Discharger","floor":12},{"not_picked":["RobotSpaceExplorer:SurgingStrike","RobotSpaceExplorer:SlimeMissile"],"picked":"RobotSpaceExplorer:SurgingShield","floor":13},{"not_picked":["RobotSpaceExplorer:FranticSearch","RobotSpaceExplorer:ImprovisedAttack","RobotSpaceExplorer:TurboDodge"],"picked":"SKIP","floor":14},{"not_picked":["RobotSpaceExplorer:Blaster","RobotSpaceExplorer:Scanner"],"picked":"RobotSpaceExplorer:DroneSwarm","floor":16},{"not_picked":["RobotSpaceExplorer:MakeshiftVolley","RobotSpaceExplorer:Electropulse"],"picked":"RobotSpaceExplorer:ShovelStrike","floor":18},{"not_picked":["RobotSpaceExplorer:MetalStrike+1","RobotSpaceExplorer:GearShield"],"picked":"RobotSpaceExplorer:Probe","floor":22},{"not_picked":["RobotSpaceExplorer:Explosion","RobotSpaceExplorer:PowerGlove"],"picked":"RobotSpaceExplorer:ImprovisedAttack+1","floor":23},{"not_picked":["RobotSpaceExplorer:MakeshiftVolley+1","RobotSpaceExplorer:Smokescreen+1"],"picked":"RobotSpaceExplorer:FranticSearch","floor":25},{"not_picked":["RobotSpaceExplorer:ImprovisedAttack","RobotSpaceExplorer:Electropulse","RobotSpaceExplorer:LaserBurst"],"picked":"SKIP","floor":27},{"not_picked":["RobotSpaceExplorer:SlimeMissile+1","RobotSpaceExplorer:Counterblock"],"picked":"RobotSpaceExplorer:DoubleFind","floor":28},{"not_picked":["RobotSpaceExplorer:HighVoltage","RobotSpaceExplorer:SwiftStep"],"picked":"RobotSpaceExplorer:LuckyStrike","floor":29},{"not_picked":["RobotSpaceExplorer:Blitz","RobotSpaceExplorer:GlueSpray"],"picked":"RobotSpaceExplorer:LuckyStrike","floor":32},{"not_picked":["RobotSpaceExplorer:ChargingLaser","RobotSpaceExplorer:Exploration"],"picked":"RobotSpaceExplorer:Accelerator","floor":33},{"not_picked":["RobotSpaceExplorer:ToxicBomb+1","RobotSpaceExplorer:SurgingShield","RobotSpaceExplorer:SwiftStep"],"picked":"SKIP","floor":35},{"not_picked":["RobotSpaceExplorer:ImprovisedAttack","RobotSpaceExplorer:MetalStrike"],"picked":"RobotSpaceExplorer:MiniDrones+1","floor":36},{"not_picked":["RobotSpaceExplorer:Wormhole","RobotSpaceExplorer:FrostMissile"],"picked":"RobotSpaceExplorer:StunGrenade","floor":40},{"not_picked":["RobotSpaceExplorer:Jetpack+1","RobotSpaceExplorer:FranticSearch+1"],"picked":"RobotSpaceExplorer:FreezingShield+1","floor":47},{"not_picked":["Blind+1","Violence+1"],"picked":"Thinking Ahead+1","floor":48}],"player_experience":702725,"relics_obtained":[{"floor":6,"key":"Bromod:ArcanePistoleer"},{"floor":8,"key":"Shuriken"},{"floor":9,"key":"RobotSpaceExplorer:ClockworkSextant"},{"floor":11,"key":"Dream Catcher"},{"floor":23,"key":"RobotSpaceExplorer:ToughPlating"},{"floor":25,"key":"Ancient Tea Set"},{"floor":26,"key":"PreservedInsect"},{"floor":27,"key":"Lizard Tail"},{"floor":28,"key":"Red Mask"},{"floor":29,"key":"WingedGreaves"},{"floor":30,"key":"Juzu Bracelet"},{"floor":37,"key":"Dead Branch"},{"floor":40,"key":"Ornamental Fan"},{"floor":41,"key":"Oddly Smooth Stone"},{"floor":43,"key":"Pen Nib"},{"floor":47,"key":"Eternal Feather"}],"event_choices":[{"cards_removed":["RobotSpaceExplorer:Defend"],"damage_healed":0,"gold_gain":0,"player_choice":"Card Removal","damage_taken":7,"max_hp_gain":0,"max_hp_loss":0,"event_name":"Golden Wing","floor":2,"gold_loss":0},{"damage_healed":4,"gold_gain":0,"player_choice":"LEAVE ","damage_taken":0,"relics_obtained":[],"max_hp_gain":0,"max_hp_loss":0,"event_name":"betterSkull:BetterSkull","floor":10,"gold_loss":0,"cards_upgraded":[]},{"damage_healed":0,"gold_gain":0,"player_choice":"Read","damage_taken":0,"max_hp_gain":0,"max_hp_loss":0,"event_name":"The Library","floor":19,"gold_loss":0,"cards_obtained":["RobotSpaceExplorer:JunkDive"]},{"damage_healed":0,"gold_gain":0,"player_choice":"Fought Bandits","damage_taken":0,"max_hp_gain":0,"max_hp_loss":0,"event_name":"Masked Bandits","floor":28,"gold_loss":0},{"damage_healed":0,"gold_gain":0,"player_choice":"Shed Blood","damage_taken":19,"max_hp_gain":5,"max_hp_loss":0,"event_name":"Forgotten Altar","floor":31,"gold_loss":0},{"damage_healed":0,"gold_gain":0,"player_choice":"Fight","damage_taken":0,"max_hp_gain":0,"max_hp_loss":0,"event_name":"Mysterious Sphere","floor":37,"gold_loss":0},{"damage_healed":0,"gold_gain":0,"player_choice":"Bought 1 Potion","damage_taken":0,"max_hp_gain":0,"max_hp_loss":0,"event_name":"The Woman in Blue","floor":38,"gold_loss":0},{"damage_healed":0,"gold_gain":222,"player_choice":"Wore Mask","damage_taken":0,"max_hp_gain":0,"max_hp_loss":0,"event_name":"Tomb of Lord Red Mask","floor":39,"gold_loss":0},{"cards_removed":["Injury"],"damage_healed":0,"gold_gain":0,"player_choice":"Card Removal","damage_taken":0,"max_hp_gain":0,"max_hp_loss":0,"event_name":"Wheel of Change","floor":44,"gold_loss":0},{"damage_healed":0,"gold_gain":0,"player_choice":"Memory 1","damage_taken":0,"max_hp_gain":0,"max_hp_loss":0,"event_name":"SensoryStone","floor":48,"gold_loss":0}],"is_beta":false,"boss_relics":[{"not_picked":["Pandora\u0027s Box","SacredBark"],"picked":"RobotSpaceExplorer:SearchSpecs"},{"not_picked":["Calling Bell","Bromod:ArcaneGrace"],"picked":"Cursed Key"}],"items_purged_floors":[42],"is_endless":false,"potions_floor_spawned":[3,8,13,14,16,18,22,25,33,36,47],"ascension_level":1}}