{"host":"x0ovlu53kkkog8rv","time":1607842094,"event":{"mods":["BaseMod","Colored Map","Minty Spire (QoL Compilation)","Quick Restart","SuperFastMode"],"gold_per_floor":[119,137,137,151,170,170,200,200,224,242,257,105,105,123,123,221,221,267,309,309,349,364,364,408,408,408,408,358,401,436,61,61,163,163,213,254,1253,1298,561,561,596,614,614,628,46,46,46],"floor_reached":46,"playtime":2542,"items_purged":["Defend_P","Normality"],"score":551,"play_id":"65ecdeb9-500c-4fcc-b5c2-603d7ddb40f6","local_time":"20201213154814","is_ascension_mode":true,"campfire_choices":[{"floor":6,"key":"REST"},{"data":"LikeWater","floor":13,"key":"SMITH"},{"data":"CrushJoints","floor":15,"key":"SMITH"},{"data":"DevaForm","floor":23,"key":"SMITH"},{"floor":25,"key":"REST"},{"floor":32,"key":"REST"},{"floor":40,"key":"REST"}],"circlet_count":0,"master_deck":["Strike_P+1","Defend_P+1","Eruption","Vigilance","LikeWater+1","LikeWater+1","SandsOfTime","TalkToTheHand","FollowUp","FlyingSleeves","CrushJoints+1","Judgement","BowlingBash+1","Wish+1","Evaluate+1","ThirdEye","CutThroughFate+1","JustLucky","DevaForm+1","Consecrate","FlyingSleeves","Devotion","CurseOfTheBell","Prostrate","Normality","Panache","Fasting2+1"],"relics":["PureWater","Orichalcum","Nunchaku","Lee\u0027s Waffle","Astrolabe","Gremlin Horn","MawBank","Pocketwatch","Calling Bell","Lantern","Mummified Hand","Bird Faced Urn","Sling","Toy Ornithopter","Bag of Preparation","Molten Egg 2","Girya","Sundial","Melange","Juzu Bracelet"],"acts_visited":["Exordium","TheCity","TheBeyond"],"potions_floor_usage":[16,33,33,33,38,46],"damage_taken":[{"damage":0,"enemies":"Cultist","floor":1,"turns":3},{"damage":22,"enemies":"Jaw Worm","floor":2,"turns":2},{"damage":6,"enemies":"2 Louse","floor":4,"turns":3},{"damage":16,"enemies":"Lots of Slimes","floor":5,"turns":6},{"damage":4,"enemies":"3 Sentries","floor":7,"turns":11},{"damage":0,"enemies":"Blue Slaver","floor":10,"turns":5},{"damage":2,"enemies":"Large Slime","floor":11,"turns":6},{"damage":0,"enemies":"Exordium Thugs","floor":14,"turns":5},{"damage":11,"enemies":"Slime Boss","floor":16,"turns":15},{"damage":5,"enemies":"Shell Parasite","floor":18,"turns":7},{"damage":8,"enemies":"3 Byrds","floor":19,"turns":7},{"damage":6,"enemies":"Sentry and Sphere","floor":21,"turns":5},{"damage":4,"enemies":"Snecko","floor":22,"turns":5},{"damage":19,"enemies":"Snake Plant","floor":24,"turns":9},{"damage":13,"enemies":"Centurion and Healer","floor":29,"turns":7},{"damage":22,"enemies":"Gremlin Leader","floor":30,"turns":5},{"damage":12,"enemies":"Champ","floor":33,"turns":9},{"damage":7,"enemies":"Orb Walker","floor":35,"turns":4},{"damage":30,"enemies":"3 Shapes","floor":36,"turns":5},{"damage":39,"enemies":"3 Darklings","floor":38,"turns":6},{"damage":2,"enemies":"Nemesis","floor":41,"turns":5},{"damage":22,"enemies":"Spire Growth","floor":42,"turns":5},{"damage":25,"enemies":"Jaw Worm Horde","floor":44,"turns":5},{"damage":31,"enemies":"3 Darklings","floor":46,"turns":3}],"seed_played":"-7483188112912091797","potions_obtained":[{"floor":5,"key":"BottledMiracle"},{"floor":7,"key":"Strength Potion"},{"floor":16,"key":"Weak Potion"},{"floor":18,"key":"LiquidMemories"},{"floor":19,"key":"DuplicationPotion"},{"floor":35,"key":"LiquidMemories"},{"floor":44,"key":"PowerPotion"}],"is_trial":false,"path_per_floor":["M","M","?","M","M","R","E","?","T","M","M","$","R","M","R","B",null,"M","M","?","M","M","R","M","R","T","?","?","M","E","$","R","B",null,"M","M","?","M","$","R","E","M","T","M","$","M"],"character_chosen":"WATCHER","items_purchased":["Lee\u0027s Waffle","Pocketwatch","Sling","Toy Ornithopter","Bag of Preparation","Panache","Sundial","Melange","Juzu Bracelet","PowerPotion"],"campfire_rested":4,"item_purchase_floors":[12,31,39,39,39,39,45,45,45,45],"current_hp_per_floor":[72,50,36,30,14,35,31,31,31,31,29,79,79,79,79,68,79,74,66,66,60,56,56,37,60,60,60,60,47,25,25,48,36,79,72,50,50,19,19,42,48,36,36,19,19,0,0],"gold":46,"neow_bonus":"THREE_CARDS","is_daily":false,"chose_seed":false,"campfire_upgraded":3,"win_rate":0.0,"timestamp":1607842094,"path_taken":["M","?","?","M","M","R","E","?","T","M","?","?","R","M","R","BOSS","M","M","?","?","M","R","M","R","T","?","?","?","E","$","R","BOSS","M","?","?","M","$","R","E","M","T","M","$","M"],"items_purchased_type":["Relic","Relic","Relic","Relic","Relic","Card","Relic","Relic","Relic","Potion"],"build_version":"2020-11-30","purchased_purges":2,"victory":false,"max_hp_per_floor":[72,72,72,72,72,72,72,72,72,72,72,79,79,79,79,79,79,79,79,79,79,79,79,79,79,79,79,79,79,79,79,79,79,79,79,79,79,79,79,79,79,79,79,79,79,79,79],"card_choices":[{"not_picked":["ThirdEye","SashWhip"],"picked":"LikeWater","floor":0},{"not_picked":["FlurryOfBlows","EmptyBody","Conclude"],"picked":"SKIP","floor":1},{"not_picked":["Evaluate","DeceiveReality"],"picked":"LikeWater","floor":2},{"not_picked":["JustLucky","CutThroughFate","PathToVictory"],"picked":"SKIP","floor":4},{"not_picked":["WaveOfTheHand","ThirdEye"],"picked":"SandsOfTime","floor":5},{"not_picked":["Brilliance","Collect"],"picked":"TalkToTheHand","floor":7},{"not_picked":["ThirdEye","Evaluate"],"picked":"FollowUp","floor":10},{"not_picked":["CutThroughFate","Indignation"],"picked":"FlyingSleeves","floor":11},{"not_picked":["Evaluate","SignatureMove"],"picked":"CrushJoints","floor":14},{"not_picked":["LessonLearned","SpiritShield"],"picked":"Judgement","floor":16},{"not_picked":["SashWhip","Consecrate"],"picked":"ThirdEye","floor":18},{"not_picked":["Prostrate","BattleHymn+1"],"picked":"CutThroughFate+1","floor":19},{"not_picked":["Wallop","Consecrate"],"picked":"JustLucky","floor":21},{"not_picked":["CrushJoints","EmptyFist"],"picked":"DevaForm","floor":22},{"not_picked":["EmptyMind+1","SignatureMove+1","PathToVictory"],"picked":"SKIP","floor":24},{"not_picked":["Evaluate","SashWhip","Protect+1"],"picked":"SKIP","floor":29},{"not_picked":["BattleHymn","PathToVictory","DeceiveReality"],"picked":"SKIP","floor":30},{"not_picked":["Ragnarok","Scrawl"],"picked":"Devotion","floor":33},{"not_picked":["SandsOfTime+1","EmptyBody+1","Nirvana"],"picked":"SKIP","floor":35},{"not_picked":["ThirdEye+1","CutThroughFate"],"picked":"Prostrate","floor":36},{"not_picked":["EmptyFist","EmptyBody+1","ThirdEye+1"],"picked":"SKIP","floor":38},{"not_picked":["CrushJoints+1","Evaluate+1"],"picked":"Fasting2+1","floor":41},{"not_picked":["PathToVictory+1","EmptyMind","ClearTheMind+1"],"picked":"SKIP","floor":42},{"not_picked":["Vengeance","Halt","Prostrate"],"picked":"SKIP","floor":44}],"player_experience":197108,"relics_obtained":[{"floor":7,"key":"Orichalcum"},{"floor":9,"key":"Nunchaku"},{"floor":26,"key":"Gremlin Horn"},{"floor":30,"key":"MawBank"},{"floor":34,"key":"Lantern"},{"floor":34,"key":"Mummified Hand"},{"floor":34,"key":"Bird Faced Urn"},{"floor":41,"key":"Molten Egg 2"},{"floor":43,"key":"Girya"}],"event_choices":[{"damage_healed":0,"gold_gain":0,"player_choice":"Entered Light","damage_taken":14,"max_hp_gain":0,"max_hp_loss":0,"event_name":"Shining Light","floor":3,"gold_loss":0,"cards_upgraded":["Strike_P","Defend_P"]},{"damage_healed":0,"gold_gain":0,"player_choice":"Upgraded","damage_taken":0,"max_hp_gain":0,"max_hp_loss":0,"event_name":"Upgrade Shrine","floor":8,"gold_loss":0,"cards_upgraded":["LikeWater"]},{"damage_healed":0,"gold_gain":0,"player_choice":"Ignored","damage_taken":0,"max_hp_gain":0,"max_hp_loss":0,"event_name":"N\u0027loth","floor":20,"gold_loss":0},{"damage_healed":0,"gold_gain":0,"cards_transformed":["Defend_P","Defend_P"],"player_choice":"Became Test Subject","damage_taken":0,"max_hp_gain":0,"max_hp_loss":0,"event_name":"Drug Dealer","floor":27,"gold_loss":0,"cards_obtained":["Consecrate","FlyingSleeves"]},{"damage_healed":0,"gold_gain":0,"player_choice":"Bet on Murderer","damage_taken":0,"max_hp_gain":0,"max_hp_loss":0,"event_name":"The Joust","floor":28,"gold_loss":50},{"damage_healed":0,"gold_gain":999,"player_choice":"Gold","damage_taken":0,"max_hp_gain":0,"max_hp_loss":0,"event_name":"MindBloom","floor":37,"gold_loss":0,"cards_obtained":["Normality","Normality"]}],"is_beta":false,"boss_relics":[{"not_picked":["Busted Crown","Velvet Choker"],"picked":"Astrolabe"},{"not_picked":["Cursed Key","SacredBark"],"picked":"Calling Bell"}],"items_purged_floors":[31,39],"is_endless":false,"potions_floor_spawned":[5,7,16,18,19,24,30,35,44],"killed_by":"3 Darklings","ascension_level":1}}