{"host":"mszes4kzl3qk0fcx","time":1607830522,"event":{"mods":["BaseMod","Minty Spire (QoL Compilation)","StSLib","The Administrix","The Animator"],"gold_per_floor":[126,146,146,146,158,158,196,161,243,243,278,18,30,46,46,46,46],"floor_reached":16,"playtime":1183,"items_purged":[],"score":105,"play_id":"ab92bb34-7555-47cd-bc99-5d77fbe7c19b","local_time":"20201212223522","is_ascension_mode":true,"campfire_choices":[{"data":"animator:Demiurge","floor":6,"key":"SMITH"},{"floor":15,"key":"REST"}],"circlet_count":0,"master_deck":["animator:Strike_Overlord+1","animator:Defend_Overlord","animator:Strike","animator:Strike","animator:Strike","animator:Defend","animator:Defend+1","animator:Defend","animator:Cocytus","animator:Demiurge+1","animator:Entoma+1","animator:NarberalGamma","animator:Evileye","animator:TukaLunaMarceau","animator:Shalltear","animator:NarberalGamma"],"relics":["animator:LivingPicture","animator:TheMissingPiece","Centennial Puzzle","Dream Catcher","CloakClasp","Odd Mushroom","Frozen Egg 2"],"acts_visited":["Exordium"],"potions_floor_usage":[7,11,16],"damage_taken":[{"damage":6,"enemies":"Small Slimes","floor":1,"turns":3},{"damage":0,"enemies":"2 Louse","floor":2,"turns":4},{"damage":1,"enemies":"Jaw Worm","floor":5,"turns":5},{"damage":30,"enemies":"3 Sentries","floor":7,"turns":8},{"damage":5,"enemies":"The Mushroom Lair","floor":11,"turns":2},{"damage":0,"enemies":"3 Louse","floor":13,"turns":1},{"damage":0,"enemies":"Large Slime","floor":14,"turns":5},{"damage":56,"enemies":"The Guardian","floor":16,"turns":10}],"seed_played":"3295562468646107024","potions_obtained":[{"floor":5,"key":"CultistPotion"},{"floor":7,"key":"DuplicationPotion"},{"floor":14,"key":"animator:FalseLifePotion"}],"is_trial":false,"path_per_floor":["M","M","$","?","M","R","E","?","T","?","?","$","M","M","R","B"],"character_chosen":"THE_ANIMATOR","items_purchased":["Frozen Egg 2"],"campfire_rested":1,"item_purchase_floors":[12],"current_hp_per_floor":[60,60,60,47,47,47,19,36,36,36,31,31,32,32,53,0,0],"gold":46,"neow_bonus":"RANDOM_COMMON_RELIC","is_daily":false,"chose_seed":false,"campfire_upgraded":1,"win_rate":0.0,"timestamp":1607830522,"path_taken":["M","M","$","?","M","R","E","?","T","?","?","$","M","M","R","BOSS"],"items_purchased_type":["Relic"],"build_version":"2020-11-30","purchased_purges":0,"victory":false,"max_hp_per_floor":[66,66,66,66,67,67,69,69,69,69,69,69,70,70,70,70,70],"card_choices":[{"not_picked":["animator:Spearman","animator:MumenRider"],"picked":"animator:Entoma","floor":1},{"not_picked":["animator:Spearman","animator:Geryuganshoop","animator:MumenRider"],"picked":"SKIP","floor":2},{"not_picked":["animator:Fredrika","animator:Gillette"],"picked":"animator:NarberalGamma","floor":5},{"not_picked":["animator:Cocytus","animator:Entoma"],"picked":"animator:Evileye","floor":7},{"not_picked":["animator:DwarfShaman","animator:Tyuule"],"picked":"animator:TukaLunaMarceau","floor":11},{"not_picked":["animator:AcuraAkari","animator:Raven"],"picked":"animator:Shalltear","floor":13},{"not_picked":["animator:Spearman","animator:Gillette","animator:Sonic"],"picked":"SKIP","floor":14},{"not_picked":["animator:ChaikaBohdan","animator:OrikoMikuni"],"picked":"animator:NarberalGamma","floor":15}],"player_experience":498537,"relics_obtained":[{"floor":7,"key":"Dream Catcher"},{"floor":9,"key":"CloakClasp"},{"floor":11,"key":"Odd Mushroom"}],"event_choices":[{"damage_healed":0,"gold_gain":0,"player_choice":"Entered Light","damage_taken":13,"max_hp_gain":0,"max_hp_loss":0,"event_name":"Shining Light","floor":4,"gold_loss":0,"cards_upgraded":["animator:Strike_Overlord","animator:Defend"]},{"damage_healed":17,"gold_gain":0,"player_choice":"Healed","damage_taken":0,"max_hp_gain":0,"max_hp_loss":0,"event_name":"The Cleric","floor":8,"gold_loss":35},{"damage_healed":0,"gold_gain":0,"player_choice":"Ignored","damage_taken":0,"max_hp_gain":0,"max_hp_loss":0,"event_name":"Golden Wing","floor":10,"gold_loss":0},{"damage_healed":0,"gold_gain":0,"player_choice":"Fought Mushrooms","damage_taken":0,"max_hp_gain":0,"max_hp_loss":0,"event_name":"Mushrooms","floor":11,"gold_loss":0}],"is_beta":false,"boss_relics":[],"items_purged_floors":[],"is_endless":false,"potions_floor_spawned":[5,7,14],"killed_by":"The Guardian","ascension_level":1}}