{"host":"3z9xbwjeimmg738z","time":1607820209,"event":{"mods":["Act Like it!","BaseMod","Colored Powertips","Defuse TimeMaze Blight","Downfall","GifTheSpireLib","Minty Spire (QoL Compilation)","Pale of the Ancients","Rare Cards Sparkle","StSLib"],"gold_per_floor":[99,99,199,124,137,164,164,192,212,137,155,305,24,43,59,157,157,157,157],"floor_reached":18,"playtime":1109,"items_purged":["Slimebound:Icky"],"score":204,"play_id":"0a63f29d-6d9b-454f-b947-1d6fa71c36c4","local_time":"20201212164329","daily_mods":["ControlledChaos"],"is_ascension_mode":true,"campfire_choices":[{"floor":1,"key":"RECALL"},{"data":"champ:Taunt","floor":4,"key":"SMITH"},{"data":"champ:StanceDance","floor":10,"key":"SMITH"},{"data":"champ:DefensiveStyle","floor":18,"key":"SMITH"}],"circlet_count":0,"master_deck":["champ:Strike","champ:Strike","champ:Strike","champ:Strike","champ:Defend","champ:Defend","champ:Defend","champ:Defend","champ:Execute","champ:Taunt+1","champ:DefensiveStyle+1","champ:ShieldWall","champ:StanceDance+1","champ:BerserkerStyle","champ:BringItOn","champ:MurderStrike","champ:BerserkerStyle"],"relics":["champ:ChampionCrown","Frozen Eye","downfall:HeartBlessingRed","champ:FightingForDummies","Pantograph","downfall:HeartBlessingBlue","Orrery","sneckomod:SneckoTalon"],"acts_visited":["Exordium","TheCity"],"potions_floor_usage":[14],"damage_taken":[{"damage":1,"enemies":"2 Louse","floor":5,"turns":3},{"damage":68,"enemies":"3 Sentries","floor":6,"turns":7},{"damage":10,"enemies":"Gremlin Nob","floor":8,"turns":5},{"damage":0,"enemies":"Cultist","floor":9,"turns":3},{"damage":11,"enemies":"Jaw Worm","floor":11,"turns":3},{"damage":9,"enemies":"downfall:FleeingMerchant","floor":13,"turns":4},{"damage":13,"enemies":"Blue Slaver","floor":14,"turns":4},{"damage":9,"enemies":"3 Louse","floor":15,"turns":4},{"damage":47,"enemies":"downfall:Watcher","floor":16,"turns":9}],"seed_played":"-1850948673257243788","potions_obtained":[{"floor":6,"key":"SpeedPotion"},{"floor":8,"key":"Block Potion"},{"floor":11,"key":"SneckoOil"},{"floor":16,"key":"Swift Potion"}],"is_trial":true,"path_per_floor":["R","?","?","R","M","E","T","E","M","R","M","?","$","M","M","B",null,"R"],"character_chosen":"THE_CHAMP","items_purchased":["Orrery","champ:BerserkerStyle"],"campfire_rested":0,"item_purchase_floors":[13,13],"current_hp_per_floor":[90,95,95,95,94,75,75,72,72,82,76,76,72,63,63,54,105,105,105],"gold":157,"neow_bonus":"","is_daily":false,"chose_seed":false,"campfire_upgraded":3,"win_rate":0.0,"timestamp":1607820209,"path_taken":["R","?","?","R","?","E","T","E","M","R","M","?","?","M","M","BOSS","R"],"items_purchased_type":["Relic","Card"],"build_version":"2020-11-30","purchased_purges":1,"victory":false,"max_hp_per_floor":[90,95,95,95,95,95,95,95,95,105,105,105,105,105,105,105,105,105,105],"card_choices":[{"not_picked":["champ:FaceSlap","champ:CrookedStrike"],"picked":"champ:DefensiveStyle","floor":5},{"not_picked":["champ:DefensiveShout","champ:Riposte","champ:CrookedStrike"],"picked":"SKIP","floor":6},{"not_picked":["champ:DefensiveShout","champ:GladiatorsShout"],"picked":"champ:ShieldWall","floor":8},{"not_picked":["champ:Encircle","champ:FanOfKnives"],"picked":"champ:StanceDance","floor":9},{"not_picked":["champ:Shatter","champ:DefensiveShout","champ:PerfectForm"],"picked":"SKIP","floor":11},{"not_picked":["champ:RageSigil","champ:BerserkersShout","champ:AdrenalArmor"],"picked":"SKIP","floor":13},{"not_picked":["champ:DefensiveShout","champ:Backstep"],"picked":"champ:BerserkerStyle","floor":13},{"not_picked":["champ:Control","champ:GutPunch"],"picked":"champ:BringItOn","floor":13},{"not_picked":["champ:Circumvent","champ:Shatter"],"picked":"champ:MurderStrike","floor":13},{"not_picked":["champ:Shatter","champ:EnragedBash","champ:CrookedStrike"],"picked":"SKIP","floor":14},{"not_picked":["champ:Backstep","champ:GladiatorsShout","champ:HoldFirm"],"picked":"SKIP","floor":15}],"player_experience":132242,"relics_obtained":[{"floor":6,"key":"champ:FightingForDummies"},{"floor":8,"key":"Pantograph"}],"event_choices":[{"damage_healed":0,"gold_gain":0,"player_choice":"Donut","damage_taken":0,"max_hp_gain":5,"max_hp_loss":0,"event_name":"Big Fish","floor":2,"gold_loss":0}],"is_beta":false,"boss_relics":[{"not_picked":["Coffee Dripper","expansioncontent:StudyCardRelic"],"picked":"sneckomod:SneckoTalon"}],"items_purged_floors":[13],"is_endless":false,"potions_floor_spawned":[6,8,11,16],"ascension_level":1}}