{"host":"xr9kfrtt7uxz0mdc","time":1607886792,"event":{"mods":["AchievementEnabler","BaseMod","Highlight Path","Minty Spire (QoL Compilation)"],"gold_per_floor":[119,119,137,149,160,190,190,200,200,83,103,121,63,77,77,179,179,153,68,167,167,45,45,45],"floor_reached":23,"playtime":978,"items_purged":["Regret"],"score":193,"play_id":"170e4c46-610c-48b1-8cec-817cd6e92107","local_time":"20201213201312","is_ascension_mode":false,"campfire_choices":[{"floor":7,"key":"REST"},{"floor":15,"key":"REST"}],"circlet_count":0,"master_deck":["Strike_B","Strike_B","Strike_B","Strike_B","Defend_B","Defend_B","Defend_B","Defend_B","Zap","Dualcast","Double Energy","Skim","Leap","Rebound","Redo","Ball Lightning","Capacitor","Self Repair","Tempest","Self Repair","Biased Cognition","Hello World"],"relics":["Cracked Core","Boot","HornCleat","The Courier","InkBottle","Inserter","Omamori","Toolbox"],"acts_visited":["Exordium","TheCity"],"potions_floor_usage":[14,16,23],"damage_taken":[{"damage":5,"enemies":"Small Slimes","floor":1,"turns":5},{"damage":8,"enemies":"Jaw Worm","floor":3,"turns":3},{"damage":5,"enemies":"Cultist","floor":4,"turns":4},{"damage":2,"enemies":"Looter","floor":5,"turns":4},{"damage":53,"enemies":"Lagavulin","floor":6,"turns":8},{"damage":5,"enemies":"3 Louse","floor":8,"turns":3},{"damage":3,"enemies":"Red Slaver","floor":11,"turns":3},{"damage":5,"enemies":"Looter","floor":12,"turns":3},{"damage":9,"enemies":"Exordium Wildlife","floor":14,"turns":4},{"damage":15,"enemies":"The Guardian","floor":16,"turns":10},{"damage":39,"enemies":"2 Thieves","floor":18,"turns":5},{"damage":47,"enemies":"Book of Stabbing","floor":23,"turns":5}],"seed_played":"-7398100670834628873","potions_obtained":[{"floor":4,"key":"Ancient Potion"},{"floor":5,"key":"FocusPotion"},{"floor":8,"key":"Explosive Potion"},{"floor":14,"key":"PotionOfCapacity"},{"floor":16,"key":"SkillPotion"}],"is_trial":false,"path_per_floor":["M","?","M","M","M","E","R","M","T","$","M","M","$","M","R","B",null,"M","?","?","?","$","E"],"character_chosen":"DEFECT","items_purchased":["Capacitor","Self Repair","Toolbox"],"campfire_rested":2,"item_purchase_floors":[10,13,22],"current_hp_per_floor":[70,70,62,57,55,2,24,19,19,19,16,11,11,16,38,37,75,43,43,43,43,43,0,0],"gold":45,"neow_bonus":"RANDOM_COMMON_RELIC","is_daily":false,"chose_seed":false,"campfire_upgraded":0,"win_rate":0.0,"timestamp":1607886792,"path_taken":["M","?","M","M","M","E","R","M","T","$","M","M","$","M","R","BOSS","M","?","?","?","$","E"],"items_purchased_type":["Card","Card","Relic"],"build_version":"2020-11-30","purchased_purges":1,"victory":false,"max_hp_per_floor":[75,75,75,75,75,75,75,75,75,75,75,75,75,75,75,75,75,75,75,75,75,75,75,75],"card_choices":[{"not_picked":["Coolheaded","Stack"],"picked":"Double Energy","floor":1},{"not_picked":["Go for the Eyes","Compile Driver"],"picked":"Skim","floor":3},{"not_picked":["Tempest","Hologram"],"picked":"Leap","floor":4},{"not_picked":["Gash","Double Energy"],"picked":"Rebound","floor":5},{"not_picked":["Gash","Undo"],"picked":"Redo","floor":6},{"not_picked":["Auto Shields","Biased Cognition"],"picked":"Ball Lightning","floor":8},{"not_picked":["Redo","Turbo"],"picked":"Self Repair","floor":11},{"not_picked":["Self Repair","Ball Lightning"],"picked":"Tempest","floor":12},{"not_picked":["Coolheaded","Cold Snap","Steam"],"picked":"SKIP","floor":14},{"not_picked":["Reboot","Seek"],"picked":"Biased Cognition","floor":16},{"not_picked":["Reinforced Body","Glacier"],"picked":"Hello World","floor":18}],"player_experience":75331,"relics_obtained":[{"floor":6,"key":"The Courier"},{"floor":9,"key":"InkBottle"}],"event_choices":[{"damage_healed":0,"gold_gain":0,"player_choice":"Box","damage_taken":0,"relics_obtained":["HornCleat"],"max_hp_gain":0,"max_hp_loss":0,"event_name":"Big Fish","floor":2,"gold_loss":0,"cards_obtained":["Regret"]},{"damage_healed":0,"gold_gain":0,"player_choice":"Obtained Relic","damage_taken":0,"relics_obtained":["Omamori"],"max_hp_gain":0,"max_hp_loss":0,"event_name":"Addict","floor":19,"gold_loss":85},{"damage_healed":0,"gold_gain":99,"player_choice":"Stole From Cult","damage_taken":0,"max_hp_gain":0,"max_hp_loss":0,"event_name":"Nest","floor":20,"gold_loss":0},{"damage_healed":0,"gold_gain":0,"player_choice":"Smashed Altar","damage_taken":0,"max_hp_gain":0,"max_hp_loss":0,"event_name":"Forgotten Altar","floor":21,"gold_loss":0,"cards_obtained":["Decay"]}],"is_beta":false,"boss_relics":[{"not_picked":["Coffee Dripper","Velvet Choker"],"picked":"Inserter"}],"items_purged_floors":[10],"is_endless":false,"potions_floor_spawned":[4,5,8,12,14,16,18],"killed_by":"Book of Stabbing","ascension_level":0}}