{"host":"kqqjvufdj6ouyvqb","time":1607850932,"event":{"mods":["BaseMod","HololiveMod","LagranYue(拉格朗・月)","Lobotomy","LobotomyExtend","Minty Spire (QoL Compilation)","Prisma Mod","Quick Restart","Replay The Spire","Shop Mod","StSLib","WarShipGirlsR/战舰少女R mod","[IsaacMod]以撒尖塔"],"gold_per_floor":[84,150,245,89,101,135,135,151,151,183,183,183,202,241,241,372,372,386,386,386],"floor_reached":19,"playtime":649,"items_purged":[],"score":319,"play_id":"78c51270-04ac-45cd-b248-3d67720b8126","local_time":"20201213171532","is_ascension_mode":true,"campfire_choices":[{"data":"Hololive_Psychosis","floor":7,"key":"SMITH"},{"data":"Hololive_OvertimeWork","floor":15,"key":"SMITH"}],"circlet_count":0,"master_deck":["Hololive_Strike","Hololive_Strike","Hololive_Strike","Hololive_Defend","Hololive_Defend","Hololive_Defend","Hololive_Defend","Hololive_Sequa","Hololive_Rebound+1","SuicideKing","Hololive_Trident","Hololive_Psychosis+1","Hololive_CallNakiriAyame","Hololive_CocoNews","Hololive_OvertimeWork+1","Hololive_LuckPotion","Hololive_MaximGun","Hololive_DurableLive","Hololive_IdolExercise","Hololive_Sequa+1"],"relics":["Hololive_TheStar","Hololive_OneManArmy","HushsDoor","NineVolt","LetterFromLob","ReplayTheSpireMod:Lightbulb","Habit","Blood Vial","Replay:Accelerometer","D6","Golden Idol","LagranYue:RareGoldArmorRelic","MagicMushroom","MomsKnife"],"acts_visited":["Exordium","TheCity"],"potions_floor_usage":[16],"damage_taken":[{"damage":0,"enemies":"2 Louse","floor":1,"turns":2},{"damage":0,"enemies":"Jaw Worm","floor":5,"turns":2},{"damage":9,"enemies":"Lagavulin","floor":6,"turns":5},{"damage":0,"enemies":"Cultist","floor":8,"turns":2},{"damage":0,"enemies":"Gremlin Nob","floor":10,"turns":2},{"damage":0,"enemies":"Exordium Wildlife","floor":13,"turns":3},{"damage":0,"enemies":"Lagavulin","floor":14,"turns":2},{"damage":1,"enemies":"Fading Forest","floor":16,"turns":11},{"damage":0,"enemies":"3 Byrds","floor":18,"turns":1}],"seed_played":"-1124724038377084384","potions_obtained":[{"floor":1,"key":"Doom Potion"},{"floor":6,"key":"LiquidBronze"},{"floor":16,"key":"Dexterity Potion"}],"is_trial":false,"path_per_floor":["M","?","?","$","M","E","R","M","T","E","?","?","M","E","R","B",null,"M","?"],"character_chosen":"Hololive_HololiveCharacter","items_purchased":["Habit","MomsKnife"],"campfire_rested":0,"item_purchase_floors":[4,17],"current_hp_per_floor":[35,20,12,12,12,3,3,5,5,7,7,7,9,11,11,20,8,8,0,0],"gold":386,"neow_bonus":"RANDOM_EVENT","is_daily":false,"chose_seed":false,"campfire_upgraded":2,"win_rate":0.0,"timestamp":1607850932,"path_taken":["M","?","?","$","?","E","R","M","T","E","?","?","M","E","R","BOSS","M","?"],"items_purchased_type":["Relic","Relic"],"build_version":"2020-11-30","purchased_purges":0,"victory":false,"max_hp_per_floor":[35,35,35,35,35,35,35,35,35,35,35,33,33,33,33,33,8,8,8,8],"card_choices":[{"not_picked":[],"picked":"SuicideKing","floor":0},{"not_picked":["Hololive_CallMoonaHoshinova","Hololive_Drill","Hololive_CallYozoraMel"],"picked":"Hololive_Trident","floor":1},{"not_picked":["Hololive_Sequa","Hololive_DDD","Hololive_LuckPotion"],"picked":"Hololive_Psychosis","floor":3},{"not_picked":["Hololive_Trident","Hololive_FlyingPonyTail","Hololive_WolfAndLamb"],"picked":"Hololive_CallNakiriAyame","floor":5},{"not_picked":["Hololive_Breathe","Hololive_CallSpadeEcho","Hololive_Rebound"],"picked":"Hololive_CocoNews","floor":6},{"not_picked":["Hololive_BringToTrial","Hololive_Sequa","Hololive_CallAyundaRisu"],"picked":"Bomb","floor":8},{"not_picked":["Hololive_ASMR","Hololive_CallSpadeEcho","Hololive_CallYuzukiChoco","Hololive_Psychosis"],"picked":"SKIP","floor":10},{"not_picked":["Hololive_LuckPotion","Hololive_CallNekomataOkayu","Hololive_Trident"],"picked":"Hololive_OvertimeWork","floor":13},{"not_picked":["Hololive_CallTokoyamiTowa","Hololive_Trident","Hololive_CallShiranuiFlare"],"picked":"Hololive_LuckPotion","floor":14},{"not_picked":["Hololive_Rebound","Hololive_StrengthChampion"],"picked":"Hololive_MaximGun","floor":16},{"not_picked":["Hololive_FlareMind","Hololive_IdolExercise","Hololive_OpenUp"],"picked":"Hololive_DurableLive","floor":16},{"not_picked":["Hololive_SoulCatcher","Hololive_DiamondStrike"],"picked":"Hololive_IdolExercise","floor":18},{"not_picked":["Hololive_CallShiranuiFlare","Hololive_LuckPotion","Hololive_HuntDinosaur"],"picked":"Hololive_Sequa+1","floor":18}],"player_experience":185598,"relics_obtained":[{"floor":1,"key":"LetterFromLob"},{"floor":3,"key":"ReplayTheSpireMod:Lightbulb"},{"floor":6,"key":"Blood Vial"},{"floor":9,"key":"Replay:Accelerometer"},{"floor":10,"key":"D6"},{"floor":14,"key":"LagranYue:RareGoldArmorRelic"}],"event_choices":[{"damage_healed":0,"gold_gain":0,"player_choice":"Grow","damage_taken":0,"max_hp_gain":0,"max_hp_loss":0,"event_name":"Living Wall","floor":0,"gold_loss":0,"cards_upgraded":["Hololive_Rebound"]},{"damage_healed":0,"gold_gain":0,"player_choice":"Lose Max HP","damage_taken":0,"relics_obtained":["Golden Idol"],"max_hp_gain":0,"max_hp_loss":2,"event_name":"Golden Idol","floor":12,"gold_loss":0},{"damage_healed":0,"gold_gain":0,"player_choice":"Fight","damage_taken":0,"max_hp_gain":0,"max_hp_loss":0,"event_name":"HidenRoomEvent","floor":19,"gold_loss":0}],"is_beta":false,"boss_relics":[{"not_picked":["Runic Pyramid","Abe\u0027s Treasure"],"picked":"MagicMushroom"},{"not_picked":[]}],"items_purged_floors":[],"is_endless":false,"potions_floor_spawned":[1,6,16],"ascension_level":5}}