{"host":"f6tqpspb2ou2a4h5","time":1607832553,"event":{"mods":["2.2 Compatiblity","Ascension Unlocker","BaseMod","Colored Map","DeckTracker","Hermit","Highlight Path","KOR Keyword Fix","Keyboard Shortcuts","Minty Spire (QoL Compilation)","Permanent Neow","Quick Restart","Random Character Button","StSLib","SuperFastMode","The Poker Player","everything is the same but u backflip on backflip"],"gold_per_floor":[111,122,135,149,165,190,190],"floor_reached":6,"playtime":446,"items_purged":[],"score":50,"play_id":"1427c2f6-3760-49bf-86ee-6c87abbcc5ee","local_time":"20201213130913","is_ascension_mode":false,"campfire_choices":[],"circlet_count":0,"master_deck":["hermit:Strike_Hermit","hermit:Strike_Hermit","hermit:Strike_Hermit","hermit:Strike_Hermit","hermit:Defend_Hermit","hermit:Defend_Hermit","hermit:Defend_Hermit","hermit:Defend_Hermit","hermit:Snapshot","hermit:Covet","hermit:FlashPowder","hermit:TrackingShot","hermit:BodyArmor","hermit:Headshot","hermit:BigShot"],"relics":["hermit:Momento","PreservedInsect"],"acts_visited":["Exordium"],"potions_floor_usage":[],"damage_taken":[{"damage":0,"enemies":"Small Slimes","floor":1,"turns":3},{"damage":0,"enemies":"Jaw Worm","floor":2,"turns":3},{"damage":0,"enemies":"2 Louse","floor":3,"turns":2},{"damage":0,"enemies":"Red Slaver","floor":4,"turns":4},{"damage":6,"enemies":"Exordium Wildlife","floor":5,"turns":4},{"damage":24,"enemies":"Lagavulin","floor":6,"turns":7}],"seed_played":"113465579202438331","potions_obtained":[{"floor":2,"key":"Dexterity Potion"},{"floor":5,"key":"AttackPotion"}],"is_trial":false,"path_per_floor":["M","M","M","M","M","E"],"character_chosen":"HERMIT","items_purchased":[],"campfire_rested":0,"item_purchase_floors":[],"current_hp_per_floor":[82,82,82,82,76,52,52],"gold":190,"neow_bonus":"TEN_PERCENT_HP_BONUS","is_daily":false,"chose_seed":false,"campfire_upgraded":0,"win_rate":0.0,"timestamp":1607832553,"path_taken":["M","M","M","M","M","E"],"items_purchased_type":[],"build_version":"2020-11-30","purchased_purges":0,"victory":false,"max_hp_per_floor":[82,82,82,82,82,82,82],"card_choices":[{"not_picked":["hermit:LowProfile","hermit:Quickdraw"],"picked":"hermit:FlashPowder","floor":1},{"not_picked":["hermit:Quickdraw","hermit:CalledShot"],"picked":"hermit:TrackingShot","floor":2},{"not_picked":["hermit:FlashPowder","hermit:Glare"],"picked":"hermit:BodyArmor","floor":3},{"not_picked":["hermit:TrackingShot","hermit:ShadowCloak"],"picked":"hermit:Headshot","floor":4},{"not_picked":["hermit:FlashPowder","hermit:Horror"],"picked":"hermit:BigShot","floor":5}],"player_experience":12653,"relics_obtained":[{"floor":6,"key":"PreservedInsect"}],"event_choices":[],"is_beta":false,"boss_relics":[],"items_purged_floors":[],"is_endless":false,"potions_floor_spawned":[2,5],"killed_by":"Lagavulin","ascension_level":0}}