{"host":"fdq5pmhluajjrf8d","time":1607881610,"event":{"mods":["BaseMod","Minty Spire (QoL Compilation)"],"gold_per_floor":[116,126,126,142,156,156,172,172,172,186,186,212,228,228,228,306,306,325,339,357,36,52,52,52],"floor_reached":23,"playtime":2423,"items_purged":[],"score":384,"play_id":"e89003b7-9e8b-4f4b-9687-31417a83beac","local_time":"20201213124650","is_ascension_mode":true,"campfire_choices":[{"data":"Zap","floor":6.0,"key":"SMITH"},{"data":"Genetic Algorithm","floor":8.0,"key":"SMITH"},{"data":"Buffer","floor":15,"key":"SMITH"}],"circlet_count":0,"master_deck":["AscendersBane","Strike_B","Strike_B","Strike_B","Strike_B","Defend_B","Defend_B","Defend_B","Defend_B","Zap+1","Dualcast","Sweeping Beam","Genetic Algorithm+1","Coolheaded","Zap","Ball Lightning","Ball Lightning+1","Buffer+1","Leap","Thunder Strike+1","Tempest+1","Redo"],"relics":["Cracked Core","Molten Egg 2","Bottled Flame","Inserter","Incense Burner"],"acts_visited":["Exordium","TheCity"],"potions_floor_usage":[23],"damage_taken":[{"damage":12.0,"enemies":"Small Slimes","floor":1.0,"turns":3.0},{"damage":1.0,"enemies":"Cultist","floor":2.0,"turns":3.0},{"damage":12.0,"enemies":"Jaw Worm","floor":4.0,"turns":4.0},{"damage":3.0,"enemies":"Gremlin Gang","floor":5.0,"turns":3.0},{"damage":14.0,"enemies":"Blue Slaver","floor":7.0,"turns":3.0},{"damage":5.0,"enemies":"Lots of Slimes","floor":10.0,"turns":4.0},{"damage":46.0,"enemies":"Gremlin Nob","floor":12.0,"turns":4.0},{"damage":2,"enemies":"Large Slime","floor":13,"turns":4},{"damage":38,"enemies":"The Guardian","floor":16,"turns":12},{"damage":0,"enemies":"Spheric Guardian","floor":18,"turns":5},{"damage":0,"enemies":"Chosen","floor":19,"turns":6},{"damage":17,"enemies":"Sentry and Sphere","floor":20,"turns":6},{"damage":52,"enemies":"Centurion and Healer","floor":22,"turns":9},{"damage":29,"enemies":"Gremlin Leader","floor":23,"turns":2}],"seed_played":"-7652774647357688854","potions_obtained":[{"floor":2.0,"key":"Explosive Potion"},{"floor":12,"key":"FairyPotion"},{"floor":13,"key":"Dexterity Potion"},{"floor":19,"key":"BlessingOfTheForge"},{"floor":20,"key":"FairyPotion"}],"is_trial":false,"path_per_floor":["M","M","?","M","M","R","M","R","T","M","?","E","M","?","R","B",null,"M","M","M","$","M","E"],"character_chosen":"DEFECT","items_purchased":["Incense Burner"],"campfire_rested":0,"item_purchase_floors":[21],"current_hp_per_floor":[59,58,58,46,43,43,29,29,29,24,78,32,30,30,30,18,63,63,63,46,46,23,0,0],"gold":52,"neow_bonus":"TEN_PERCENT_HP_BONUS","is_daily":false,"chose_seed":false,"campfire_upgraded":3,"win_rate":0.0,"timestamp":1607881610,"path_taken":["M","M","?","?","M","R","M","R","T","M","?","E","?","?","R","BOSS","M","?","M","$","M","E"],"items_purchased_type":["Relic"],"build_version":"2020-11-30","purchased_purges":0,"victory":false,"max_hp_per_floor":[78,78,78,78,78,78,78,78,78,78,78,78,78,78,78,78,78,78,78,78,78,78,78,78],"card_choices":[{"not_picked":["Stack","Heatsinks"],"picked":"Sweeping Beam","floor":1.0},{"not_picked":["Redo","Reprogram"],"picked":"Genetic Algorithm","floor":2.0},{"not_picked":["Hello World","Coolheaded","Conserve Battery"],"picked":"SKIP","floor":4.0},{"not_picked":["Undo","Streamline"],"picked":"Ball Lightning","floor":5.0},{"not_picked":["BootSequence","Scrape"],"picked":"Auto Shields","floor":7.0},{"not_picked":["Steam","Steam Power"],"picked":"Ball Lightning+1","floor":10.0},{"not_picked":["Coolheaded","BootSequence"],"picked":"Buffer","floor":12},{"not_picked":["Go for the Eyes+1","Force Field"],"picked":"Leap","floor":13},{"not_picked":["Hyperbeam+1","Seek"],"picked":"Thunder Strike+1","floor":16},{"not_picked":["Blizzard+1","Scrape+1","Cold Snap+1"],"picked":"SKIP","floor":18},{"not_picked":["Turbo","Steam"],"picked":"Tempest+1","floor":19},{"not_picked":["Force Field","Heatsinks","Hello World"],"picked":"SKIP","floor":20},{"not_picked":["Ball Lightning+1","Sweeping Beam+1"],"picked":"Redo","floor":22}],"player_experience":1833805,"relics_obtained":[{"floor":9.0,"key":"Molten Egg 2"},{"floor":12,"key":"Bottled Flame"}],"event_choices":[{"damage_healed":0.0,"max_hp_gain":0.0,"max_hp_loss":0.0,"gold_gain":0.0,"event_name":"Match and Keep!","player_choice":"2 cards matched","floor":3.0,"gold_loss":0.0,"damage_taken":0.0,"cards_obtained":["Coolheaded","Zap"]},{"cards_removed":["Auto Shields"],"damage_healed":54.0,"max_hp_gain":0.0,"max_hp_loss":0.0,"gold_gain":0.0,"event_name":"Bonfire Elementals","player_choice":"Offered Uncommon","floor":11.0,"gold_loss":0.0,"damage_taken":0.0},{"damage_healed":0,"gold_gain":0,"player_choice":"0 cards matched","damage_taken":0,"max_hp_gain":0,"max_hp_loss":0,"event_name":"Match and Keep!","floor":14,"gold_loss":0,"cards_obtained":[]}],"is_beta":false,"boss_relics":[{"not_picked":["Runic Dome","SacredBark"],"picked":"Inserter"}],"items_purged_floors":[],"is_endless":false,"potions_floor_spawned":[2,12,13,19,20],"killed_by":"Gremlin Leader","ascension_level":19}}