{"host":"oluf6aumjll4vfac","time":1607826692,"event":{"mods":["BaseMod","Colored Map","Colored Powertips","Conspire","Minty Spire (QoL Compilation)","Quick Restart","Shop Mod","StSLib","SuperFastMode"],"gold_per_floor":[112,128,128,18,53,105,117,163,198,210,25,40,65,78,78,202,202,221,115,115,115,140,140,156,156,204,229,229,254,214,228,228,354,354,379,392,392,392,392],"floor_reached":38,"playtime":1521,"items_purged":["Injury"],"score":388,"play_id":"2d7a34de-8bb5-44f9-8cdd-dd8e9b338d68","local_time":"20201213103132","is_ascension_mode":false,"campfire_choices":[{"data":"Phantasmal Killer","floor":7,"key":"SMITH"},{"floor":10,"key":"REST"},{"floor":15,"key":"REST"},{"data":"Caltrops","floor":23,"key":"SMITH"},{"floor":25,"key":"REST"},{"data":"Die Die Die","floor":28,"key":"SMITH"},{"data":"Terror","floor":32,"key":"SMITH"}],"circlet_count":0,"master_deck":["Strike_G","Strike_G","Strike_G","Strike_G","Strike_G","Defend_G","Defend_G","Defend_G","Defend_G","Defend_G","Survivor","Neutralize","Phantasmal Killer+1","Cloak And Dagger","Deadly Poison","Masterful Stab","Caltrops+1","Die Die Die+1","Backstab","Poisoned Stab","Quick Slash","Bullet Time+1","Deadly Poison","Bane+1","Backstab","Outmaneuver","Terror+1","Prepared","Adrenaline","Expertise","Prepared+1","Writhe"],"relics":["Ring of the Snake","Golden Idol","Smiling Mask","Orichalcum","Ancient Tea Set","Vajra","conspire:SeveredTorchhead","MerchantsRug","Bag of Preparation","WristBlade"],"acts_visited":["Exordium","TheCity","TheBeyond"],"potions_floor_usage":[6,8,16,22,29,29,31,33,33,38],"damage_taken":[{"damage":12,"enemies":"conspire:RoseBush","floor":1,"turns":2},{"damage":1,"enemies":"Jaw Worm","floor":2,"turns":4},{"damage":0,"enemies":"Cultist","floor":5,"turns":3},{"damage":12,"enemies":"3 Sentries","floor":6,"turns":8},{"damage":24,"enemies":"Lagavulin","floor":8,"turns":6},{"damage":6,"enemies":"Blue Slaver","floor":12,"turns":2},{"damage":9,"enemies":"3 Louse","floor":13,"turns":2},{"damage":0,"enemies":"Gremlin Gang","floor":14,"turns":1},{"damage":13,"enemies":"Hexaghost","floor":16,"turns":8},{"damage":12,"enemies":"3 Byrds","floor":18,"turns":4},{"damage":8,"enemies":"Spheric Guardian","floor":22,"turns":3},{"damage":7,"enemies":"3 Cultists","floor":24,"turns":5},{"damage":14,"enemies":"Snecko","floor":27,"turns":3},{"damage":0,"enemies":"Cultist and Chosen","floor":29,"turns":3},{"damage":0,"enemies":"3 Cultists","floor":31,"turns":3},{"damage":39,"enemies":"Champ","floor":33,"turns":11},{"damage":7,"enemies":"Orb Walker","floor":35,"turns":2},{"damage":57,"enemies":"3 Darklings","floor":36,"turns":15},{"damage":24,"enemies":"4 Shapes","floor":38,"turns":2}],"seed_played":"2522020693820213720","potions_obtained":[{"floor":5,"key":"DistilledChaos"},{"floor":6,"key":"PowerPotion"},{"floor":13,"key":"SkillPotion"},{"floor":18,"key":"DuplicationPotion"},{"floor":24,"key":"SteroidPotion"},{"floor":27,"key":"Fire Potion"},{"floor":30,"key":"BlessingOfTheForge"},{"floor":30,"key":"GhostInAJar"},{"floor":30,"key":"CunningPotion"},{"floor":36,"key":"Block Potion"}],"is_trial":false,"path_per_floor":["M","M","?","?","M","E","R","E","T","R","$","M","M","M","R","B",null,"M","$","?","?","M","R","M","R","T","M","R","M","?","M","R","B",null,"M","M","?","M"],"character_chosen":"THE_SILENT","items_purchased":["Vajra","MerchantsRug"],"campfire_rested":3,"item_purchase_floors":[11,19],"current_hp_per_floor":[58,57,57,57,57,45,45,21,21,42,42,36,27,27,48,35,70,58,58,58,58,50,50,43,64,64,50,50,50,50,50,50,11,70,63,6,24,0,0],"gold":392,"neow_bonus":"ONE_RANDOM_RARE_CARD","is_daily":false,"chose_seed":false,"campfire_upgraded":4,"win_rate":0.0,"timestamp":1607826692,"path_taken":["M","M","?","?","M","E","R","E","T","R","$","M","?","M","R","BOSS","M","$","?","?","M","R","M","R","T","M","R","?","?","?","R","BOSS","M","M","?","M"],"items_purchased_type":["Relic","Relic"],"build_version":"2020-11-30","purchased_purges":1,"victory":false,"max_hp_per_floor":[70,70,70,70,70,70,70,70,70,70,70,70,70,70,70,70,70,70,70,70,70,70,70,70,70,70,70,70,70,70,70,70,70,70,70,70,70,70,70],"card_choices":[{"not_picked":["Backflip","Infinite Blades"],"picked":"Cloak And Dagger","floor":1},{"not_picked":["Acrobatics","Bane"],"picked":"Deadly Poison","floor":2},{"not_picked":["Bane","Backflip"],"picked":"Masterful Stab","floor":5},{"not_picked":["Well Laid Plans","Dash"],"picked":"Caltrops","floor":6},{"not_picked":["Unload","Bane"],"picked":"Die Die Die","floor":8},{"not_picked":["Bane","Infinite Blades"],"picked":"Backstab","floor":12},{"not_picked":["Escape Plan","Underhanded Strike"],"picked":"Poisoned Stab","floor":13},{"not_picked":["Blade Dance","Bane"],"picked":"Quick Slash","floor":14},{"not_picked":["Wraith Form v2","Venomology"],"picked":"Bullet Time","floor":16},{"not_picked":["Blade Dance","Slice"],"picked":"Deadly Poison","floor":18},{"not_picked":["Noxious Fumes","conspire:DoublingDagger+1"],"picked":"Bane+1","floor":22},{"not_picked":["Quick Slash+1","Distraction"],"picked":"Backstab","floor":24},{"not_picked":["Quick Slash","Poisoned Stab"],"picked":"Outmaneuver","floor":27},{"not_picked":["Dagger Throw+1","PiercingWail"],"picked":"Terror","floor":29},{"not_picked":["Sucker Punch","Quick Slash"],"picked":"Prepared","floor":31},{"not_picked":["Wraith Form v2","Unload"],"picked":"Adrenaline","floor":33},{"not_picked":["Poisoned Stab","Bane+1"],"picked":"Expertise","floor":35},{"not_picked":["Escape Plan+1","Footwork+1"],"picked":"Prepared+1","floor":36}],"player_experience":41540,"relics_obtained":[{"floor":6,"key":"Smiling Mask"},{"floor":8,"key":"Orichalcum"},{"floor":9,"key":"Ancient Tea Set"},{"floor":26,"key":"Bag of Preparation"}],"event_choices":[{"damage_healed":0,"gold_gain":0,"player_choice":"Take Wound","damage_taken":0,"relics_obtained":["Golden Idol"],"max_hp_gain":0,"max_hp_loss":0,"event_name":"Golden Idol","floor":3,"gold_loss":0,"cards_obtained":["Injury"]},{"damage_healed":0,"gold_gain":0,"player_choice":"Paid Gold","damage_taken":0,"relics_obtained":["MawBank"],"max_hp_gain":0,"max_hp_loss":0,"event_name":"WeMeetAgain","floor":4,"gold_loss":110},{"damage_healed":0,"gold_gain":0,"player_choice":"Leave","damage_taken":0,"max_hp_gain":0,"max_hp_loss":0,"event_name":"conspire:Investor","floor":20,"gold_loss":0},{"damage_healed":0,"gold_gain":0,"player_choice":"Forge","damage_taken":0,"max_hp_gain":0,"max_hp_loss":0,"event_name":"Accursed Blacksmith","floor":21,"gold_loss":0,"cards_upgraded":["Bullet Time"]},{"damage_healed":0,"gold_gain":0,"player_choice":"Bought 3 Potions","damage_taken":0,"max_hp_gain":0,"max_hp_loss":0,"event_name":"The Woman in Blue","floor":30,"gold_loss":0},{"damage_healed":18,"gold_gain":0,"player_choice":"Writhe","damage_taken":0,"max_hp_gain":0,"max_hp_loss":0,"event_name":"Winding Halls","floor":37,"gold_loss":0,"cards_obtained":["Writhe"]}],"is_beta":false,"boss_relics":[{"not_picked":["Sozu","conspire:RunicOctahedron"],"picked":"conspire:SeveredTorchhead"},{"not_picked":["Runic Dome","Ring of the Serpent"],"picked":"WristBlade"}],"items_purged_floors":[11],"is_endless":false,"potions_floor_spawned":[5,6,13,18,24,27,36],"killed_by":"4 Shapes","ascension_level":0}}