{"host":"yk98keyoflza93y0","time":1607894427,"event":{"mods":["AchievementEnabler","BaseMod","BetterRewards","Card Forge","Colored Map","DeckTracker","Minty Spire (QoL Compilation)","Shop Mod","StSLib","SuperFastMode","The Poker Player"],"gold_per_floor":[119,134,150,11,11,55,55,55,80,100,100,133,156,189,189,314,314,338,352,277,298,298,298,318,338,365,365,381,947,974,984,984,1080,1080,1090,1140,1140,763,763,763,796,796,796,796,796,796,211,238,238,238,238,238,38,69,69],"floor_reached":56,"playtime":1778,"items_purged":["PokerPlayerMod:Diamond1","PokerPlayerMod:Spade1","PokerPlayerMod:Club3","PokerPlayerMod:Club2","PokerPlayerMod:Spade4","PokerPlayerMod:BadJoker"],"score":2185,"play_id":"b7d28c15-25b6-4f53-b792-a1d9d4b7e44e","local_time":"20201214062027","is_ascension_mode":true,"metric_token":734,"campfire_choices":[{"data":"PokerPlayerMod:Mulligan","floor":7,"key":"SMITH"},{"data":"PokerPlayerMod:TrumpStrike","floor":11,"key":"SMITH"},{"floor":15,"key":"RECALL"},{"data":"PokerPlayerMod:Heart2","floor":23,"key":"PURGE"},{"data":"PokerPlayerMod:Spade2","floor":27,"key":"PURGE"},{"data":"PokerPlayerMod:Duplicate","floor":32,"key":"SMITH"},{"data":"PokerPlayerMod:Diamond8","floor":40,"key":"SMITH"},{"data":"PokerPlayerMod:Diamond5","floor":42,"key":"PURGE"},{"data":"PokerPlayerMod:Diamond9","floor":44,"key":"SMITH"},{"data":"PokerPlayerMod:Diamond9","floor":49,"key":"SMITH"},{"data":"PokerPlayerMod:Club9","floor":52,"key":"SMITH"}],"circlet_count":0,"master_deck":["PokerPlayerMod:TrumpStrike+1","PokerPlayerMod:Mulligan+1","PokerPlayerMod:Spade8","PokerPlayerMod:Diamond10+","PokerPlayerMod:Club9","PokerPlayerMod:Diamond10+","PokerPlayerMod:Club9","PokerPlayerMod:CardBurn+1","PokerPlayerMod:Duplicate+1","PokerPlayerMod:Diamond10+","PokerPlayerMod:Spade10+","PokerPlayerMod:Club10+","PokerPlayerMod:Raise+1"],"relics":["PokerPlayerMod:DeckCase","Hammer of Thor","Seething Fire","Anvil of the Gods","Medical Kit","Bird Faced Urn","Peace Pipe","PokerPlayerMod:StuffedPocket","Strange Spoon","Ginger","Mango","Juzu Bracelet","Bloody Idol","Akabeko","PokerPlayerMod:Splitter","Darkstone Periapt","Question Card","Empty Cage","Omamori","Ice Cream","Coffee Dripper","Prayer Wheel","PokerPlayerMod:PendantOfEscape","Gambling Chip","Frozen Eye","Pantograph","CaptainsWheel","Calipers"],"acts_visited":["Exordium","TheCity","TheBeyond","TheEnding"],"potions_floor_usage":[33,33,50],"damage_taken":[{"damage":0,"enemies":"Jaw Worm","floor":1,"turns":3},{"damage":0,"enemies":"2 Louse","floor":2,"turns":3},{"damage":0,"enemies":"Small Slimes","floor":3,"turns":3},{"damage":6,"enemies":"3 Sentries","floor":6,"turns":3},{"damage":1,"enemies":"2 Fungi Beasts","floor":10,"turns":2},{"damage":0,"enemies":"Lagavulin","floor":12,"turns":3},{"damage":0,"enemies":"Exordium Wildlife","floor":13,"turns":1},{"damage":4,"enemies":"3 Sentries","floor":14,"turns":2},{"damage":19,"enemies":"The Guardian","floor":16,"turns":5},{"damage":0,"enemies":"3 Byrds","floor":18,"turns":1},{"damage":0,"enemies":"Spheric Guardian","floor":19,"turns":1},{"damage":17,"enemies":"Snake Plant","floor":21,"turns":2},{"damage":0,"enemies":"Snecko","floor":24,"turns":2},{"damage":2,"enemies":"Shelled Parasite and Fungi","floor":25,"turns":3},{"damage":0,"enemies":"Chosen and Byrds","floor":28,"turns":2},{"damage":0,"enemies":"Gremlin Leader","floor":30,"turns":3},{"damage":0,"enemies":"Centurion and Healer","floor":31,"turns":3},{"damage":2,"enemies":"Champ","floor":33,"turns":4},{"damage":0,"enemies":"Orb Walker","floor":35,"turns":2},{"damage":0,"enemies":"Mind Bloom Boss Battle","floor":36,"turns":2},{"damage":0,"enemies":"Giant Head","floor":41,"turns":4},{"damage":0,"enemies":"Reptomancer","floor":48,"turns":2},{"damage":0,"enemies":"Donu and Deca","floor":50,"turns":3},{"damage":0,"enemies":"Shield and Spear","floor":54,"turns":2},{"damage":5,"enemies":"The Heart","floor":55,"turns":6}],"seed_played":"3582483663785339953","potions_obtained":[{"floor":1,"key":"Regen Potion"},{"floor":6,"key":"LiquidBronze"},{"floor":10,"key":"Regen Potion"},{"floor":28,"key":"Block Potion"},{"floor":30,"key":"BlessingOfTheForge"},{"floor":36,"key":"Energy Potion"}],"is_trial":false,"path_per_floor":["M","M","M","$","?","E","R","?","T","M","R","E","M","E","R","B",null,"M","M","?","M","?","R","M","M","T","R","M","$","E","M","R","B",null,"M","?","?","$","?","R","E","R","T","R","?","?","$","E","R","B",null,"R","$","E","B",null],"character_chosen":"THE_POKER_PLAYER","items_purchased":["Medical Kit","PokerPlayerMod:Spade8","Bird Faced Urn","Peace Pipe","Strange Spoon","Mango","Juzu Bracelet","PokerPlayerMod:Diamond9","PokerPlayerMod:Duplicate","PokerPlayerMod:Diamond10+","PokerPlayerMod:PendantOfEscape","LiquidMemories","Frozen Eye","Pantograph"],"campfire_rested":0,"item_purchase_floors":[0,0,0,0,0,0,0,4,29,29,38,38,47,47],"current_hp_per_floor":[63,66,66,66,50,48,48,48,48,47,47,47,47,43,43,26,56,56,56,56,39,39,39,44,47,52,52,57,62,66,66,66,66,66,66,66,66,66,66,66,66,66,66,66,63,63,63,63,63,63,63,63,63,63,58],"gold":69,"neow_bonus":"","is_daily":false,"chose_seed":false,"campfire_upgraded":7,"win_rate":0.0,"timestamp":1607894427,"path_taken":["M","M","M","$","?","E","R","?","T","M","R","E","M","E","R","BOSS","M","M","?","M","?","R","M","M","T","R","M","?","E","M","R","BOSS","M","?","?","$","?","R","E","R","T","R","?","?","$","E","R","BOSS","R","$","E","BOSS"],"items_purchased_type":["Relic","Card","Relic","Relic","Relic","Relic","Relic","Card","Card","Undefined","Relic","Potion","Relic","Relic"],"build_version":"2020-11-30","purchased_purges":6,"victory":true,"max_hp_per_floor":[66,66,66,66,66,66,66,66,66,66,66,66,66,66,66,66,66,66,66,66,66,66,66,66,66,66,66,66,66,66,66,66,66,66,66,66,66,66,66,66,66,66,66,66,63,63,63,63,63,63,63,63,63,63,63],"card_choices":[{"not_picked":["PokerPlayerMod:Diamond1","PokerPlayerMod:Fold","PokerPlayerMod:CloakAndDiamond"],"picked":"SKIP","floor":1},{"not_picked":["PokerPlayerMod:CloakAndDiamond","PokerPlayerMod:Diamond3","PokerPlayerMod:ClubShade"],"picked":"SKIP","floor":2},{"not_picked":["PokerPlayerMod:SpadeStrike","PokerPlayerMod:Diamond3","PokerPlayerMod:Diamond1"],"picked":"SKIP","floor":3},{"not_picked":["PokerPlayerMod:CloakAndDiamond","PokerPlayerMod:Fold","PokerPlayerMod:Heart1"],"picked":"SKIP","floor":6},{"not_picked":["PokerPlayerMod:SpadeStrike","PokerPlayerMod:Spade1","PokerPlayerMod:Diamond1"],"picked":"SKIP","floor":10},{"not_picked":["PokerPlayerMod:Trickery","PokerPlayerMod:Diamond4"],"picked":"PokerPlayerMod:Club9","floor":12},{"not_picked":["PokerPlayerMod:Spade6","PokerPlayerMod:Diamond2","PokerPlayerMod:DartThrow"],"picked":"SKIP","floor":13},{"not_picked":["PokerPlayerMod:Diamond5","PokerPlayerMod:Diamond2"],"picked":"PokerPlayerMod:Diamond8","floor":14},{"not_picked":["PokerPlayerMod:Promotion","PokerPlayerMod:FakeSymbols","PokerPlayerMod:Diamond9"],"picked":"PokerPlayerMod:Club9","floor":16},{"not_picked":["PokerPlayerMod:Diamond5","PokerPlayerMod:DiamondStrike","PokerPlayerMod:Heart2","PokerPlayerMod:Diamond2"],"picked":"SKIP","floor":18},{"not_picked":["PokerPlayerMod:Diamond1","PokerPlayerMod:PoorCopy+1","PokerPlayerMod:Extraction","PokerPlayerMod:RiskyBet+1"],"picked":"SKIP","floor":19},{"not_picked":["PokerPlayerMod:Club5","PokerPlayerMod:HeartStrike","PokerPlayerMod:SpadeStrike"],"picked":"PokerPlayerMod:CardBurn+1","floor":21},{"not_picked":["PokerPlayerMod:DartThrow","PokerPlayerMod:SpadeStrike","PokerPlayerMod:Heart4","PokerPlayerMod:Heart2"],"picked":"SKIP","floor":24},{"not_picked":["PokerPlayerMod:CloakAndDiamond","PokerPlayerMod:Spade5","PokerPlayerMod:Spade3","PokerPlayerMod:DartThrow"],"picked":"SKIP","floor":25},{"not_picked":["PokerPlayerMod:Trickery","PokerPlayerMod:Club2","PokerPlayerMod:DartThrow","PokerPlayerMod:DiamondStrike"],"picked":"SKIP","floor":28},{"not_picked":["PokerPlayerMod:SecondChance+1","PokerPlayerMod:DamnStraight+1","PokerPlayerMod:Configure+1"],"picked":"PokerPlayerMod:Spade10+","floor":30},{"not_picked":["PokerPlayerMod:ClubsClub","PokerPlayerMod:Spade3","PokerPlayerMod:CloakAndDiamond","PokerPlayerMod:CardBurn"],"picked":"SKIP","floor":31},{"not_picked":["PokerPlayerMod:CloakAndDiamond","PokerPlayerMod:Manipulation+1","PokerPlayerMod:Trickery","PokerPlayerMod:Diamond4"],"picked":"SKIP","floor":35},{"not_picked":["PokerPlayerMod:FillThePot","PokerPlayerMod:Diamond9","PokerPlayerMod:Diamond8"],"picked":"PokerPlayerMod:Raise+1","floor":41},{"not_picked":["PokerPlayerMod:RiskyBet+1","PokerPlayerMod:Diamond4","PokerPlayerMod:Club2","PokerPlayerMod:Heart4"],"picked":"SKIP","floor":48},{"not_picked":["PokerPlayerMod:Diamond3","PokerPlayerMod:Trickery","PokerPlayerMod:Spade4","PokerPlayerMod:RiskyBet"],"picked":"SKIP","floor":54}],"player_experience":1478506,"relics_obtained":[{"floor":6,"key":"Akabeko"},{"floor":9,"key":"PokerPlayerMod:Splitter"},{"floor":12,"key":"Darkstone Periapt"},{"floor":14,"key":"Question Card"},{"floor":26,"key":"Omamori"},{"floor":30,"key":"Ice Cream"},{"floor":36,"key":"Prayer Wheel"},{"floor":41,"key":"Gambling Chip"},{"floor":48,"key":"CaptainsWheel"},{"floor":54,"key":"Calipers"}],"event_choices":[{"damage_healed":0,"gold_gain":0,"player_choice":"Take Damage","damage_taken":16,"relics_obtained":["Golden Idol"],"max_hp_gain":0,"max_hp_loss":0,"event_name":"Golden Idol","floor":5,"gold_loss":0},{"cards_removed":["PokerPlayerMod:Diamond2"],"damage_healed":0,"gold_gain":0,"player_choice":"Trade","damage_taken":0,"max_hp_gain":0,"max_hp_loss":0,"event_name":"PokerPlayerMod:ExordiumClub","floor":8,"gold_loss":0,"cards_obtained":["PokerPlayerMod:Club3"]},{"cards_removed":["PokerPlayerMod:Club1"],"damage_healed":0,"gold_gain":0,"player_choice":"Gave Gold","damage_taken":0,"max_hp_gain":0,"max_hp_loss":0,"event_name":"Beggar","floor":20,"gold_loss":75},{"damage_healed":0,"gold_gain":0,"player_choice":"Gave Idol","damage_taken":0,"relics_obtained":["Bloody Idol"],"max_hp_gain":0,"max_hp_loss":0,"event_name":"Forgotten Altar","floor":22,"relics_lost":["Golden Idol"],"gold_loss":0},{"damage_healed":0,"gold_gain":0,"player_choice":"Fight","damage_taken":0,"max_hp_gain":0,"max_hp_loss":0,"event_name":"MindBloom","floor":36,"gold_loss":0},{"damage_healed":0,"gold_gain":0,"player_choice":"Ignored","damage_taken":0,"max_hp_gain":0,"max_hp_loss":0,"event_name":"Tomb of Lord Red Mask","floor":37,"gold_loss":0},{"damage_healed":0,"gold_gain":0,"cards_transformed":["PokerPlayerMod:Spade3"],"player_choice":"Transformed","damage_taken":0,"max_hp_gain":0,"max_hp_loss":0,"event_name":"Transmorgrifier","floor":39,"gold_loss":0,"cards_obtained":["PokerPlayerMod:Club9"]},{"damage_healed":0,"gold_gain":0,"player_choice":"Max HP","damage_taken":0,"max_hp_gain":0,"max_hp_loss":3,"event_name":"Winding Halls","floor":45,"gold_loss":0},{"damage_healed":0,"gold_gain":0,"player_choice":"Got Potions","damage_taken":0,"max_hp_gain":0,"max_hp_loss":0,"event_name":"Lab","floor":46,"gold_loss":0}],"is_beta":false,"boss_relics":[{"not_picked":["Philosopher\u0027s Stone","Velvet Choker"],"picked":"Empty Cage"},{"not_picked":["Fusion Hammer","SacredBark"],"picked":"Coffee Dripper"}],"items_purged_floors":[0,0,29,38,47,53],"is_endless":false,"potions_floor_spawned":[1,6,10,14,18,25,28,30,36],"ascension_level":7}}