{"host":"xr9kfrtt7uxz0mdc","time":1607890820,"event":{"mods":["AchievementEnabler","BaseMod","Highlight Path","Minty Spire (QoL Compilation)"],"gold_per_floor":[114,114,130,141,141,166,166,199,199,217,217,230,241,241,241,339,339,354,372,372,372],"floor_reached":20,"playtime":676,"items_purged":[],"score":186,"play_id":"8d62964e-0281-4ef6-b077-87e67929eeb9","local_time":"20201213212020","is_ascension_mode":false,"campfire_choices":[{"floor":7,"key":"REST"},{"data":"Leap","floor":11,"key":"SMITH"},{"floor":15,"key":"REST"}],"circlet_count":0,"master_deck":["Strike_B","Strike_B+1","Strike_B","Defend_B","Defend_B","Defend_B+1","Zap","Dualcast","Swift Strike","Streamline+1","Regret","Ball Lightning","Streamline","Leap+1","Conserve Battery","Static Discharge"],"relics":["Cracked Core","Singing Bowl","White Beast Statue","Blue Candle","Letter Opener","Empty Cage"],"acts_visited":["Exordium","TheCity"],"potions_floor_usage":[],"damage_taken":[{"damage":1,"enemies":"Cultist","floor":1,"turns":3},{"damage":6,"enemies":"2 Louse","floor":3,"turns":3},{"damage":12,"enemies":"Small Slimes","floor":4,"turns":2},{"damage":3,"enemies":"Gremlin Nob","floor":6,"turns":3},{"damage":24,"enemies":"Lagavulin","floor":8,"turns":5},{"damage":7,"enemies":"2 Fungi Beasts","floor":10,"turns":2},{"damage":12,"enemies":"Blue Slaver","floor":12,"turns":3},{"damage":3,"enemies":"Large Slime","floor":13,"turns":5},{"damage":23,"enemies":"Slime Boss","floor":16,"turns":9},{"damage":24,"enemies":"Shell Parasite","floor":18,"turns":7},{"damage":15,"enemies":"3 Byrds","floor":19,"turns":4},{"damage":49,"enemies":"Masked Bandits","floor":20,"turns":3}],"seed_played":"-65613845693117259","potions_obtained":[{"floor":1,"key":"AttackPotion"},{"floor":8,"key":"PowerPotion"},{"floor":10,"key":"AttackPotion"}],"is_trial":false,"path_per_floor":["M","?","M","M","?","E","R","E","T","M","R","M","M","?","R","B",null,"M","M","?"],"character_chosen":"DEFECT","items_purchased":[],"campfire_rested":2,"item_purchase_floors":[],"current_hp_per_floor":[74,74,70,58,58,57,79,55,55,48,48,38,35,19,43,22,83,59,46,0,0],"gold":372,"neow_bonus":"RANDOM_COLORLESS","is_daily":false,"chose_seed":false,"campfire_upgraded":1,"win_rate":0.0,"timestamp":1607890820,"path_taken":["M","?","M","M","?","E","R","E","T","M","R","M","M","?","R","BOSS","M","M","?"],"items_purchased_type":[],"build_version":"2020-11-30","purchased_purges":0,"victory":false,"max_hp_per_floor":[75,75,77,77,77,79,79,79,79,79,79,81,81,81,81,83,83,83,85,85,85],"card_choices":[{"not_picked":["Madness","Dark Shackles"],"picked":"Swift Strike","floor":0},{"not_picked":["Steam","Compile Driver"],"picked":"Streamline","floor":1},{"not_picked":["Tempest","Capacitor","Redo"],"picked":"Singing Bowl","floor":3},{"not_picked":["Beam Cell","Doom and Gloom"],"picked":"Ball Lightning","floor":4},{"not_picked":["Rainbow","Melter","Self Repair"],"picked":"Singing Bowl","floor":6},{"not_picked":["Static Discharge","Stack"],"picked":"Streamline","floor":8},{"not_picked":["Loop","Beam Cell"],"picked":"Leap","floor":10},{"not_picked":["Redo","Tempest","Compile Driver"],"picked":"Singing Bowl","floor":12},{"not_picked":["Beam Cell","Heatsinks"],"picked":"Conserve Battery","floor":13},{"not_picked":["Amplify","Reboot","Meteor Strike"],"picked":"Singing Bowl","floor":16},{"not_picked":["Redo","Turbo+1"],"picked":"Static Discharge","floor":18},{"not_picked":["Heatsinks","Turbo","Fusion+1"],"picked":"Singing Bowl","floor":19}],"player_experience":76309,"relics_obtained":[{"floor":6,"key":"White Beast Statue"},{"floor":8,"key":"Blue Candle"},{"floor":9,"key":"Letter Opener"}],"event_choices":[{"damage_healed":0,"gold_gain":0,"player_choice":"Box","damage_taken":0,"relics_obtained":["Singing Bowl"],"max_hp_gain":0,"max_hp_loss":0,"event_name":"Big Fish","floor":2,"gold_loss":0,"cards_obtained":["Regret"]},{"damage_healed":0,"gold_gain":0,"player_choice":"Grow","damage_taken":0,"max_hp_gain":0,"max_hp_loss":0,"event_name":"Living Wall","floor":5,"gold_loss":0,"cards_upgraded":["Streamline"]},{"damage_healed":0,"gold_gain":0,"player_choice":"Entered Light","damage_taken":16,"max_hp_gain":0,"max_hp_loss":0,"event_name":"Shining Light","floor":14,"gold_loss":0,"cards_upgraded":["Defend_B","Strike_B"]},{"damage_healed":0,"gold_gain":0,"player_choice":"Fought Bandits","damage_taken":0,"max_hp_gain":0,"max_hp_loss":0,"event_name":"Masked Bandits","floor":20,"gold_loss":0}],"is_beta":false,"boss_relics":[{"not_picked":["Runic Dome","Philosopher\u0027s Stone"],"picked":"Empty Cage"}],"items_purged_floors":[],"is_endless":false,"potions_floor_spawned":[1,8,10,12,13,16,18,19],"killed_by":"Masked Bandits","ascension_level":0}}