{"host":"y76clbnovzmw9ubx","time":1607878400,"event":{"mods":["AchievementEnabler","BaseMod","Minty Spire (QoL Compilation)","Permanent Neow","Relic Stats"],"gold_per_floor":[113,188,153,6,6,33,33,43,43,74,74,93,121,143,155,167,167],"floor_reached":16,"playtime":703,"items_purged":[],"score":236,"play_id":"1677439b-9665-4137-bdc8-75538aa09ef2","local_time":"20201213115320","is_ascension_mode":true,"campfire_choices":[{"data":"Ball Lightning","floor":7,"key":"SMITH"},{"floor":11,"key":"REST"},{"floor":15,"key":"REST"}],"circlet_count":0,"master_deck":["AscendersBane","Strike_B","Strike_B","Strike_B","Strike_B","Defend_B","Defend_B","Defend_B","Defend_B","Zap","Dualcast","Sweeping Beam","Leap","Lockon+1","Ball Lightning+1","Capacitor","Storm+1","Compile Driver","Leap","Sunder"],"relics":["Cracked Core","Smiling Mask","Lantern","Eternal Feather","Frozen Egg 2","MawBank"],"acts_visited":["Exordium"],"potions_floor_usage":[6,10,16,16],"damage_taken":[{"damage":2,"enemies":"2 Louse","floor":1,"turns":3},{"damage":38,"enemies":"Lagavulin","floor":6,"turns":8},{"damage":0,"enemies":"Small Slimes","floor":8,"turns":3},{"damage":36,"enemies":"Gremlin Nob","floor":10,"turns":4},{"damage":0,"enemies":"Cultist","floor":12,"turns":3},{"damage":31,"enemies":"3 Sentries","floor":13,"turns":5},{"damage":0,"enemies":"3 Louse","floor":14,"turns":2},{"damage":38,"enemies":"Hexaghost","floor":16,"turns":9}],"seed_played":"151550699724578781","potions_obtained":[{"floor":1,"key":"EntropicBrew"},{"floor":10,"key":"BlessingOfTheForge"}],"is_trial":false,"path_per_floor":["M","?","?","$","?","E","R","M","T","E","R","M","E","M","R","B"],"character_chosen":"DEFECT","items_purchased":["Leap","Lockon"],"campfire_rested":2,"item_purchase_floors":[4,4],"current_hp_per_floor":[62,51,68,68,68,30,30,30,30,6,36,36,5,5,38,0,0],"gold":167,"neow_bonus":"RANDOM_COMMON_RELIC","is_daily":false,"chose_seed":false,"campfire_upgraded":1,"win_rate":0.0,"timestamp":1607878400,"path_taken":["M","?","?","$","?","E","R","M","T","E","R","M","E","?","R","BOSS"],"items_purchased_type":["Card","Card"],"build_version":"2020-11-30","purchased_purges":0,"victory":false,"max_hp_per_floor":[71,71,71,71,71,71,71,71,71,71,71,71,71,71,71,71,71],"relic_stats":{"counters":[8,37],"Eternal Feather":21,"Smiling Mask":0,"MawBank":36,"obtain_stats":[{"Lantern":6,"Eternal Feather":9,"Frozen Egg 2":10,"Cracked Core":0,"Smiling Mask":0,"MawBank":13},{"Lantern":2,"Eternal Feather":3,"Frozen Egg 2":4,"Cracked Core":0,"Smiling Mask":0,"MawBank":6},{"Lantern":11,"Eternal Feather":14,"Frozen Egg 2":18,"Cracked Core":0,"Smiling Mask":0,"MawBank":26}]},"card_choices":[{"not_picked":["Hello World","Barrage"],"picked":"Sweeping Beam","floor":1},{"not_picked":["Go for the Eyes","Scrape"],"picked":"Ball Lightning","floor":6},{"not_picked":["Rebound","Leap"],"picked":"Capacitor","floor":8},{"not_picked":["Redo","Turbo"],"picked":"Storm+1","floor":10},{"not_picked":["Steam","Gash"],"picked":"Compile Driver","floor":12},{"not_picked":["Thunder Strike","Rebound"],"picked":"Leap","floor":13},{"not_picked":["Hello World+1","Scrape"],"picked":"Sunder","floor":14}],"player_experience":2845155,"relics_obtained":[{"floor":6,"key":"Lantern"},{"floor":9,"key":"Eternal Feather"},{"floor":10,"key":"Frozen Egg 2"},{"floor":13,"key":"MawBank"}],"event_choices":[{"damage_healed":0,"gold_gain":75,"player_choice":"Gather Gold","damage_taken":11,"max_hp_gain":0,"max_hp_loss":0,"event_name":"World of Goop","floor":2,"gold_loss":0},{"damage_healed":17,"gold_gain":0,"player_choice":"Healed","damage_taken":0,"max_hp_gain":0,"max_hp_loss":0,"event_name":"The Cleric","floor":3,"gold_loss":35},{"damage_healed":0,"gold_gain":0,"player_choice":"Upgraded","damage_taken":0,"max_hp_gain":0,"max_hp_loss":0,"event_name":"Upgrade Shrine","floor":5,"gold_loss":0,"cards_upgraded":["Lockon"]}],"is_beta":false,"boss_relics":[],"items_purged_floors":[],"is_endless":false,"potions_floor_spawned":[1,10,13],"killed_by":"Hexaghost","ascension_level":20}}