{"host":"6qo42zgaknezulyg","time":1607830395,"event":{"mods":["2.2 Compatiblity","BaseMod","Keyboard Shortcuts","Minty Spire (QoL Compilation)","Permanent Neow","Quick Restart","StSLib","SuperFastMode","The Cursed"],"gold_per_floor":[115,129,142,142,161,161,193,204,230,256,256,256,256,271,271,374,374,390,405,60,72,91,91,119,218,218,234,159,187,112,27,27,130,130,146,165,220,236,236,236,266,266,341,356,356,374,400,93,93,93],"floor_reached":51,"playtime":3512,"items_purged":["TheCursedMod:Strike_TheCursed","TheCursedMod:SurpriseAttack"],"score":977,"play_id":"625236ca-843e-407e-99cc-e6be6bbe1bdc","local_time":"20201213123315","is_ascension_mode":true,"campfire_choices":[{"data":"TheCursedMod:Hemoplague","floor":6.0,"key":"SMITH"},{"data":"TheCursedMod:CursedMace","floor":11.0,"key":"SMITH"},{"floor":15.0,"key":"REST"},{"floor":23.0,"key":"REST"},{"floor":32.0,"key":"REST"},{"data":"TheCursedMod:Defend_TheCursed","floor":40.0,"key":"PURGE"},{"floor":45.0,"key":"REST"},{"floor":49,"key":"REST"}],"circlet_count":0,"master_deck":["TheCursedMod:Defend_TheCursed+1","TheCursedMod:CursedWand+1","TheCursedMod:CleanUpWorkshop","TheCursedMod:Dregs","TheCursedMod:ShockAndAwe","TheCursedMod:Obscuration+1","TheCursedMod:CursedMace+1","TheCursedMod:SoulCrush","TheCursedMod:Hemoplague+1","TheCursedMod:CursedArmor+1","TheCursedMod:CursedSpellbook","TheCursedMod:CollectTribute","TheCursedMod:DemonSword","TheCursedMod:SpreadPlague","TheCursedMod:LuckyCharm","TheCursedMod:DarkBarrier","TheCursedMod:SpitefulPray","TheCursedMod:BlessingInDisguise","TheCursedMod:DarkBarrier","TheCursedMod:BlessingInDisguise+1","TheCursedMod:CursedRelics","TheCursedMod:Neurasthenia+1","TheCursedMod:CursedRelics+1","TheCursedMod:CircleOfBlood+1","TheCursedMod:SmokeScreen+1","TheCursedMod:ReleasedStrength+1","TheCursedMod:SpitefulPlan","TheCursedMod:CursedArmor+1","TheCursedMod:StunningStrike","TheCursedMod:ReleasedStrength","TheCursedMod:ReleasedStrength+1"],"relics":["TheCursedMod:BlackMagic101","Gremlin Horn","Regal Pillow","War Paint","Fusion Hammer","Pen Nib","Orichalcum","Gambling Chip","Calipers","Meat on the Bone","Astrolabe","Peace Pipe","Smiling Mask","White Beast Statue","Torii","TheCursedMod:BloodyHarpoon"],"acts_visited":["Exordium","TheCity","TheBeyond"],"potions_floor_usage":[50],"damage_taken":[{"damage":0.0,"enemies":"Small Slimes","floor":1.0,"turns":2.0},{"damage":0.0,"enemies":"2 Louse","floor":2.0,"turns":3.0},{"damage":0.0,"enemies":"Jaw Worm","floor":3.0,"turns":4.0},{"damage":7.0,"enemies":"3 Louse","floor":5.0,"turns":3.0},{"damage":15.0,"enemies":"Gremlin Nob","floor":7.0,"turns":3.0},{"damage":0.0,"enemies":"2 Fungi Beasts","floor":8.0,"turns":3.0},{"damage":4.0,"enemies":"3 Sentries","floor":10.0,"turns":9.0},{"damage":0.0,"enemies":"Large Slime","floor":14.0,"turns":4.0},{"damage":34.0,"enemies":"Hexaghost","floor":16.0,"turns":8.0},{"damage":1.0,"enemies":"2 Thieves","floor":18.0,"turns":3.0},{"damage":0.0,"enemies":"Chosen","floor":19.0,"turns":2.0},{"damage":7.0,"enemies":"Centurion and Healer","floor":21.0,"turns":5.0},{"damage":11.0,"enemies":"Snake Plant","floor":22.0,"turns":2.0},{"damage":2.0,"enemies":"Book of Stabbing","floor":24.0,"turns":4.0},{"damage":7.0,"enemies":"Cultist and Chosen","floor":27.0,"turns":6.0},{"damage":5.0,"enemies":"Slavers","floor":29.0,"turns":5.0},{"damage":44.0,"enemies":"Collector","floor":33.0,"turns":10.0},{"damage":11.0,"enemies":"Orb Walker","floor":35.0,"turns":3.0},{"damage":16.0,"enemies":"3 Darklings","floor":36.0,"turns":6.0},{"damage":5.0,"enemies":"2 Orb Walkers","floor":37.0,"turns":5.0},{"damage":2.0,"enemies":"4 Shapes","floor":38.0,"turns":5.0},{"damage":49.0,"enemies":"Nemesis","floor":41.0,"turns":9.0},{"damage":6.0,"enemies":"Transient","floor":44.0,"turns":5.0},{"damage":24.0,"enemies":"3 Darklings","floor":46.0,"turns":6.0},{"damage":0,"enemies":"Reptomancer","floor":47,"turns":7},{"damage":20,"enemies":"Time Eater","floor":50,"turns":7}],"seed_played":"3659671429129563170","potions_obtained":[{"floor":3.0,"key":"Block Potion"},{"floor":5.0,"key":"DistilledChaos"},{"floor":10.0,"key":"BlessingOfTheForge"},{"floor":16.0,"key":"Dexterity Potion"},{"floor":18.0,"key":"Regen Potion"},{"floor":27.0,"key":"SteroidPotion"},{"floor":35.0,"key":"SpeedPotion"},{"floor":36.0,"key":"SneckoOil"},{"floor":41.0,"key":"Block Potion"},{"floor":44.0,"key":"LiquidBronze"},{"floor":46.0,"key":"Energy Potion"},{"floor":47,"key":"PowerPotion"}],"is_trial":false,"path_per_floor":["M","M","M","?","M","R","E","M","T","E","R","?","?","M","R","B",null,"M","M","$","M","M","R","E","?","T","M","$","E","?","?","R","B",null,"M","M","?","M","?","R","E","?","T","M","R","M","E","$","R","B",null],"character_chosen":"THE_CURSED","items_purchased":["TheCursedMod:LuckyCharm","Pen Nib","TheCursedMod:DarkBarrier","TheCursedMod:BloodyHarpoon"],"campfire_rested":5,"item_purchase_floors":[20,20,20,48],"current_hp_per_floor":[50,50,50,43,36,36,21,21,21,17,17,17,2,2,39,5,58,57,57,57,50,39,75,73,73,73,66,66,61,61,61,75,43,67,64,52,51,65,65,65,36,36,36,45,75,51,55,55,75,58],"gold":93,"neow_bonus":"THREE_RARE_CARDS","is_daily":false,"chose_seed":false,"campfire_upgraded":2,"win_rate":0.0,"timestamp":1607830395,"path_taken":["M","M","M","?","M","R","E","M","T","E","R","?","?","M","R","BOSS","M","M","$","M","M","R","E","?","T","M","$","E","?","?","R","BOSS","M","M","?","M","?","R","E","?","T","M","R","M","E","$","R","BOSS"],"items_purchased_type":["Card","Relic","Card","Relic"],"build_version":"2020-11-30","purchased_purges":2,"victory":true,"max_hp_per_floor":[75,75,75,75,75,75,75,75,75,75,75,75,75,75,75,75,75,75,75,75,75,75,75,75,75,75,75,75,75,75,75,75,75,75,75,75,75,75,75,75,75,75,75,75,75,75,75,75,75,75],"card_choices":[{"not_picked":["TheCursedMod:OutForBlood","TheCursedMod:NeowsMight"],"picked":"TheCursedMod:ShockAndAwe","floor":0.0},{"not_picked":["TheCursedMod:CircleOfCorruption","TheCursedMod:CircleOfFocus"],"picked":"TheCursedMod:Obscuration","floor":1.0},{"not_picked":["TheCursedMod:Obscuration","TheCursedMod:Evocation"],"picked":"TheCursedMod:CursedMace","floor":2.0},{"not_picked":["TheCursedMod:CircleOfBlood","TheCursedMod:Torture"],"picked":"TheCursedMod:SoulCrush","floor":3.0},{"not_picked":["TheCursedMod:CircleOfAmplification","TheCursedMod:SoulCrush"],"picked":"TheCursedMod:Hemoplague","floor":5.0},{"not_picked":["TheCursedMod:ManaCirculation","TheCursedMod:AbyssShockwave"],"picked":"TheCursedMod:CursedArmor","floor":7.0},{"not_picked":["TheCursedMod:FleshFromBone","TheCursedMod:SoulReap"],"picked":"TheCursedMod:SurpriseAttack","floor":8.0},{"not_picked":["TheCursedMod:CircleOfFocus","TheCursedMod:Stigma"],"picked":"TheCursedMod:CursedSpellbook","floor":10.0},{"not_picked":["TheCursedMod:VitalStrike","TheCursedMod:SurpriseAttack"],"picked":"TheCursedMod:ReleasedKnowledge","floor":14.0},{"not_picked":["TheCursedMod:ForbiddenAlchemy","TheCursedMod:ManaCirculation"],"picked":"TheCursedMod:DemonSword","floor":16.0},{"not_picked":["TheCursedMod:VitalStrike","TheCursedMod:SurpriseAttack","TheCursedMod:RavingStaff"],"picked":"SKIP","floor":18.0},{"not_picked":["TheCursedMod:TacticalStrike","TheCursedMod:CircleOfFlame+1"],"picked":"TheCursedMod:SpreadPlague","floor":19.0},{"not_picked":["TheCursedMod:SurpriseAttack","TheCursedMod:CircleOfFlame","TheCursedMod:Stretching"],"picked":"SKIP","floor":21.0},{"not_picked":["TheCursedMod:Hemoplague","TheCursedMod:TacticalStrike+1"],"picked":"TheCursedMod:SpitefulPray","floor":22.0},{"not_picked":["TheCursedMod:Obscuration","TheCursedMod:CircleOfBlood"],"picked":"TheCursedMod:BlessingInDisguise","floor":24.0},{"not_picked":["TheCursedMod:VitalStrike","TheCursedMod:SpitefulPray"],"picked":"TheCursedMod:DarkBarrier","floor":27.0},{"not_picked":["TheCursedMod:PrepareRite","TheCursedMod:RapidMovement"],"picked":"TheCursedMod:BlessingInDisguise+1","floor":29.0},{"not_picked":["TheCursedMod:DarkBarrier","TheCursedMod:CollectTribute"],"picked":"TheCursedMod:CursedRelics","floor":33.0},{"not_picked":["TheCursedMod:CircleOfWindfury+1","TheCursedMod:VitalStrike"],"picked":"TheCursedMod:SmokeScreen+1","floor":35.0},{"not_picked":["TheCursedMod:BloodBarrier","TheCursedMod:Mangle+1","TheCursedMod:CursedShiv"],"picked":"SKIP","floor":36.0},{"not_picked":["TheCursedMod:BlessingInDisguise+1","TheCursedMod:AshesToAshes"],"picked":"TheCursedMod:ReleasedStrength+1","floor":37.0},{"not_picked":["TheCursedMod:Torture+1","TheCursedMod:RavingStaff"],"picked":"TheCursedMod:SpitefulPlan","floor":38.0},{"not_picked":["TheCursedMod:CircleOfBlood","TheCursedMod:AbyssShockwave+1"],"picked":"TheCursedMod:CursedArmor+1","floor":41.0},{"not_picked":["TheCursedMod:Evocation","TheCursedMod:FuryStrike","TheCursedMod:CursedBoomerang+1"],"picked":"SKIP","floor":44.0},{"not_picked":["TheCursedMod:SpitefulStrike","TheCursedMod:Stretching"],"picked":"TheCursedMod:ReleasedStrength","floor":46.0},{"not_picked":["TheCursedMod:CircleOfWindfury","TheCursedMod:SoulCrush"],"picked":"TheCursedMod:ReleasedStrength+1","floor":47}],"player_experience":745961,"relics_obtained":[{"floor":7.0,"key":"Gremlin Horn"},{"floor":9.0,"key":"Regal Pillow"},{"floor":10.0,"key":"War Paint"},{"floor":24.0,"key":"Orichalcum"},{"floor":26.0,"key":"Gambling Chip"},{"floor":29.0,"key":"Calipers"},{"floor":37.0,"key":"Peace Pipe"},{"floor":41.0,"key":"Smiling Mask"},{"floor":43.0,"key":"White Beast Statue"},{"floor":47,"key":"Torii"}],"event_choices":[{"cards_removed":["TheCursedMod:Strike_TheCursed"],"damage_healed":0.0,"max_hp_gain":0.0,"max_hp_loss":0.0,"gold_gain":0.0,"event_name":"Golden Wing","player_choice":"Card Removal","floor":4.0,"gold_loss":0.0,"damage_taken":7.0},{"damage_healed":0.0,"max_hp_gain":0.0,"max_hp_loss":0.0,"gold_gain":0.0,"cards_transformed":["TheCursedMod:Strike_TheCursed"],"event_name":"Living Wall","player_choice":"Change","floor":12.0,"gold_loss":0.0,"damage_taken":0.0,"cards_obtained":["TheCursedMod:CollectTribute"]},{"damage_healed":0.0,"max_hp_gain":0.0,"max_hp_loss":0.0,"gold_gain":0.0,"event_name":"Shining Light","player_choice":"Entered Light","floor":13.0,"gold_loss":0.0,"damage_taken":15.0,"cards_upgraded":["TheCursedMod:Defend_TheCursed","TheCursedMod:CursedWand"]},{"damage_healed":0.0,"max_hp_gain":0.0,"max_hp_loss":0.0,"gold_gain":99.0,"event_name":"Nest","player_choice":"Stole From Cult","floor":25.0,"gold_loss":0.0,"damage_taken":0.0},{"cards_removed":["TheCursedMod:Strike_TheCursed"],"damage_healed":0.0,"max_hp_gain":0.0,"max_hp_loss":0.0,"gold_gain":0.0,"event_name":"Beggar","player_choice":"Gave Gold","floor":30.0,"gold_loss":75.0,"damage_taken":0.0},{"damage_healed":0.0,"max_hp_gain":0.0,"max_hp_loss":0.0,"gold_gain":0.0,"event_name":"Addict","player_choice":"Obtained Relic","floor":31.0,"gold_loss":85.0,"damage_taken":0.0,"relics_obtained":["Meat on the Bone"]},{"damage_healed":0.0,"max_hp_gain":0.0,"max_hp_loss":0.0,"gold_gain":0.0,"event_name":"Mysterious Sphere","player_choice":"Fight","floor":37.0,"gold_loss":0.0,"damage_taken":0.0},{"damage_healed":0.0,"max_hp_gain":0.0,"max_hp_loss":0.0,"gold_gain":0.0,"event_name":"SensoryStone","player_choice":"Memory 1","floor":39.0,"gold_loss":0.0,"damage_taken":0.0},{"damage_healed":0.0,"max_hp_gain":0.0,"max_hp_loss":0.0,"gold_gain":0.0,"event_name":"Match and Keep!","player_choice":"1 cards matched","floor":42.0,"gold_loss":0.0,"damage_taken":0.0,"cards_obtained":["TheCursedMod:StunningStrike"]}],"is_beta":false,"boss_relics":[{"not_picked":["Pandora\u0027s Box","Philosopher\u0027s Stone"],"picked":"Fusion Hammer"},{"not_picked":["Empty Cage","TheCursedMod:FourLeafCloverCharm"],"picked":"Astrolabe"}],"items_purged_floors":[28,48],"is_endless":false,"potions_floor_spawned":[3,5,10,16,18,19,21,27,35,36,41,44,46,47],"ascension_level":6}}