{"host":"jombfwol0e5gnkg1","time":1607832360,"event":{"mods":["Act Like it!","Ascension Unlocker","BaseMod","Bestiary","Better Altar","Better Match","Better Note","Better Sensory Stone","Better Skull","Better Vampires","BetterRewards","Downfall","Elementarium","Energized Spire","Hermit","Hubris","Infinite Spire","Luminous","Minty Spire (QoL Compilation)","MostiFishMod","Relic Stats","Replay The Spire","Spicy Shops","StSLib","The Alterego","The Bladedancer","The Cursed","The Disciple","The Wild Card","UnlockEverythingMod"],"gold_per_floor":[99,29,54,54,54,88,88,105,115,132,151,151,170,170,181,181,181],"floor_reached":16,"playtime":759,"items_purged":[],"score":162,"play_id":"a938e047-4190-4a9b-8248-e3f606447595","local_time":"20201212200600","is_ascension_mode":false,"campfire_choices":[{"data":"Luminous:Switch_Luminous","floor":1,"key":"SMITH"},{"data":"Luminous:Phantom_Treasure_Luminous","floor":5,"key":"SMITH"}],"circlet_count":0,"master_deck":["Luminous:Light_Flash_Shower","Luminous:Light_Flash_Shower","Luminous:Light_Flash_Shower","Luminous:Dark_Abyssal_Drop","Luminous:Dark_Abyssal_Drop","Luminous:Dark_Abyssal_Drop","Luminous:Defend_Luminous","Luminous:Defend_Luminous","Luminous:Defend_Luminous","Luminous:Defend_Luminous","Luminous:Switch_Luminous+1","Luminous:Phantom_Treasure_Luminous+1","Luminous:Light_Sylvan_Lance","Luminous:Mana_Well_Luminous","Luminous:Light_Glare","Luminous:Sympathy_Luminous","Luminous:Light_Wash_Luminous","Luminous:Light_Sylvan_Lance","Luminous:Concentrate_Luminous","Luminous:Blinding_Pillar_Luminous","infinitespire:Collect","Luminous:Hero_Will_Luminous"],"relics":["Luminous:MirrorRelic","DaveBox","downfall:HeartsMalice","Dream Catcher","Replay:Bottled Steam"],"acts_visited":["Exordium"],"potions_floor_usage":[16,16,16],"damage_taken":[{"damage":0,"enemies":"downfall:FleeingMerchant","floor":2,"turns":1},{"damage":0,"enemies":"Lagavulin","floor":3,"turns":1},{"damage":0,"enemies":"Replay:BlueRogue","floor":6,"turns":1},{"damage":0,"enemies":"Cultist","floor":8,"turns":3},{"damage":0,"enemies":"Small Slimes","floor":9,"turns":2},{"damage":11,"enemies":"infinitespire:Voidling","floor":10,"turns":3},{"damage":17,"enemies":"Lots of Slimes","floor":11,"turns":4},{"damage":0,"enemies":"3 Louse","floor":13,"turns":3},{"damage":0,"enemies":"Blue Slaver","floor":15,"turns":1},{"damage":64,"enemies":"downfall:Defect","floor":16,"turns":6}],"seed_played":"6952207618308562134","potions_obtained":[{"floor":3,"key":"EssenceOfSteel"},{"floor":4,"key":"CultistPotion"},{"floor":4,"key":"Milkshake"},{"floor":9,"key":"BlessingOfTheForge"}],"is_trial":false,"path_per_floor":["R","$","E","?","R","E","T","M","M","M","M","?","M","?","M","B"],"character_chosen":"LuminousClass","items_purchased":["Luminous:Light_Sylvan_Lance"],"campfire_rested":0,"item_purchase_floors":[2],"current_hp_per_floor":[75,75,75,75,75,75,75,75,75,68,51,75,75,57,57,0,0],"gold":181,"neow_bonus":"THREE_ENEMY_KILL","is_daily":false,"chose_seed":false,"campfire_upgraded":2,"win_rate":0.0,"timestamp":1607832360,"path_taken":["R","?","E","?","R","E","T","?","?","M","M","?","M","?","M","BOSS"],"items_purchased_type":["Card"],"build_version":"2020-11-30","purchased_purges":0,"victory":false,"max_hp_per_floor":[75,75,75,75,75,75,75,75,75,75,75,75,75,75,75,75,75],"relic_stats":{"Dream Catcher":0,"counters":[10,25],"obtain_stats":[{"Dream Catcher":6,"DaveBox":0,"downfall:HeartsMalice":0,"Luminous:MirrorRelic":0,"Toy Ornithopter":3,"Replay:Bottled Steam":7},{"Dream Catcher":3,"DaveBox":0,"downfall:HeartsMalice":0,"Luminous:MirrorRelic":0,"Toy Ornithopter":2,"Replay:Bottled Steam":3},{"Dream Catcher":3,"DaveBox":0,"downfall:HeartsMalice":0,"Luminous:MirrorRelic":0,"Toy Ornithopter":2,"Replay:Bottled Steam":3}]},"card_choices":[{"not_picked":["Luminous:Accumulation_Luminous","Luminous:Concentrate_Luminous"],"picked":"Luminous:Phantom_Treasure_Luminous","floor":2},{"not_picked":["Luminous:Light_Gather","Luminous:Magic_Guard_Luminous"],"picked":"Luminous:Mana_Well_Luminous","floor":3},{"not_picked":["Luminous:Dark_Pressure_Void","Luminous:Magic_Boost_Luminous"],"picked":"Luminous:Light_Glare","floor":6},{"not_picked":["Luminous:Light_Track","Luminous:Reverse_Spell_Luminous"],"picked":"Luminous:Sympathy_Luminous","floor":8},{"not_picked":["Luminous:Accumulation_Luminous","Luminous:Magic_Guard_Luminous"],"picked":"Luminous:Light_Wash_Luminous","floor":9},{"not_picked":["Luminous:Light_Gather","Luminous:Light_Wash_Luminous"],"picked":"Luminous:Light_Sylvan_Lance","floor":10},{"not_picked":["Luminous:Light_Wash_Luminous","Luminous:Dark_Arcane_Pitch"],"picked":"Luminous:Concentrate_Luminous","floor":11},{"not_picked":["Luminous:Concentrate_Luminous","Luminous:Light_Wash_Luminous"],"picked":"Luminous:Blinding_Pillar_Luminous","floor":13},{"not_picked":["infinitespire:Oblivion","infinitespire:Gouge"],"picked":"infinitespire:Collect","floor":14},{"not_picked":["Luminous:Dark_Pressure_Void","Luminous:Phantom_Treasure_Luminous"],"picked":"Luminous:Hero_Will_Luminous","floor":15}],"player_experience":67222,"relics_obtained":[{"floor":3,"key":"Toy Ornithopter"},{"floor":6,"key":"Dream Catcher"},{"floor":7,"key":"Replay:Bottled Steam"}],"event_choices":[{"damage_healed":25,"gold_gain":0,"player_choice":"Banana","damage_taken":0,"max_hp_gain":0,"max_hp_loss":0,"event_name":"Big Fish","floor":12,"gold_loss":0}],"is_beta":false,"boss_relics":[],"items_purged_floors":[],"is_endless":false,"potions_floor_spawned":[3,8,9,11,15],"killed_by":"downfall:Defect","ascension_level":0}}