{"host":"87qycazfqg3dn1g9","time":1607817809,"event":{"mods":["AchievementEnabler","BaseMod","BetterRewards","Minty Spire (QoL Compilation)","Shop Mod","StSLib"],"gold_per_floor":[118,193,193,210,226,226,46,46,46,65,80,80,109,13,13,113,113,133,133,133,18,32,61,74,94,94,94,113,113,113,113],"floor_reached":30,"playtime":834,"items_purged":[],"score":400,"play_id":"eb92a896-4096-4bf2-8083-cb758bc65474","local_time":"20201212190329","is_ascension_mode":true,"campfire_choices":[{"data":"Static Discharge","floor":6,"key":"SMITH"},{"floor":8,"key":"REST"},{"floor":15,"key":"REST"},{"floor":27,"key":"REST"}],"circlet_count":0,"master_deck":["AscendersBane","Strike_B","Strike_B","Strike_B","Strike_B","Defend_B","Defend_B","Defend_B","Zap","Dualcast","Static Discharge+1","Ball Lightning","Consume","Conserve Battery+1","Storm","Ball Lightning","White Noise+1","Echo Form","Leap","Reinforced Body+1","Loop+1"],"relics":["Cracked Core","MerchantsRug","Juzu Bracelet","PreservedInsect","Mummified Hand","Philosopher\u0027s Stone","Lee\u0027s Waffle","Regal Pillow","Ginger"],"acts_visited":["Exordium","TheCity"],"potions_floor_usage":[13],"damage_taken":[{"damage":2,"enemies":"Small Slimes","floor":1,"turns":3},{"damage":3,"enemies":"2 Louse","floor":4,"turns":2},{"damage":7,"enemies":"Jaw Worm","floor":5,"turns":3},{"damage":15,"enemies":"Exordium Wildlife","floor":10,"turns":3},{"damage":5,"enemies":"3 Louse","floor":11,"turns":2},{"damage":36,"enemies":"Gremlin Nob","floor":13,"turns":3},{"damage":17,"enemies":"Slime Boss","floor":16,"turns":6},{"damage":36,"enemies":"2 Thieves","floor":18,"turns":4},{"damage":0,"enemies":"Chosen","floor":22,"turns":3},{"damage":39,"enemies":"Book of Stabbing","floor":23,"turns":4},{"damage":16,"enemies":"3 Cultists","floor":24,"turns":4},{"damage":22,"enemies":"Centurion and Healer","floor":25,"turns":7},{"damage":3,"enemies":"Cultist and Chosen","floor":28,"turns":4},{"damage":52,"enemies":"Slavers","floor":30,"turns":3}],"seed_played":"4580869006907463095","potions_obtained":[{"floor":1,"key":"PotionOfCapacity"},{"floor":10,"key":"AttackPotion"},{"floor":18,"key":"LiquidMemories"},{"floor":22,"key":"Strength Potion"},{"floor":28,"key":"SpeedPotion"}],"is_trial":false,"path_per_floor":["M","?","?","M","M","R","$","R","T","M","M","?","E","$","R","B",null,"M","?","T","$","M","E","M","M","T","R","M","?","E"],"character_chosen":"DEFECT","items_purchased":["MerchantsRug","Static Discharge","Juzu Bracelet","Strange Spoon","Storm","Strawberry","Mummified Hand","Lee\u0027s Waffle"],"campfire_rested":3,"item_purchase_floors":[0,0,0,0,7,7,14,21],"current_hp_per_floor":[66,55,48,45,38,38,45,69,69,54,49,37,1,1,25,8,64,28,28,28,89,89,50,34,12,12,53,50,50,0,0],"gold":113,"neow_bonus":"","is_daily":false,"chose_seed":false,"campfire_upgraded":1,"win_rate":0.0,"timestamp":1607817809,"path_taken":["M","?","?","M","M","R","$","R","T","M","M","?","E","$","R","BOSS","M","?","?","$","M","E","M","M","T","R","M","?","E"],"items_purchased_type":["Relic","Card","Relic","Relic","Card","Relic","Relic","Relic"],"build_version":"2020-11-30","purchased_purges":0,"victory":false,"max_hp_per_floor":[75,75,75,75,75,75,82,82,82,82,82,82,82,82,82,82,82,82,82,82,89,89,89,89,89,89,89,89,89,89,89],"card_choices":[{"not_picked":["Conserve Battery","Streamline"],"picked":"Ball Lightning","floor":1},{"not_picked":["Sweeping Beam","BootSequence"],"picked":"Consume","floor":4},{"not_picked":["Cold Snap","Steam"],"picked":"Conserve Battery","floor":5},{"not_picked":["Sweeping Beam","Go for the Eyes"],"picked":"Ball Lightning","floor":10},{"not_picked":["Double Energy","Gash","Doom and Gloom"],"picked":"SKIP","floor":11},{"not_picked":["Redo","Darkness"],"picked":"White Noise","floor":13},{"not_picked":["Creative AI","Thunder Strike"],"picked":"Echo Form","floor":16},{"not_picked":["Cold Snap","Hologram"],"picked":"Leap","floor":18},{"not_picked":["Streamline","Compile Driver"],"picked":"Reinforced Body+1","floor":22},{"not_picked":["Turbo+1","Hologram","Sweeping Beam"],"picked":"SKIP","floor":23},{"not_picked":["Doom and Gloom+1","Force Field","Gash+1"],"picked":"SKIP","floor":24},{"not_picked":["Defragment","Coolheaded"],"picked":"Loop+1","floor":25},{"not_picked":["Stack","Coolheaded","Gash"],"picked":"SKIP","floor":28}],"player_experience":210465,"relics_obtained":[{"floor":9,"key":"Blue Candle"},{"floor":13,"key":"PreservedInsect"},{"floor":20,"key":"War Paint"},{"floor":23,"key":"Regal Pillow"},{"floor":26,"key":"Ginger"}],"event_choices":[{"damage_healed":0,"gold_gain":75,"player_choice":"Gather Gold","damage_taken":11,"max_hp_gain":0,"max_hp_loss":0,"event_name":"World of Goop","floor":2,"gold_loss":0},{"cards_removed":["Defend_B"],"damage_healed":0,"gold_gain":0,"player_choice":"Card Removal","damage_taken":7,"max_hp_gain":0,"max_hp_loss":0,"event_name":"Golden Wing","floor":3,"gold_loss":0},{"damage_healed":0,"gold_gain":0,"player_choice":"Success","damage_taken":12,"relics_obtained":["Omamori"],"max_hp_gain":0,"max_hp_loss":0,"event_name":"Scrap Ooze","floor":12,"gold_loss":0},{"damage_healed":0,"gold_gain":0,"player_choice":"Ignored","damage_taken":0,"max_hp_gain":0,"max_hp_loss":0,"event_name":"Vampires","floor":19,"gold_loss":0},{"damage_healed":0,"gold_gain":0,"player_choice":"Ignored","damage_taken":0,"max_hp_gain":0,"max_hp_loss":0,"event_name":"Beggar","floor":29,"gold_loss":0}],"is_beta":false,"boss_relics":[{"not_picked":["Pandora\u0027s Box","FrozenCore"],"picked":"Philosopher\u0027s Stone"}],"items_purged_floors":[],"is_endless":false,"potions_floor_spawned":[1,10,11,18,22,28],"killed_by":"Slavers","ascension_level":12}}