{"host":"uugffeicp4fcvkyi","time":1607860947,"event":{"mods":["Aspiration","BaseMod","Better Note","Conjunction","Conspire","Googly Eyes","Minty Spire (QoL Compilation)","Permanent Neow","Replay The Spire","StSLib","TheArtist","Wandering Minibosses","everything is the same but u backflip on backflip"],"gold_per_floor":[119,138,63,74,74,107,107,119,173,207,224,154,172,186,186,285,285,301,391,391,403,414,414,414],"floor_reached":23,"playtime":3476,"items_purged":["artistmod:StrokeStrike"],"score":230,"play_id":"ca519c50-8838-45d0-bc48-938101d2cbe1","local_time":"20201213070227","is_ascension_mode":false,"campfire_choices":[{"floor":7.0,"key":"REST"},{"floor":15.0,"key":"REST"}],"circlet_count":0,"master_deck":["artistmod:StrokeStrike","artistmod:StrokeStrike","artistmod:DaringDefend","artistmod:DaringDefend","artistmod:DaringDefend","artistmod:BrushBash","artistmod:DarkenDrawing","artistmod:YellowYearning","artistmod:VibrantVision","artistmod:RedRage","artistmod:DeepDream","artistmod:BlueBurst","artistmod:PrismaticPain","artistmod:ReddeningRampage","artistmod:YellowYearning","artistmod:DoubleDraw","artistmod:ArtisticAgony","Sickly","ReplayTheSpireMod:Restless Dread","Spreading Infection","artistmod:ArtisticAgony","artistmod:RaringRepaint","artistmod:PinkPurple"],"relics":["artistmod:BlueBrush","Replay:WaspNest","Art of War","Bag of Marbles","Replay:Ancient Bell","Tiny Chest","Replay:Bottled Flurry","Durian"],"acts_visited":[],"potions_floor_usage":[],"damage_taken":[{"damage":1.0,"enemies":"Cultist","floor":1.0,"turns":4.0},{"damage":7.0,"enemies":"2 Louse","floor":2.0,"turns":3.0},{"damage":10.0,"enemies":"Small Slimes","floor":4.0,"turns":3.0},{"damage":32.0,"enemies":"Gremlin Nob","floor":6.0,"turns":4.0},{"damage":2.0,"enemies":"3 Louse","floor":8.0,"turns":4.0},{"damage":37.0,"enemies":"3 Sentries","floor":10.0,"turns":8.0},{"damage":0.0,"enemies":"Looter","floor":11.0,"turns":1.0},{"damage":0.0,"enemies":"2 Fungi Beasts","floor":13.0,"turns":3.0},{"damage":7.0,"enemies":"Blue Slaver","floor":14.0,"turns":2.0},{"damage":9.0,"enemies":"Slime Boss","floor":16.0,"turns":9.0},{"damage":23.0,"enemies":"conspire:FuzzyDice","floor":18.0,"turns":6.0},{"damage":5.0,"enemies":"Chosen","floor":21.0,"turns":5.0},{"damage":16,"enemies":"Shelled Parasite and Fungi","floor":22,"turns":7},{"damage":0,"enemies":"conspire:SneckoGhost","floor":23,"turns":1}],"seed_played":"-8163542815914606033","potions_obtained":[{"floor":2.0,"key":"AttackPotion"},{"floor":11.0,"key":"SkillPotion"},{"floor":13.0,"key":"Swift Potion"},{"floor":14.0,"key":"EssenceOfSteel"},{"floor":21.0,"key":"conspire:TimeTravelPotion"}],"is_trial":false,"path_per_floor":["M","M","$","M","?","E","R","M","T","E","M","$","M","M","R","B",null,"M","?","?","M","M","E"],"character_chosen":"THE_ARTIST","items_purchased":["artistmod:ReddeningRampage"],"campfire_rested":2,"item_purchase_floors":[12],"current_hp_per_floor":[77,70,70,60,60,28,51,49,49,12,12,12,12,5,28,19,83,60,40,40,35,19,19,19],"gold":414,"neow_bonus":"TEN_PERCENT_HP_BONUS","is_daily":false,"chose_seed":false,"campfire_upgraded":0,"win_rate":0.0,"timestamp":1607860947,"path_taken":["M","?","$","M","?","E","R","M","T","E","M","?","?","M","R","BOSS","BOSS","M","?","?","M","M","E"],"items_purchased_type":["Card"],"build_version":"2020-11-30","purchased_purges":1,"victory":false,"max_hp_per_floor":[78,78,78,78,78,78,78,78,78,78,78,78,78,78,78,78,83,83,88,88,88,88,88,88],"card_choices":[{"not_picked":["artistmod:IndigoIncapitation","artistmod:IchorInk"],"picked":"artistmod:YellowYearning","floor":1.0},{"not_picked":["artistmod:ColorfulClobber","artistmod:IndigoIncapitation"],"picked":"artistmod:VibrantVision","floor":2.0},{"not_picked":["artistmod:PurplePain","artistmod:RedRazzing"],"picked":"artistmod:RedRage","floor":4.0},{"not_picked":["artistmod:ColorCopy","artistmod:SuperbSchooling"],"picked":"artistmod:DeepDream","floor":6.0},{"not_picked":["artistmod:ColoredCollision","artistmod:CanvasCatapult","artistmod:ChromaCrash"],"picked":"SKIP","floor":8.0},{"not_picked":["artistmod:ColorCopy","artistmod:AquaAnnoyance"],"picked":"artistmod:BlueBurst","floor":10.0},{"not_picked":["artistmod:ColorfulClobber","artistmod:InsaneInspiration"],"picked":"artistmod:PrismaticPain","floor":11.0},{"not_picked":["artistmod:IndigoIncapitation","artistmod:ContrastingClash"],"picked":"artistmod:YellowYearning","floor":13.0},{"not_picked":["artistmod:PurplePain","artistmod:CursedClash"],"picked":"artistmod:DoubleDraw","floor":14.0},{"not_picked":["artistmod:MagentaMist","artistmod:AquaAnger"],"picked":"artistmod:ArtisticAgony","floor":16.0},{"not_picked":["Voices","ReplayTheSpireMod:Faulty Equipment"],"picked":"Sickly","floor":17.0},{"not_picked":["Looming Evil","ReplayTheSpireMod:IOU"],"picked":"ReplayTheSpireMod:Restless Dread","floor":17.0},{"not_picked":["AbeCurse","Looming Evil"],"picked":"Spreading Infection","floor":17.0},{"not_picked":["artistmod:ArdentAqua","artistmod:PurplePain+1","artistmod:PaintbrushPanic"],"picked":"SKIP","floor":18.0},{"not_picked":["artistmod:ColorfulClobber","artistmod:ClearChroma"],"picked":"artistmod:RaringRepaint","floor":21.0},{"not_picked":["artistmod:CanvasCatapult","artistmod:SimpleStudies+1"],"picked":"artistmod:PinkPurple","floor":22}],"player_experience":2991872,"relics_obtained":[{"floor":6.0,"key":"Replay:WaspNest"},{"floor":9.0,"key":"Art of War"},{"floor":10.0,"key":"Bag of Marbles"}],"event_choices":[{"cards_removed":["artistmod:StrokeStrike"],"damage_healed":0.0,"max_hp_gain":0.0,"max_hp_loss":0.0,"gold_gain":0.0,"event_name":"Wheel of Change","player_choice":"Card Removal","floor":5.0,"gold_loss":0.0,"damage_taken":0.0},{"damage_healed":0.0,"max_hp_gain":0.0,"max_hp_loss":0.0,"gold_gain":90.0,"event_name":"Knowing Skull","player_choice":"GOLD POTION POTION ","floor":19.0,"potions_obtained":["Fruit Juice","conspire:TimeTravelPotion"],"gold_loss":0.0,"damage_taken":25.0,"cards_obtained":[]},{"damage_healed":0.0,"max_hp_gain":0.0,"max_hp_loss":0.0,"gold_gain":0.0,"cards_transformed":["artistmod:DaringDefend"],"event_name":"Transmorgrifier","player_choice":"Transformed","floor":20.0,"gold_loss":0.0,"damage_taken":0.0,"cards_obtained":["artistmod:ArtisticAgony"]}],"is_beta":false,"boss_relics":[{"not_picked":["Pandora\u0027s Box","Busted Crown"],"picked":"Replay:Ancient Bell"},{"not_picked":["Lantern","MawBank"],"picked":"Tiny Chest"},{"not_picked":["The Courier","Golden Egg"],"picked":"Replay:Bottled Flurry"},{"not_picked":["TungstenRod","StoneCalendar"],"picked":"Durian"}],"items_purged_floors":[3],"is_endless":false,"potions_floor_spawned":[2,11,13,14,21],"killed_by":"conspire:SneckoGhost","ascension_level":0}}