{"host":"dboon444lh569hid","time":1607868538,"event":{"mods":["Act Like it!","BaseMod","CapriCore","Chen","Gensokyo","GungeonMod","Jedi Mod","KinomotoSakuraMod(木之本樱)","Koishi","KomeijiMod","Lobotomy","LobotomyExtend","Marked Mod","Minty Spire (QoL Compilation)","Pale of the Ancients","Prisma Mod","READ ME - Guardian Mod","Reimu（博丽灵梦）","RumiaBox-露米娅的神秘盒子","SOS（斯巴达之子）","StSLib","The Immortal","vexMod","【东方二次创作】八云紫mod"],"gold_per_floor":[138,151,165,125,37,37,56,72,143,158,177,177,177,193,193,297,297,308,323,323,323,342,342,358,358,358,358,375,375,392,408,408,408,408],"floor_reached":33,"playtime":3255,"items_purged":[],"score":270,"play_id":"fd0ef0cf-f27b-4a29-90ff-f422fc2dc020","local_time":"20201213220858","is_ascension_mode":false,"campfire_choices":[{"data":"Observe_purple_1","floor":6.0,"key":"SMITH"},{"floor":15.0,"key":"REST"},{"data":"Monsters_DoubleDeathButterfly_purple","floor":23.0,"key":"SMITH"},{"floor":25.0,"key":"REST"},{"data":"Observe_purple_2","floor":27.0,"key":"SMITH"},{"data":"LoveAcrossDimensions_purple","floor":32,"key":"SMITH"}],"circlet_count":0,"master_deck":["AT_purpleEX","AT_purpleEX","AT_purpleEX","AT_purpleEX","Defend_purpleEX","Defend_purpleEX","Defend_purpleEX","Defend_purpleEX","Observe_purple_1+1","Observe_purple_2+1","DimensionStaggered_purple","Mirror_WaveAndshot_purple","Worldmountain_purple","Nest_LightFlightworm_purple","MeetDecomposer_purple","RealityDreamConfluencek_purple","StateErode_purple","EighthInstrument_OneDividesIntoTwo_purple","SharpContractionReality_purple","Charmbait_purple","Monsters_DoubleDeathButterfly_purple+1","CurseOfTheBell","DimensionStaggered_purple","MeetDecomposer_purple+1","OmniscientAndOmnipotent_Monster_purple","AdvanceAttack_purple","WatchEyeChange_purple","DarkRealmRedLine_purple+1","LoveAcrossDimensions_purple+1"],"relics":["Boundary_crack","Memoryfragments_purpleEX","Regal Pillow","PaintedHorse:ReiMu","HornCleat","Calling Bell","Bag of Marbles","InkBottle","Unceasing Top","Gensokyo:RedStar","Gensokyo:ConquerorOfFear","CrazyTorch:ReiMu","vexMod:BigBerry"],"acts_visited":["Exordium","Gensokyo:Gensokyoer"],"potions_floor_usage":[],"damage_taken":[{"damage":4.0,"enemies":"Cultist","floor":1.0,"turns":5.0},{"damage":3.0,"enemies":"Jaw Worm","floor":2.0,"turns":5.0},{"damage":0.0,"enemies":"2 Louse","floor":3.0,"turns":5.0},{"damage":0.0,"enemies":"Exordium Wildlife","floor":7.0,"turns":5.0},{"damage":6.0,"enemies":"Large Slime","floor":8.0,"turns":5.0},{"damage":19.0,"enemies":"Gremlin Gang","floor":10.0,"turns":4.0},{"damage":0.0,"enemies":"Lots of Slimes","floor":11.0,"turns":5.0},{"damage":0.0,"enemies":"Large Slime","floor":14.0,"turns":5.0},{"damage":13.0,"enemies":"The Guardian","floor":16.0,"turns":8.0},{"damage":12.0,"enemies":"Gensokyo:AngelMirror","floor":18.0,"turns":2.0},{"damage":5.0,"enemies":"Gensokyo:3_Dogs","floor":19.0,"turns":3.0},{"damage":0.0,"enemies":"Gensokyo:Wraith","floor":22.0,"turns":4.0},{"damage":23.0,"enemies":"Gensokyo:Chomper_and_Gloop","floor":24.0,"turns":6.0},{"damage":15.0,"enemies":"Gensokyo:Mirror_and_Dog","floor":28.0,"turns":4.0},{"damage":1,"enemies":"Gensokyo:Wraith","floor":30,"turns":5},{"damage":5,"enemies":"Gensokyo:Monolith_and_Dog","floor":31,"turns":5},{"damage":53,"enemies":"Gensokyo:Eternal_Rivals","floor":33,"turns":3}],"seed_played":"6708641454145767674","potions_obtained":[{"floor":7.0,"key":"Fire Potion"},{"floor":8.0,"key":"Dexterity Potion"},{"floor":10.0,"key":"LiquidMemories"},{"floor":16.0,"key":"EssenceOfSteel"},{"floor":19.0,"key":"Energy Potion"},{"floor":31,"key":"Ancient Potion"}],"is_trial":false,"path_per_floor":["M","M","M","?","$","R","M","M","T","M","M","?","?","M","R","B",null,"M","M","?","?","M","R","M","R","T","R","M","?","M","M","R","B"],"character_chosen":"Youkari","items_purchased":["Nest_LightFlightworm_purple","MeetDecomposer_purple"],"campfire_rested":2,"item_purchase_floors":[5,5],"current_hp_per_floor":[68,70,70,70,70,70,70,67,67,48,49,34,34,35,70,58,70,59,54,54,54,56,56,35,70,70,70,57,83,83,82,82,0,0],"gold":408,"neow_bonus":"RANDOM_COMMON_RELIC","is_daily":false,"chose_seed":false,"campfire_upgraded":4,"win_rate":0.0,"timestamp":1607868538,"path_taken":["M","M","?","?","$","R","M","M","T","M","M","?","?","?","R","BOSS","M","M","?","?","M","R","M","R","T","R","M","?","M","?","R","BOSS"],"items_purchased_type":["Card","Card"],"build_version":"2020-11-30","purchased_purges":0,"victory":false,"max_hp_per_floor":[70,70,70,70,70,70,70,70,70,70,70,70,70,70,70,70,70,70,70,70,70,70,70,70,70,70,70,70,83,83,83,83,42,42],"card_choices":[{"not_picked":["Boundary_of_Extermination_purpleEX","StateDuplicate_purple"],"picked":"DimensionStaggered_purple","floor":1.0},{"not_picked":["Line_surface_state_purple","ExistenceContinue_purple"],"picked":"Mirror_WaveAndshot_purple","floor":2.0},{"not_picked":["RuleDissolution_purple","StateDuplicate_purple"],"picked":"Worldmountain_purple","floor":3.0},{"not_picked":["Shallow_ocean_purpleEX","Worldmountain_purple"],"picked":"RealityDreamConfluencek_purple","floor":7.0},{"not_picked":["Charmbait_purple","Mirror_FormAndEmptin_purple"],"picked":"StateErode_purple","floor":8.0},{"not_picked":["Charmbait_purple","Boundary_of_Extermination_purpleEX"],"picked":"EighthInstrument_OneDividesIntoTwo_purple","floor":10.0},{"not_picked":["MeetDecomposer_purple","RealityDreamConfluencek_purple"],"picked":"SharpContractionReality_purple","floor":11.0},{"not_picked":["StateDuplicate_purple","Shallow_ocean_purpleEX"],"picked":"Charmbait_purple","floor":14.0},{"not_picked":["ContainerChange_purple","Fancifulhole_purple"],"picked":"Monsters_DoubleDeathButterfly_purple","floor":16.0},{"not_picked":["Realm_recovery_purpleEX+1","D_absorption_purple"],"picked":"DimensionStaggered_purple","floor":18.0},{"not_picked":["ExistenceContinue_purple","Mirror_FormAndEmptin_purple"],"picked":"MeetDecomposer_purple+1","floor":19.0},{"not_picked":["Fantasy_PerpetualMotionMachine_purple+1","RuptureOfTimeAndSpace_purple+1"],"picked":"OmniscientAndOmnipotent_Monster_purple","floor":22.0},{"not_picked":["StretchesForeverDream_purple","Extrememeaning_purpleEX+1"],"picked":"AdvanceAttack_purple","floor":24.0},{"not_picked":["MetroBOOM_purple","Worldmountain_purple+1"],"picked":"WatchEyeChange_purple","floor":28.0},{"not_picked":["ExistenceContinue_purple","StateDuplicate_purple"],"picked":"DarkRealmRedLine_purple+1","floor":30},{"not_picked":["WeekHit_purple","Line_surface_state_purple"],"picked":"LoveAcrossDimensions_purple","floor":31}],"player_experience":170787,"relics_obtained":[{"floor":9.0,"key":"HornCleat"},{"floor":17.0,"key":"Bag of Marbles"},{"floor":17.0,"key":"InkBottle"},{"floor":17.0,"key":"Unceasing Top"},{"floor":22.0,"key":"Gensokyo:ConquerorOfFear"},{"floor":26.0,"key":"CrazyTorch:ReiMu"}],"event_choices":[{"damage_healed":0.0,"max_hp_gain":0.0,"max_hp_loss":0.0,"gold_gain":0.0,"event_name":"yidonshenshe","player_choice":"塞钱","floor":4.0,"gold_loss":40.0,"damage_taken":0.0,"relics_obtained":["PaintedHorse:ReiMu"]}],"is_beta":false,"boss_relics":[{"not_picked":["Sozu","vexMod:DeviousBotling"],"picked":"Calling Bell"}],"items_purged_floors":[],"is_endless":false,"potions_floor_spawned":[7,8,10,16,19,31],"killed_by":"Gensokyo:Eternal_Rivals","ascension_level":0}}