{"host":"cfnmff32z0ky6ioz","time":1607850869,"event":{"mods":["Act Like it!","BaseMod","Colored Powertips","Friendly Minions","Gensokyo","Highlight Path","KinomotoSakuraMod(¤ì¤§¥»?)","Minty Spire (QoL Compilation)","Pale of the Ancients","Quick Restart","Replay The Spire","StSLib","The Animator","The Hierophant","The IronCluck","The Jungle"],"gold_per_floor":[109,209,224,237,237,237,10,28,54,54,71,87,103,121,121,226,226,240,251,268,285,54,54,64,64,132,150,150,150,150,150,162,162,162,162],"floor_reached":34,"playtime":4591,"items_purged":["Pain"],"score":300,"play_id":"ad77a7f4-dfa6-4074-a9b0-b2de3d13eb62","local_time":"20201213171429","is_ascension_mode":false,"campfire_choices":[{"data":"Tantrum","floor":6,"key":"SMITH"},{"data":"Eruption","floor":10,"key":"SMITH"},{"data":"Consecrate","floor":15,"key":"SMITH"},{"floor":23,"key":"REST"},{"floor":34,"key":"REST"}],"circlet_count":0,"master_deck":["Strike_P+1","Strike_P+1","Strike_P","Strike_P+1","Defend_P","Defend_P","Defend_P","Defend_P","Eruption+1","Vigilance","Tantrum+1","FlurryOfBlows","Consecrate+1","Consecrate","Tantrum","Replay:AtTheReady","LessonLearned","FlyingSleeves","Replay:AllIn","Collect","Conclude","Meditate","CrushJoints","Dramatic Entrance","PathToVictory+1","animator:Curse_Nutcracker","Consecrate","Replay:AtTheReady"],"relics":["PureWater","NeowsBlessing","WarpedTongs","MealTicket","Orichalcum","Ring of Chaos","Toolbox","Bag of Preparation","Replay:Ringing Soul"],"acts_visited":["Exordium","TheCity"],"potions_floor_usage":[20,21,21,24],"damage_taken":[{"damage":0,"enemies":"Small Slimes","floor":1,"turns":1},{"damage":0,"enemies":"Cultist","floor":3,"turns":1},{"damage":0,"enemies":"2 Louse","floor":4,"turns":1},{"damage":0,"enemies":"Looter","floor":8,"turns":2},{"damage":13,"enemies":"2 Fungi Beasts","floor":11,"turns":2},{"damage":0,"enemies":"Blue Slaver","floor":12,"turns":1},{"damage":0,"enemies":"Large Slime","floor":13,"turns":2},{"damage":2,"enemies":"Looter","floor":14,"turns":2},{"damage":0,"enemies":"Slime Boss","floor":16,"turns":4},{"damage":5,"enemies":"Chosen","floor":18,"turns":3},{"damage":0,"enemies":"Spheric Guardian","floor":19,"turns":2},{"damage":6,"enemies":"3 Cultists","floor":20,"turns":4},{"damage":55,"enemies":"Snake Plant","floor":21,"turns":6},{"damage":0,"enemies":"Snecko","floor":24,"turns":2},{"damage":19,"enemies":"Centurion and Healer","floor":27,"turns":3},{"damage":10,"enemies":"Cultist and Chosen","floor":32,"turns":4}],"seed_played":"5016089885176415168","potions_obtained":[{"floor":3,"key":"Elixir"},{"floor":4,"key":"Adrenaline Potion"},{"floor":8,"key":"Weak Potion"},{"floor":14,"key":"Explosive Potion"},{"floor":21,"key":"AttackPotion"},{"floor":24,"key":"Weak Potion"}],"is_trial":false,"path_per_floor":["M","?","M","M","?","R","$","M","T","R","M","M","M","M","R","B",null,"M","M","M","M","$","R","M","?","T","M","?","?","PTL","PTL","M","?","R"],"character_chosen":"WATCHER","items_purchased":["MealTicket","Toolbox","Dramatic Entrance"],"campfire_rested":2,"item_purchase_floors":[7,22,22],"current_hp_per_floor":[72,72,72,72,72,72,72,72,72,72,59,59,59,57,57,57,72,67,67,61,6,21,42,42,42,42,26,26,26,26,26,19,12,35,35],"gold":162,"neow_bonus":"THREE_ENEMY_KILL","is_daily":false,"chose_seed":false,"campfire_upgraded":3,"win_rate":0.0,"timestamp":1607850869,"path_taken":["M","?","M","?","?","R","?","?","T","R","M","M","M","M","R","BOSS","M","M","M","M","$","R","M","?","T","M","?","?","PTL","PTL","M","?","R"],"items_purchased_type":["Relic","Relic","Card"],"build_version":"2020-11-30","purchased_purges":1,"victory":false,"max_hp_per_floor":[72,72,72,72,72,72,72,72,72,72,72,72,72,72,72,72,72,72,72,72,72,72,72,72,72,72,75,75,75,75,75,78,78,78,78],"card_choices":[{"not_picked":["JustLucky","Replay:BluntJabs"],"picked":"Tantrum","floor":1},{"not_picked":["EmptyBody","Replay:Hum"],"picked":"FlurryOfBlows","floor":3},{"not_picked":["Pray","CutThroughFate"],"picked":"Consecrate","floor":4},{"not_picked":["SashWhip","Evaluate"],"picked":"Consecrate","floor":8},{"not_picked":["EmptyFist","BowlingBash"],"picked":"Tantrum","floor":11},{"not_picked":["SignatureMove","Consecrate"],"picked":"Replay:AtTheReady","floor":12},{"not_picked":["PathToVictory","Replay:AtTheReady"],"picked":"LessonLearned","floor":13},{"not_picked":["PathToVictory","Fasting2"],"picked":"FlyingSleeves","floor":14},{"not_picked":["DevaForm","Omniscience"],"picked":"Replay:AllIn","floor":16},{"not_picked":["Protect","BowlingBash+1"],"picked":"Collect","floor":18},{"not_picked":["BowlingBash+1","Protect"],"picked":"Conclude","floor":19},{"not_picked":["ThirdEye","Pray+1"],"picked":"Meditate","floor":20},{"not_picked":["EmptyBody","JustLucky"],"picked":"CrushJoints","floor":21},{"not_picked":["CrushJoints","SashWhip"],"picked":"PathToVictory+1","floor":24},{"not_picked":["WheelKick","LessonLearned"],"picked":"Consecrate","floor":27},{"not_picked":["ThirdEye+1","Protect"],"picked":"Replay:AtTheReady","floor":32}],"player_experience":331068,"relics_obtained":[{"floor":9,"key":"Orichalcum"},{"floor":26,"key":"Replay:Ringing Soul"}],"event_choices":[{"damage_healed":0,"gold_gain":100,"player_choice":"Pray","damage_taken":0,"max_hp_gain":0,"max_hp_loss":0,"event_name":"Golden Shrine","floor":2,"gold_loss":0},{"damage_healed":0,"gold_gain":0,"player_choice":"Rummage","damage_taken":0,"relics_obtained":["WarpedTongs"],"max_hp_gain":0,"max_hp_loss":0,"event_name":"Accursed Blacksmith","floor":5,"gold_loss":0,"cards_obtained":["Pain"]},{"damage_healed":0,"gold_gain":0,"player_choice":"Ignored","damage_taken":0,"max_hp_gain":0,"max_hp_loss":0,"event_name":"Ghosts","floor":29,"gold_loss":0},{"damage_healed":0,"gold_gain":0,"player_choice":"Damaged","damage_taken":7,"max_hp_gain":0,"max_hp_loss":0,"event_name":"Wheel of Change","floor":33,"gold_loss":0}],"is_beta":false,"boss_relics":[{"not_picked":["Replay:Wanted Poster","Runic Pyramid"],"picked":"Ring of Chaos"}],"items_purged_floors":[7],"is_endless":false,"potions_floor_spawned":[3,4,8,14,21,24],"ascension_level":0}}