{"host":"y76clbnovzmw9ubx","time":1607895549,"event":{"mods":["AchievementEnabler","BaseMod","Minty Spire (QoL Compilation)","Permanent Neow","Relic Stats"],"gold_per_floor":[118,138,153,164,176,176,176],"floor_reached":6,"playtime":479,"items_purged":[],"score":80,"play_id":"81c2cc40-402e-4ae6-b481-d59a2b6b8e45","local_time":"20201213163909","is_ascension_mode":true,"campfire_choices":[],"circlet_count":0,"master_deck":["AscendersBane","Strike_G","Strike_G","Strike_G","Strike_G","Strike_G","Defend_G","Defend_G","Defend_G","Defend_G","Defend_G","Survivor","Neutralize","Backstab","Footwork","Quick Slash","Masterful Stab"],"relics":["Ring of the Snake","Lantern"],"acts_visited":["Exordium"],"potions_floor_usage":[6],"damage_taken":[{"damage":0,"enemies":"Cultist","floor":1,"turns":4},{"damage":0,"enemies":"Small Slimes","floor":2,"turns":5},{"damage":0,"enemies":"2 Louse","floor":3,"turns":2},{"damage":6,"enemies":"2 Fungi Beasts","floor":4,"turns":4},{"damage":2,"enemies":"Large Slime","floor":5,"turns":7},{"damage":51,"enemies":"Lagavulin","floor":6,"turns":8}],"seed_played":"8465315864801813796","potions_obtained":[{"floor":1,"key":"Energy Potion"}],"is_trial":false,"path_per_floor":["M","M","M","M","M","E"],"character_chosen":"THE_SILENT","items_purchased":[],"campfire_rested":0,"item_purchase_floors":[],"current_hp_per_floor":[59,59,59,53,51,0,0],"gold":176,"neow_bonus":"RANDOM_COMMON_RELIC","is_daily":false,"chose_seed":false,"campfire_upgraded":0,"win_rate":0.0,"timestamp":1607895549,"path_taken":["M","M","M","M","?","E"],"items_purchased_type":[],"build_version":"2020-11-30","purchased_purges":0,"victory":false,"max_hp_per_floor":[66,66,66,66,66,66,66],"relic_stats":{"counters":[6,30],"obtain_stats":[{"Lantern":0,"Ring of the Snake":0},{"Lantern":0,"Ring of the Snake":0},{"Lantern":0,"Ring of the Snake":0}],"Ring of the Snake":[12]},"card_choices":[{"not_picked":["Dodge and Roll","Prepared"],"picked":"Backstab","floor":1},{"not_picked":["Terror","Prepared","Blade Dance"],"picked":"SKIP","floor":2},{"not_picked":["Riddle With Holes","Calculated Gamble"],"picked":"Footwork","floor":3},{"not_picked":["Cloak And Dagger","Choke"],"picked":"Quick Slash","floor":4},{"not_picked":["Well Laid Plans","Poisoned Stab"],"picked":"Masterful Stab","floor":5}],"player_experience":2850765,"relics_obtained":[],"event_choices":[],"is_beta":false,"boss_relics":[],"items_purged_floors":[],"is_endless":false,"potions_floor_spawned":[1],"killed_by":"Lagavulin","ascension_level":20}}