{"host":"ow9msrs9p2ctkx99","time":1607831964,"event":{"mods":["AchievementEnabler","BaseMod","Colored Map","Colored Powertips","Minty Spire (QoL Compilation)","Permanent Neow","Quick Restart","SuperFastMode"],"gold_per_floor":[117,117,192,210,210,210,240,240,263,263,263,291,310,337,337,337,337],"floor_reached":16,"playtime":257,"items_purged":[],"score":174,"play_id":"b4f72bc2-6d3b-45b3-bda6-57cb1396ee18","local_time":"20201213045924","is_ascension_mode":true,"campfire_choices":[{"data":"Dualcast","floor":6,"key":"SMITH"},{"floor":8,"key":"REST"},{"data":"Zap","floor":10,"key":"SMITH"},{"floor":15,"key":"REST"}],"circlet_count":0,"master_deck":["AscendersBane","Strike_B","Strike_B","Strike_B","Strike_B","Defend_B","Defend_B","Defend_B","Defend_B","Zap+1","Dualcast+1","Gash+1","Rebound+1","Auto Shields","Reprogram","Hologram"],"relics":["Cracked Core","Dead Branch","The Courier","MealTicket","Pocketwatch","InkBottle"],"acts_visited":["Exordium"],"potions_floor_usage":[16,16],"damage_taken":[{"damage":0,"enemies":"Small Slimes","floor":1,"turns":3},{"damage":1,"enemies":"Cultist","floor":4,"turns":3},{"damage":20,"enemies":"3 Sentries","floor":7,"turns":7},{"damage":13,"enemies":"Gremlin Nob","floor":12,"turns":3},{"damage":0,"enemies":"2 Louse","floor":13,"turns":2},{"damage":22,"enemies":"Lagavulin","floor":14,"turns":6},{"damage":32,"enemies":"The Guardian","floor":16,"turns":9}],"seed_played":"-7026502185999710575","potions_obtained":[{"floor":1,"key":"PotionOfCapacity"},{"floor":4,"key":"FearPotion"},{"floor":13,"key":"SkillPotion"}],"is_trial":false,"path_per_floor":["M","$","?","M","?","R","E","R","T","R","T","E","M","E","R","B"],"character_chosen":"DEFECT","items_purchased":[],"campfire_rested":2,"item_purchase_floors":[],"current_hp_per_floor":[68,68,62,61,47,47,27,47,47,47,47,34,34,12,32,0,0],"gold":337,"neow_bonus":"ONE_RARE_RELIC","is_daily":false,"chose_seed":false,"campfire_upgraded":2,"win_rate":0.0,"timestamp":1607831964,"path_taken":["M","$","?","?","?","R","E","R","T","R","?","E","M","E","R","BOSS"],"items_purchased_type":[],"build_version":"2020-11-30","purchased_purges":0,"victory":false,"max_hp_per_floor":[68,68,68,68,68,68,68,68,68,68,68,68,68,68,68,68,68],"card_choices":[{"not_picked":["Reinforced Body","Double Energy"],"picked":"Gash","floor":1},{"not_picked":["Fusion","Streamline"],"picked":"Rebound","floor":4},{"not_picked":["Rebound","Streamline","Scrape"],"picked":"SKIP","floor":7},{"not_picked":["Storm","Steam"],"picked":"Auto Shields","floor":12},{"not_picked":["Reinforced Body","Beam Cell"],"picked":"Reprogram","floor":13},{"not_picked":["Coolheaded","Leap"],"picked":"Hologram","floor":14}],"player_experience":985732,"relics_obtained":[{"floor":7,"key":"The Courier"},{"floor":9,"key":"MealTicket"},{"floor":12,"key":"Pocketwatch"},{"floor":14,"key":"InkBottle"}],"event_choices":[{"damage_healed":0,"gold_gain":75,"player_choice":"Touch","damage_taken":6,"max_hp_gain":0,"max_hp_loss":0,"event_name":"FaceTrader","floor":3,"gold_loss":0},{"damage_healed":0,"gold_gain":0,"player_choice":"Entered Light","damage_taken":14,"max_hp_gain":0,"max_hp_loss":0,"event_name":"Shining Light","floor":5,"gold_loss":0,"cards_upgraded":["Rebound","Gash"]}],"is_beta":false,"boss_relics":[],"items_purged_floors":[],"is_endless":false,"potions_floor_spawned":[1,4,13],"killed_by":"The Guardian","ascension_level":10}}