{"host":"63rwe7p34ct1i0qu","time":1607866082,"event":{"mods":["BaseMod","DeckTracker","Minty Spire (QoL Compilation)","Permanent Neow","Quick Restart","StSLib"],"gold_per_floor":[118,129,79,154,167,202,202,221,221,236,236,246,259,278,278,381,381,392,392,307,267,280,280,292,292,292,312,327,327,89,100,100,197,197,217,217,236,1235,900,931,931,931,931],"floor_reached":42,"playtime":1523,"items_purged":["Strike_R+1","Normality"],"score":507,"play_id":"2f36932f-fba2-4eeb-a84f-cbbd968ccf4c","local_time":"20201213222802","is_ascension_mode":false,"campfire_choices":[{"data":"Bash","floor":7,"key":"SMITH"},{"floor":11,"key":"REST"},{"data":"Double Tap","floor":15,"key":"SMITH"},{"data":"Impervious","floor":23,"key":"SMITH"},{"data":"Entrench","floor":29,"key":"SMITH"},{"data":"Demon Form","floor":32,"key":"SMITH"},{"data":"Body Slam","floor":41,"key":"SMITH"}],"circlet_count":0,"master_deck":["Strike_R+1","Strike_R+1","Strike_R+1","Defend_R+1","Defend_R+1","Defend_R+1","Defend_R+1","Bash+1","Double Tap+1","Anger","Blood for Blood+1","Pommel Strike","Headbutt","Seeing Red","Ghostly Armor","Impervious+1","Seeing Red+1","Entrench+1","Body Slam+1","Bloodletting","True Grit+1","Demon Form+1","Power Through+1","Barricade","True Grit+1","Normality","Feel No Pain","Sword Boomerang+1"],"relics":["Burning Blood","Incense Burner","Calipers","Coffee Dripper","Bird Faced Urn","Pear","SlaversCollar","OrangePellets","Meat on the Bone"],"acts_visited":["Exordium","TheCity","TheBeyond"],"potions_floor_usage":[16,28,33,33,40],"damage_taken":[{"damage":6,"enemies":"Jaw Worm","floor":1,"turns":4},{"damage":0,"enemies":"2 Louse","floor":2,"turns":4},{"damage":5,"enemies":"Small Slimes","floor":5,"turns":3},{"damage":37,"enemies":"Gremlin Nob","floor":6,"turns":5},{"damage":10,"enemies":"Looter","floor":8,"turns":3},{"damage":16,"enemies":"2 Fungi Beasts","floor":10,"turns":3},{"damage":18,"enemies":"Lots of Slimes","floor":12,"turns":4},{"damage":2,"enemies":"Large Slime","floor":13,"turns":5},{"damage":0,"enemies":"2 Fungi Beasts","floor":14,"turns":2},{"damage":27,"enemies":"Hexaghost","floor":16,"turns":9},{"damage":15,"enemies":"3 Byrds","floor":18,"turns":6},{"damage":0,"enemies":"Chosen","floor":22,"turns":3},{"damage":20,"enemies":"3 Cultists","floor":24,"turns":5},{"damage":0,"enemies":"Snake Plant","floor":27,"turns":3},{"damage":32,"enemies":"Centurion and Healer","floor":28,"turns":4},{"damage":1,"enemies":"3 Cultists","floor":31,"turns":5},{"damage":22,"enemies":"Champ","floor":33,"turns":9},{"damage":6,"enemies":"3 Shapes","floor":35,"turns":7},{"damage":13,"enemies":"3 Darklings","floor":37,"turns":12},{"damage":0,"enemies":"Giant Head","floor":40,"turns":8},{"damage":97,"enemies":"2 Orb Walkers","floor":42,"turns":10}],"seed_played":"-4681418139323886214","potions_obtained":[{"floor":2,"key":"Weak Potion"},{"floor":12,"key":"SteroidPotion"},{"floor":14,"key":"ElixirPotion"},{"floor":16,"key":"LiquidMemories"},{"floor":28,"key":"ElixirPotion"},{"floor":37,"key":"AttackPotion"}],"is_trial":false,"path_per_floor":["M","M","?","?","M","E","R","M","T","M","R","M","M","M","R","B",null,"M","?","?","?","M","R","M","?","T","M","M","R","$","M","R","B",null,"M","?","M","?","$","E","R","?"],"character_chosen":"IRONCLAD","items_purchased":["Demon Form","Feel No Pain","OrangePellets"],"campfire_rested":1,"item_purchase_floors":[30,39,39],"current_hp_per_floor":[80,80,80,69,70,39,39,35,35,25,49,37,41,47,47,26,80,71,71,71,71,77,77,63,63,73,79,53,53,53,58,58,44,90,90,90,85,85,85,90,90,0,0],"gold":931,"neow_bonus":"ONE_RANDOM_RARE_CARD","is_daily":false,"chose_seed":false,"campfire_upgraded":6,"win_rate":0.0,"timestamp":1607866082,"path_taken":["M","M","?","?","M","E","R","M","T","M","R","M","M","M","R","BOSS","M","?","?","?","?","R","M","?","T","M","M","R","$","M","R","BOSS","M","?","M","?","$","E","R","?"],"items_purchased_type":["Card","Card","Relic"],"build_version":"2020-11-30","purchased_purges":2,"victory":false,"max_hp_per_floor":[80,80,80,80,80,80,80,80,80,80,80,80,80,80,80,80,80,80,80,80,80,80,80,80,80,90,90,90,90,90,90,90,90,90,90,90,90,90,90,90,90,90,90],"card_choices":[{"not_picked":["Intimidate","Flex"],"picked":"Anger","floor":1},{"not_picked":["Iron Wave","Shockwave"],"picked":"Blood for Blood","floor":2},{"not_picked":["Dropkick","Perfected Strike"],"picked":"Pommel Strike","floor":5},{"not_picked":["Blood for Blood","Limit Break"],"picked":"Headbutt","floor":6},{"not_picked":["Reckless Charge","Pummel"],"picked":"Seeing Red","floor":8},{"not_picked":["Intimidate","Twin Strike","Dual Wield"],"picked":"SKIP","floor":10},{"not_picked":["Clothesline","Searing Blow","Pommel Strike"],"picked":"SKIP","floor":12},{"not_picked":["Wild Strike","Pommel Strike","True Grit"],"picked":"SKIP","floor":13},{"not_picked":["Body Slam","Cleave"],"picked":"Ghostly Armor","floor":14},{"not_picked":["Berserk","Limit Break"],"picked":"Impervious","floor":16},{"not_picked":["Pommel Strike","Bloodletting"],"picked":"Seeing Red+1","floor":18},{"not_picked":["Disarm","Warcry+1","Burning Pact"],"picked":"SKIP","floor":22},{"not_picked":["Headbutt","Bloodletting"],"picked":"Entrench","floor":24},{"not_picked":["Twin Strike","Headbutt"],"picked":"Bloodletting","floor":27},{"not_picked":["Twin Strike","Armaments"],"picked":"True Grit+1","floor":28},{"not_picked":["Spot Weakness","Inflame"],"picked":"Power Through+1","floor":31},{"not_picked":["Brutality","Demon Form"],"picked":"Barricade","floor":33},{"not_picked":["Anger+1","Clash","Headbutt+1"],"picked":"SKIP","floor":35},{"not_picked":["Whirlwind+1","Clash"],"picked":"True Grit+1","floor":37},{"not_picked":["Combust","Seeing Red"],"picked":"Sword Boomerang+1","floor":40}],"player_experience":1285545,"relics_obtained":[{"floor":6,"key":"Incense Burner"},{"floor":9,"key":"Calipers"},{"floor":26,"key":"Pear"},{"floor":40,"key":"Meat on the Bone"}],"event_choices":[{"cards_removed":["Strike_R"],"damage_healed":0,"gold_gain":0,"player_choice":"Card Removal","damage_taken":0,"max_hp_gain":0,"max_hp_loss":0,"event_name":"The Cleric","floor":3,"gold_loss":50},{"damage_healed":0,"gold_gain":75,"player_choice":"Gather Gold","damage_taken":11,"max_hp_gain":0,"max_hp_loss":0,"event_name":"World of Goop","floor":4,"gold_loss":0},{"damage_healed":0,"gold_gain":0,"player_choice":"Simplicity","damage_taken":0,"max_hp_gain":0,"max_hp_loss":0,"event_name":"Back to Basics","floor":19,"gold_loss":0,"cards_upgraded":["Strike_R","Strike_R","Strike_R","Strike_R","Defend_R","Defend_R","Defend_R","Defend_R"]},{"damage_healed":0,"gold_gain":0,"player_choice":"Obtained Relic","damage_taken":0,"relics_obtained":["Bird Faced Urn"],"max_hp_gain":0,"max_hp_loss":0,"event_name":"Addict","floor":20,"gold_loss":85},{"damage_healed":0,"gold_gain":0,"player_choice":"Upgrade","damage_taken":0,"max_hp_gain":0,"max_hp_loss":0,"event_name":"Designer","floor":21,"gold_loss":40,"cards_upgraded":["Blood for Blood"]},{"damage_healed":0,"gold_gain":0,"player_choice":"Read","damage_taken":0,"max_hp_gain":0,"max_hp_loss":0,"event_name":"The Library","floor":25,"gold_loss":0,"cards_obtained":["Body Slam"]},{"damage_healed":0,"gold_gain":0,"player_choice":"Ignored","damage_taken":0,"max_hp_gain":0,"max_hp_loss":0,"event_name":"Tomb of Lord Red Mask","floor":36,"gold_loss":0},{"damage_healed":0,"gold_gain":999,"player_choice":"Gold","damage_taken":0,"max_hp_gain":0,"max_hp_loss":0,"event_name":"MindBloom","floor":38,"gold_loss":0,"cards_obtained":["Normality","Normality"]},{"damage_healed":0,"gold_gain":0,"player_choice":"Fight","damage_taken":0,"max_hp_gain":0,"max_hp_loss":0,"event_name":"Mysterious Sphere","floor":42,"gold_loss":0}],"is_beta":false,"boss_relics":[{"not_picked":["Pandora\u0027s Box","Philosopher\u0027s Stone"],"picked":"Coffee Dripper"},{"not_picked":["Black Star","Runic Cube"],"picked":"SlaversCollar"}],"items_purged_floors":[30,39],"is_endless":false,"potions_floor_spawned":[2,12,14,16,24,28,37],"killed_by":"2 Orb Walkers","ascension_level":0}}