{"host":"udzsrhbqdxqtlypj","time":1607897878,"event":{"mods":["BaseMod","Minty Spire (QoL Compilation)","Relic Stats"],"gold_per_floor":[114,39,39,50,65,65,99,99,148,161,161,200,219,237,237,350,350,371,398,443,466,466,466,500,500,548,548,100,144,144,172,172,172,172],"floor_reached":33,"playtime":1795,"items_purged":["Strike_B"],"score":567,"play_id":"c51dd0d0-568d-40d1-af18-acb3d4591a8e","local_time":"20201213161758","is_ascension_mode":true,"campfire_choices":[{"data":"Sunder","floor":6,"key":"SMITH"},{"data":"Reinforced Body","floor":11,"key":"SMITH"},{"data":"Hologram","floor":15,"key":"SMITH"},{"data":"FTL","floor":23,"key":"SMITH"},{"data":"Biased Cognition","floor":25,"key":"SMITH"},{"data":"Electrodynamics","floor":27,"key":"SMITH"},{"data":"Ghostly","floor":32,"key":"SMITH"}],"circlet_count":0,"master_deck":["AscendersBane","Strike_B","Strike_B","Strike_B","Defend_B","Defend_B","Defend_B","Defend_B","Zap","Dualcast","FTL+1","Doom and Gloom","Ball Lightning","Sunder+1","Reinforced Body+1","Hologram+1","BootSequence","Electrodynamics+1","Lockon","Ghostly+1","Ghostly","Ghostly","Ghostly","Ghostly","Conserve Battery+1","Biased Cognition+1","Hologram"],"relics":["Cracked Core","Blood Vial","Akabeko","Art of War","Smiling Mask","CeramicFish","SlaversCollar","Red Mask","MealTicket","Juzu Bracelet","ClockworkSouvenir","Bottled Flame","CaptainsWheel","Regal Pillow"],"acts_visited":["Exordium","TheCity"],"potions_floor_usage":[10,12,16,16],"damage_taken":[{"damage":0,"enemies":"2 Louse","floor":1,"turns":3},{"damage":1,"enemies":"Cultist","floor":4,"turns":3},{"damage":7,"enemies":"Small Slimes","floor":5,"turns":2},{"damage":15,"enemies":"3 Sentries","floor":7,"turns":4},{"damage":8,"enemies":"Blue Slaver","floor":10,"turns":2},{"damage":0,"enemies":"Gremlin Nob","floor":12,"turns":2},{"damage":0,"enemies":"Gremlin Gang","floor":13,"turns":1},{"damage":1,"enemies":"Looter","floor":14,"turns":2},{"damage":23,"enemies":"The Guardian","floor":16,"turns":11},{"damage":12,"enemies":"Chosen","floor":18,"turns":4},{"damage":6,"enemies":"Masked Bandits","floor":19,"turns":3},{"damage":13,"enemies":"Shell Parasite","floor":21,"turns":6},{"damage":6,"enemies":"Slavers","floor":24,"turns":4},{"damage":0,"enemies":"Gremlin Leader","floor":29,"turns":6},{"damage":7,"enemies":"Slavers","floor":31,"turns":5},{"damage":47,"enemies":"Automaton","floor":33,"turns":6}],"seed_played":"-8083742234871589864","potions_obtained":[{"floor":5,"key":"Block Potion"},{"floor":8,"key":"FearPotion"},{"floor":8,"key":"Energy Potion"},{"floor":10,"key":"EssenceOfSteel"},{"floor":12,"key":"FocusPotion"},{"floor":14,"key":"AttackPotion"},{"floor":19,"key":"Strength Potion"},{"floor":31,"key":"FocusPotion"}],"is_trial":false,"path_per_floor":["M","$","?","M","M","R","E","?","T","M","R","E","M","M","R","B",null,"M","?","?","M","?","R","E","R","T","R","$","E","?","E","R","B"],"character_chosen":"DEFECT","items_purchased":["Doom and Gloom","ClockworkSouvenir","Bottled Flame"],"campfire_rested":0,"item_purchase_floors":[2,28,28],"current_hp_per_floor":[70,70,63,64,59,59,46,46,46,40,40,42,44,45,45,24,62,52,48,37,24,20,20,16,16,16,16,31,33,33,28,28,0,0],"gold":172,"neow_bonus":"RANDOM_COMMON_RELIC","is_daily":false,"chose_seed":false,"campfire_upgraded":7,"win_rate":0.0,"timestamp":1607897878,"path_taken":["M","$","?","M","M","R","E","?","T","?","R","E","M","M","R","BOSS","M","?","?","M","?","R","E","R","T","R","$","E","?","E","R","BOSS"],"items_purchased_type":["Card","Relic","Relic"],"build_version":"2020-11-30","purchased_purges":1,"victory":false,"max_hp_per_floor":[75,75,75,75,75,75,75,75,75,75,75,75,75,75,75,75,75,75,75,37,37,42,42,42,42,42,42,42,42,42,42,42,42,42],"relic_stats":{"Blood Vial":30,"Regal Pillow":0,"counters":[16,64],"CeramicFish":108,"MealTicket":15,"Art of War":[9],"Juzu Bracelet":1,"Smiling Mask":25,"obtain_stats":[{"Regal Pillow":31,"CeramicFish":12,"Juzu Bracelet":26,"Smiling Mask":9,"Akabeko":3,"ClockworkSouvenir":28,"Blood Vial":0,"SlaversCollar":17,"Bottled Flame":28,"CaptainsWheel":29,"MealTicket":24,"Art of War":7,"Red Mask":19,"Cracked Core":0},{"Regal Pillow":15,"CeramicFish":6,"Juzu Bracelet":13,"Smiling Mask":4,"Akabeko":1,"ClockworkSouvenir":13,"Blood Vial":0,"SlaversCollar":9,"Bottled Flame":13,"CaptainsWheel":14,"MealTicket":13,"Art of War":4,"Red Mask":11,"Cracked Core":0},{"Regal Pillow":58,"CeramicFish":16,"Juzu Bracelet":47,"Smiling Mask":12,"Akabeko":3,"ClockworkSouvenir":47,"Blood Vial":0,"SlaversCollar":30,"Bottled Flame":47,"CaptainsWheel":53,"MealTicket":47,"Art of War":12,"Red Mask":37,"Cracked Core":0}]},"card_choices":[{"not_picked":["Streamline","Rebound"],"picked":"FTL","floor":1},{"not_picked":["Streamline","Fusion"],"picked":"Ball Lightning","floor":4},{"not_picked":["Cold Snap","Double Energy"],"picked":"Sunder","floor":5},{"not_picked":["Streamline","Ball Lightning","Gash"],"picked":"SKIP","floor":7},{"not_picked":["Gash","Cold Snap"],"picked":"Reinforced Body","floor":10},{"not_picked":["Compile Driver","Auto Shields"],"picked":"Hologram","floor":12},{"not_picked":["Rip and Tear","Beam Cell"],"picked":"BootSequence","floor":13},{"not_picked":["BootSequence","Barrage","Rebound"],"picked":"SKIP","floor":14},{"not_picked":["Hyperbeam","All For One"],"picked":"Electrodynamics","floor":16},{"not_picked":["Rebound","Consume"],"picked":"Lockon","floor":18},{"not_picked":["FTL","Compile Driver"],"picked":"Conserve Battery+1","floor":21},{"not_picked":["Sweeping Beam+1","Rebound"],"picked":"Biased Cognition","floor":24},{"not_picked":["All For One","Beam Cell"],"picked":"Hologram","floor":29},{"not_picked":["Ball Lightning","Chaos","Rip and Tear"],"picked":"SKIP","floor":31}],"player_experience":2616207,"relics_obtained":[{"floor":7,"key":"Art of War"},{"floor":9,"key":"Smiling Mask"},{"floor":12,"key":"CeramicFish"},{"floor":19,"key":"Red Mask"},{"floor":24,"key":"MealTicket"},{"floor":26,"key":"Juzu Bracelet"},{"floor":29,"key":"CaptainsWheel"},{"floor":31,"key":"Regal Pillow"}],"event_choices":[{"damage_healed":0,"gold_gain":0,"player_choice":"Success","damage_taken":7,"relics_obtained":["Akabeko"],"max_hp_gain":0,"max_hp_loss":0,"event_name":"Scrap Ooze","floor":3,"gold_loss":0},{"damage_healed":0,"gold_gain":0,"player_choice":"Got Potions","damage_taken":0,"max_hp_gain":0,"max_hp_loss":0,"event_name":"Lab","floor":8,"gold_loss":0},{"damage_healed":0,"gold_gain":0,"player_choice":"Fought Bandits","damage_taken":0,"max_hp_gain":0,"max_hp_loss":0,"event_name":"Masked Bandits","floor":19,"gold_loss":0},{"damage_healed":0,"gold_gain":0,"player_choice":"Became a Ghost","damage_taken":0,"max_hp_gain":0,"max_hp_loss":38,"event_name":"Ghosts","floor":20,"gold_loss":0,"cards_obtained":["Ghostly","Ghostly","Ghostly","Ghostly","Ghostly"]},{"damage_healed":0,"gold_gain":0,"player_choice":"Shed Blood","damage_taken":9,"max_hp_gain":5,"max_hp_loss":0,"event_name":"Forgotten Altar","floor":22,"gold_loss":0},{"damage_healed":0,"gold_gain":0,"player_choice":"0 cards matched","damage_taken":0,"max_hp_gain":0,"max_hp_loss":0,"event_name":"Match and Keep!","floor":30,"gold_loss":0,"cards_obtained":[]}],"is_beta":false,"boss_relics":[{"not_picked":["Tiny House","Calling Bell"],"picked":"SlaversCollar"}],"items_purged_floors":[28],"is_endless":false,"potions_floor_spawned":[5,10,12,14,19,31],"killed_by":"Automaton","ascension_level":10}}