{"host":"7gewg82ormp6yt4e","time":1607842438,"event":{"mods":["BaseMod","Block Reminder","Colored Map","Colored Powertips","DeckTracker","Highlight Path","Minty Spire (QoL Compilation)","Relic Stats","StSLib"],"gold_per_floor":[111,111,111,6,6,37,37,37,107,133,145,155,155,167,167,242,242,254,304,316,316,316],"floor_reached":21,"playtime":695,"items_purged":[],"score":374,"play_id":"9563fa12-c71d-4b40-b8ef-d62537ad3aa8","local_time":"20201213155358","is_ascension_mode":true,"campfire_choices":[{"data":"A Thousand Cuts","floor":7,"key":"SMITH"},{"floor":15,"key":"REST"}],"circlet_count":0,"master_deck":["AscendersBane","Strike_G","Strike_G","Strike_G","Strike_G","Strike_G","Defend_G","Defend_G","Defend_G","Defend_G","Defend_G","Survivor","Neutralize","Panache","Blade Dance","Infinite Blades","Dagger Throw","A Thousand Cuts+1","Tactician","Cloak And Dagger","Bouncing Flask","Wraith Form v2","Well Laid Plans","Slice"],"relics":["Ring of the Snake","StrikeDummy","Tiny Chest","Pantograph","Smiling Mask","CaptainsWheel","Sozu","Omamori"],"acts_visited":["Exordium","TheCity"],"potions_floor_usage":[10,16,16],"damage_taken":[{"damage":3,"enemies":"2 Louse","floor":1,"turns":4},{"damage":20,"enemies":"Lagavulin","floor":6,"turns":7},{"damage":8,"enemies":"Gremlin Nob","floor":10,"turns":4},{"damage":10,"enemies":"Small Slimes","floor":11,"turns":3},{"damage":4,"enemies":"Jaw Worm","floor":12,"turns":4},{"damage":4,"enemies":"Red Slaver","floor":14,"turns":3},{"damage":14,"enemies":"Slime Boss","floor":16,"turns":5},{"damage":15,"enemies":"Chosen","floor":18,"turns":5},{"damage":14,"enemies":"2 Thieves","floor":20,"turns":3},{"damage":26,"enemies":"Shelled Parasite and Fungi","floor":21,"turns":2}],"seed_played":"-7936146312810483676","potions_obtained":[{"floor":6,"key":"Block Potion"},{"floor":11,"key":"Fire Potion"},{"floor":12,"key":"Swift Potion"}],"is_trial":false,"path_per_floor":["M","?","?","$","?","E","R","$","T","E","M","M","T","M","R","B",null,"M","T","M","M"],"character_chosen":"THE_SILENT","items_purchased":["Infinite Blades","Dagger Throw"],"campfire_rested":1,"item_purchase_floors":[4,4],"current_hp_per_floor":[56,56,49,49,49,29,29,29,29,21,11,7,7,3,21,32,53,38,38,24,0,0],"gold":316,"neow_bonus":"RANDOM_COLORLESS_2","is_daily":false,"chose_seed":false,"campfire_upgraded":1,"win_rate":0.0,"timestamp":1607842438,"path_taken":["M","?","?","$","?","E","R","?","T","E","?","M","?","M","R","BOSS","M","?","M","?"],"items_purchased_type":["Card","Card"],"build_version":"2020-11-30","purchased_purges":0,"victory":false,"max_hp_per_floor":[60,60,60,60,60,60,60,60,60,60,60,60,60,60,60,60,60,60,60,60,60,60],"relic_stats":{"Sozu":1,"counters":[10,40],"Pantograph":25,"Tiny Chest":1,"Smiling Mask":0,"obtain_stats":[{"Sozu":17,"CaptainsWheel":13,"Pantograph":9,"Tiny Chest":6,"Omamori":19,"StrikeDummy":2,"Smiling Mask":10,"Ring of the Snake":0},{"Sozu":7,"CaptainsWheel":5,"Pantograph":2,"Tiny Chest":2,"Omamori":8,"StrikeDummy":1,"Smiling Mask":3,"Ring of the Snake":0},{"Sozu":30,"CaptainsWheel":22,"Pantograph":11,"Tiny Chest":11,"Omamori":35,"StrikeDummy":4,"Smiling Mask":15,"Ring of the Snake":0}],"Ring of the Snake":[20]},"card_choices":[{"not_picked":["Thinking Ahead","Magnetism"],"picked":"Panache","floor":0},{"not_picked":["Skewer","Flying Knee"],"picked":"Blade Dance","floor":1},{"not_picked":["Poisoned Stab","Dagger Throw"],"picked":"A Thousand Cuts","floor":6},{"not_picked":["PiercingWail","Dagger Throw"],"picked":"Tactician","floor":10},{"not_picked":["Flechettes","Eviscerate","Dodge and Roll"],"picked":"SKIP","floor":11},{"not_picked":["Dagger Throw","Flying Knee"],"picked":"Cloak And Dagger","floor":12},{"not_picked":["Eviscerate","Quick Slash"],"picked":"Bouncing Flask","floor":14},{"not_picked":["Envenom","Die Die Die"],"picked":"Wraith Form v2","floor":16},{"not_picked":["Dagger Throw","Dash"],"picked":"Well Laid Plans","floor":18},{"not_picked":["Escape Plan","Blur"],"picked":"Slice","floor":20}],"player_experience":2338570,"relics_obtained":[{"floor":6,"key":"Tiny Chest"},{"floor":9,"key":"Pantograph"},{"floor":10,"key":"Smiling Mask"},{"floor":13,"key":"CaptainsWheel"},{"floor":19,"key":"Omamori"}],"event_choices":[{"damage_healed":0,"gold_gain":0,"player_choice":"Box","damage_taken":0,"relics_obtained":["StrikeDummy"],"max_hp_gain":0,"max_hp_loss":0,"event_name":"Big Fish","floor":2,"gold_loss":0,"cards_obtained":["Regret"]},{"cards_removed":["Regret"],"damage_healed":0,"gold_gain":0,"player_choice":"Card Removal","damage_taken":7,"max_hp_gain":0,"max_hp_loss":0,"event_name":"Golden Wing","floor":3,"gold_loss":0},{"damage_healed":0,"gold_gain":0,"player_choice":"Ignored","damage_taken":0,"max_hp_gain":0,"max_hp_loss":0,"event_name":"Liars Game","floor":5,"gold_loss":0}],"is_beta":false,"boss_relics":[{"not_picked":["Tiny House","Calling Bell"],"picked":"Sozu"}],"items_purged_floors":[],"is_endless":false,"potions_floor_spawned":[6,11,12,18],"killed_by":"Shelled Parasite and Fungi","ascension_level":20}}