{"host":"p7j7o00jacnw7qzt","time":1607896424,"event":{"mods":["BaseMod","Colored Map","Colored Powertips","DeckTracker","Highlight Path","Minty Spire (QoL Compilation)","Relic Stats"],"gold_per_floor":[111,111,36,54,54,92,92,105,131,150,190,190,190,115,115,208,271,290,27,27,27,27,27,27],"floor_reached":23,"playtime":751,"items_purged":["Strike_G","Strike_G"],"score":440,"play_id":"25b209a4-a4e4-47ca-95ce-347214a2511e","local_time":"20201213165344","is_ascension_mode":true,"campfire_choices":[{"data":"Skewer","floor":7.0,"key":"SMITH"},{"data":"Calculated Gamble","floor":13.0,"key":"SMITH"},{"data":"Acrobatics","floor":15.0,"key":"SMITH"}],"circlet_count":0,"master_deck":["AscendersBane","Strike_G+1","Defend_G","Defend_G","Defend_G","Defend_G","Defend_G","Survivor","Neutralize","Terror","Skewer+1","Acrobatics+1","Calculated Gamble+1","Adrenaline","Backflip","Ghostly","Ghostly","Ghostly"],"relics":["Ring of the Snake","NeowsBlessing","Golden Idol","Juzu Bracelet","Bronze Scales","Kunai","Vajra","Tiny House","Art of War"],"acts_visited":["Exordium","TheCity"],"potions_floor_usage":[23],"damage_taken":[{"damage":0.0,"enemies":"2 Louse","floor":1.0,"turns":1.0},{"damage":0.0,"enemies":"Small Slimes","floor":4.0,"turns":1.0},{"damage":0.0,"enemies":"Gremlin Nob","floor":6.0,"turns":1.0},{"damage":0.0,"enemies":"Cultist","floor":8.0,"turns":3.0},{"damage":0.0,"enemies":"Large Slime","floor":10.0,"turns":4.0},{"damage":12.0,"enemies":"Lagavulin","floor":11.0,"turns":7.0},{"damage":32.0,"enemies":"Slime Boss","floor":16.0,"turns":11.0},{"damage":22.0,"enemies":"Shell Parasite","floor":18.0,"turns":5.0},{"damage":26,"enemies":"Slavers","floor":23,"turns":7}],"seed_played":"-3473779269452224786","potions_obtained":[{"floor":8.0,"key":"BlessingOfTheForge"},{"floor":10.0,"key":"SteroidPotion"},{"floor":16.0,"key":"Ancient Potion"},{"floor":17.0,"key":"Explosive Potion"}],"is_trial":false,"path_per_floor":["M","?","?","M","?","E","R","M","T","M","E","T","R","$","R","B",null,"M","$","?","?","?","E"],"character_chosen":"THE_SILENT","items_purchased":["Art of War"],"campfire_rested":0,"item_purchase_floors":[19],"current_hp_per_floor":[59,59,59,59,59,59,59,59,59,59,47,47,47,47,47,15,54,32,32,23,23,23,0,0],"gold":27,"neow_bonus":"THREE_ENEMY_KILL","is_daily":false,"chose_seed":false,"campfire_upgraded":3,"win_rate":0.0,"timestamp":1607896424,"path_taken":["M","?","?","M","?","E","R","M","T","M","E","?","R","$","R","BOSS","M","$","?","?","?","E"],"items_purchased_type":["Relic"],"build_version":"2020-11-30","purchased_purges":2,"victory":false,"max_hp_per_floor":[66,66,66,66,60,60,60,60,60,60,60,60,60,60,60,60,65,65,65,65,32,32,32,32],"relic_stats":{"counters":[9,40],"Golden Idol":59,"Bronze Scales":[78],"Juzu Bracelet":1,"Art of War":[2],"Kunai":[0],"obtain_stats":[{"Tiny House":17,"NeowsBlessing":0,"Golden Idol":5,"Bronze Scales":9,"Vajra":12,"Juzu Bracelet":6,"Art of War":19,"Kunai":11,"Ring of the Snake":0},{"Tiny House":7,"NeowsBlessing":0,"Golden Idol":2,"Bronze Scales":4,"Vajra":6,"Juzu Bracelet":3,"Art of War":8,"Kunai":6,"Ring of the Snake":0},{"Tiny House":28,"NeowsBlessing":0,"Golden Idol":2,"Bronze Scales":6,"Vajra":17,"Juzu Bracelet":3,"Art of War":33,"Kunai":17,"Ring of the Snake":0}],"Ring of the Snake":[18]},"card_choices":[{"not_picked":["Outmaneuver","Dagger Throw","Flying Knee"],"picked":"SKIP","floor":1.0},{"not_picked":["Distraction","Bouncing Flask"],"picked":"Skewer","floor":4.0},{"not_picked":["Setup","Unload","PiercingWail"],"picked":"SKIP","floor":6.0},{"not_picked":["All Out Attack","Dagger Throw"],"picked":"Acrobatics","floor":8.0},{"not_picked":["Blur","Escape Plan"],"picked":"Calculated Gamble","floor":10.0},{"not_picked":["Flechettes","Flying Knee","Sucker Punch"],"picked":"SKIP","floor":11.0},{"not_picked":["Glass Knife","Tools of the Trade"],"picked":"Adrenaline","floor":16.0},{"not_picked":["Noxious Fumes","Terror+1"],"picked":"Backflip","floor":18.0}],"player_experience":837335,"relics_obtained":[{"floor":6.0,"key":"Juzu Bracelet"},{"floor":9.0,"key":"Bronze Scales"},{"floor":11.0,"key":"Kunai"},{"floor":12.0,"key":"Vajra"}],"event_choices":[{"damage_healed":0.0,"max_hp_gain":0.0,"max_hp_loss":0.0,"gold_gain":0.0,"cards_transformed":["Strike_G"],"event_name":"Living Wall","player_choice":"Change","floor":2.0,"gold_loss":0.0,"damage_taken":0.0,"cards_obtained":["Terror"]},{"cards_removed":["Strike_G"],"damage_healed":0.0,"max_hp_gain":0.0,"max_hp_loss":0.0,"gold_gain":0.0,"event_name":"The Cleric","player_choice":"Card Removal","floor":3.0,"gold_loss":75.0,"damage_taken":0.0},{"damage_healed":0.0,"max_hp_gain":0.0,"max_hp_loss":6.0,"gold_gain":0.0,"event_name":"Golden Idol","player_choice":"Lose Max HP","floor":5.0,"gold_loss":0.0,"damage_taken":0.0,"relics_obtained":["Golden Idol"]},{"damage_healed":0.0,"max_hp_gain":0.0,"max_hp_loss":0.0,"gold_gain":0.0,"event_name":"Wheel of Change","player_choice":"Damaged","floor":20.0,"gold_loss":0.0,"damage_taken":9.0},{"damage_healed":0.0,"max_hp_gain":0.0,"max_hp_loss":33.0,"gold_gain":0.0,"event_name":"Ghosts","player_choice":"Became a Ghost","floor":21.0,"gold_loss":0.0,"damage_taken":0.0,"cards_obtained":["Ghostly","Ghostly","Ghostly"]}],"is_beta":false,"boss_relics":[{"not_picked":["Ectoplasm","Busted Crown"],"picked":"Tiny House"}],"items_purged_floors":[14,19],"is_endless":false,"potions_floor_spawned":[8,10,16],"killed_by":"Slavers","ascension_level":20}}