{"host":"f3zi5bw4of71qj4o","time":1607878350,"event":{"mods":["BaseMod","DeckTracker","Highlight Path","Minty Spire (QoL Compilation)","Relic Stats","StSLib","SuperFastMode"],"gold_per_floor":[112,112,132,132,132,132,57,82,107,107,28,45,65,95,95,174,174,190,190,65,84,118,151,76,76,76,1,20,45,45,57,57,57,57],"floor_reached":33,"playtime":1299,"items_purged":["Strike_R","Writhe"],"score":632,"play_id":"30763378-c69b-4fc3-83ab-7e39a7a6674c","local_time":"20201213175230","is_ascension_mode":true,"campfire_choices":[{"data":"Searing Blow+1","floor":6,"key":"SMITH"},{"data":"Whirlwind","floor":10,"key":"SMITH"},{"data":"Searing Blow+2","floor":15,"key":"SMITH"},{"data":"Armaments","floor":25,"key":"SMITH"},{"data":"Bash","floor":30,"key":"SMITH"},{"data":"Shrug It Off","floor":32,"key":"SMITH"}],"circlet_count":0,"master_deck":["AscendersBane","Strike_R","Strike_R","Strike_R","Defend_R","Defend_R","Defend_R+1","Defend_R+1","Bash+1","Searing Blow+3","Whirlwind+1","Inflame","Fiend Fire","Shrug It Off+1","Demon Form","Armaments+1","Seeing Red","Entrench+1","Immolate","Seeing Red+1","Disarm+1","Brutality+1","Ghostly Armor+1"],"relics":["Burning Blood","War Paint","White Beast Statue","Nunchaku","Ancient Tea Set","Eternal Feather","Runic Dome","Art of War","Red Mask","Dream Catcher","Toxic Egg 2","Frozen Egg 2"],"acts_visited":["Exordium","TheCity"],"potions_floor_usage":[8,8,13,14,14,16,21,22,23,23,29,29,31,33],"damage_taken":[{"damage":22,"enemies":"Small Slimes","floor":1,"turns":5},{"damage":9,"enemies":"2 Louse","floor":3,"turns":3},{"damage":29,"enemies":"3 Sentries","floor":8,"turns":9},{"damage":0,"enemies":"Jaw Worm","floor":12,"turns":1},{"damage":5,"enemies":"Blue Slaver","floor":13,"turns":2},{"damage":0,"enemies":"Gremlin Nob","floor":14,"turns":3},{"damage":26,"enemies":"Slime Boss","floor":16,"turns":9},{"damage":23,"enemies":"Shell Parasite","floor":18,"turns":3},{"damage":0,"enemies":"Spheric Guardian","floor":21,"turns":1},{"damage":12,"enemies":"Masked Bandits","floor":22,"turns":3},{"damage":33,"enemies":"Slavers","floor":23,"turns":5},{"damage":23,"enemies":"Cultist and Chosen","floor":28,"turns":4},{"damage":5,"enemies":"Book of Stabbing","floor":29,"turns":5},{"damage":3,"enemies":"Centurion and Healer","floor":31,"turns":4},{"damage":44,"enemies":"Collector","floor":33,"turns":8}],"seed_played":"1787665360696223041","potions_obtained":[{"floor":1,"key":"GamblersBrew"},{"floor":3,"key":"Dexterity Potion"},{"floor":8,"key":"LiquidMemories"},{"floor":12,"key":"Block Potion"},{"floor":13,"key":"LiquidMemories"},{"floor":14,"key":"DistilledChaos"},{"floor":16,"key":"DuplicationPotion"},{"floor":18,"key":"Swift Potion"},{"floor":21,"key":"Swift Potion"},{"floor":22,"key":"PowerPotion"},{"floor":23,"key":"DuplicationPotion"},{"floor":28,"key":"LiquidMemories"},{"floor":29,"key":"DistilledChaos"},{"floor":31,"key":"Weak Potion"}],"is_trial":false,"path_per_floor":["M","?","M","?","T","R","$","E","T","R","$","M","M","E","R","B",null,"M","?","$","M","?","E","?","R","T","$","M","E","R","M","R","B"],"character_chosen":"IRONCLAD","items_purchased":["Inflame","Armaments","Seeing Red+1"],"campfire_rested":0,"item_purchase_floors":[11,20,27],"current_hp_per_floor":[59,48,45,45,45,45,45,22,22,22,22,28,29,35,44,24,68,51,51,51,57,51,24,24,33,33,33,16,17,29,32,44,0,0],"gold":57,"neow_bonus":"TEN_PERCENT_HP_BONUS","is_daily":false,"chose_seed":false,"campfire_upgraded":6,"win_rate":0.0,"timestamp":1607878350,"path_taken":["M","?","M","?","?","R","?","E","T","R","$","?","M","E","R","BOSS","M","?","$","M","?","E","?","R","T","?","M","E","R","M","R","BOSS"],"items_purchased_type":["Card","Card","Card"],"build_version":"2020-11-30","purchased_purges":2,"victory":false,"max_hp_per_floor":[82,82,82,82,82,82,82,82,82,82,82,82,82,82,82,82,82,82,82,82,82,82,82,82,82,82,82,82,82,82,82,82,82,82],"relic_stats":{"Nunchaku":[7],"Dream Catcher":0,"counters":[15,64],"Eternal Feather":42,"Art of War":[2],"War Paint":["Defend_R","Defend_R"],"obtain_stats":[{"Runic Dome":17,"Nunchaku":8,"Dream Catcher":23,"Eternal Feather":14,"Art of War":19,"Red Mask":22,"War Paint":2,"Toxic Egg 2":26,"Frozen Egg 2":29,"Ancient Tea Set":9,"Burning Blood":0,"White Beast Statue":5},{"Runic Dome":7,"Nunchaku":3,"Dream Catcher":11,"Eternal Feather":6,"Art of War":8,"Red Mask":10,"War Paint":1,"Toxic Egg 2":11,"Frozen Egg 2":13,"Ancient Tea Set":3,"Burning Blood":0,"White Beast Statue":2},{"Runic Dome":32,"Nunchaku":17,"Dream Catcher":44,"Eternal Feather":23,"Art of War":35,"Red Mask":39,"War Paint":5,"Toxic Egg 2":44,"Frozen Egg 2":53,"Ancient Tea Set":17,"Burning Blood":0,"White Beast Statue":8}],"Burning Blood":84},"card_choices":[{"not_picked":["Havoc","Cleave"],"picked":"Searing Blow","floor":1},{"not_picked":["Seeing Red","Dark Embrace"],"picked":"Whirlwind","floor":3},{"not_picked":["Evolve","Hemokinesis","Sentinel"],"picked":"SKIP","floor":8},{"not_picked":["Cleave","Perfected Strike","Sword Boomerang"],"picked":"SKIP","floor":12},{"not_picked":["Body Slam","Headbutt"],"picked":"Fiend Fire","floor":13},{"not_picked":["Sentinel","Hemokinesis"],"picked":"Shrug It Off","floor":14},{"not_picked":["Double Tap","Exhume"],"picked":"Demon Form","floor":16},{"not_picked":["Twin Strike","Pommel Strike","Sword Boomerang"],"picked":"SKIP","floor":18},{"not_picked":["Clothesline","Fire Breathing"],"picked":"Seeing Red","floor":21},{"not_picked":["Uppercut","Whirlwind"],"picked":"Entrench+1","floor":22},{"not_picked":["Anger","Heavy Blade"],"picked":"Immolate","floor":23},{"not_picked":["Rampage","Infernal Blade+1"],"picked":"Disarm+1","floor":28},{"not_picked":["Blood for Blood","Clash"],"picked":"Brutality+1","floor":29},{"not_picked":["Sword Boomerang","Headbutt"],"picked":"Ghostly Armor+1","floor":31}],"player_experience":2528486,"relics_obtained":[{"floor":5,"key":"White Beast Statue"},{"floor":8,"key":"Nunchaku"},{"floor":9,"key":"Ancient Tea Set"},{"floor":14,"key":"Eternal Feather"},{"floor":22,"key":"Red Mask"},{"floor":23,"key":"Dream Catcher"},{"floor":26,"key":"Toxic Egg 2"},{"floor":29,"key":"Frozen Egg 2"}],"event_choices":[{"damage_healed":0,"gold_gain":0,"player_choice":"Success","damage_taken":11,"relics_obtained":["War Paint"],"max_hp_gain":0,"max_hp_loss":0,"event_name":"Scrap Ooze","floor":2,"gold_loss":0},{"damage_healed":0,"gold_gain":0,"player_choice":"Grow","damage_taken":0,"max_hp_gain":0,"max_hp_loss":0,"event_name":"Living Wall","floor":4,"gold_loss":0,"cards_upgraded":["Searing Blow"]},{"damage_healed":0,"gold_gain":0,"player_choice":"Opened","damage_taken":0,"relics_obtained":["Art of War"],"max_hp_gain":0,"max_hp_loss":0,"event_name":"The Mausoleum","floor":19,"gold_loss":0,"cards_obtained":["Writhe"]},{"damage_healed":0,"gold_gain":0,"player_choice":"Fought Bandits","damage_taken":0,"max_hp_gain":0,"max_hp_loss":0,"event_name":"Masked Bandits","floor":22,"gold_loss":0},{"cards_removed":["Strike_R"],"damage_healed":0,"gold_gain":0,"player_choice":"Gave Gold","damage_taken":0,"max_hp_gain":0,"max_hp_loss":0,"event_name":"Beggar","floor":24,"gold_loss":75}],"is_beta":false,"boss_relics":[{"not_picked":["Pandora\u0027s Box","Empty Cage"],"picked":"Runic Dome"}],"items_purged_floors":[7,20],"is_endless":false,"potions_floor_spawned":[1,3,8,12,13,14,16,18,21,22,23,28,29,31],"killed_by":"Collector","ascension_level":20}}