{"host":"1mv6gj0zv8k9e9tz","time":1607872714,"event":{"mods":["AchievementEnabler","BaseMod","Better Third Choice","Colored Map","KOR Keyword Fix","Minty Spire (QoL Compilation)","Permanent Neow","Rare Cards Sparkle","StSLib"],"gold_per_floor":[119,132,132,132,148,148,148],"floor_reached":6,"playtime":179,"items_purged":[],"score":65,"play_id":"113ca28a-602e-45de-9aae-d9d9b0bba91f","local_time":"20201214001834","is_ascension_mode":true,"campfire_choices":[],"circlet_count":0,"master_deck":["AscendersBane","Strike_G","Strike_G","Strike_G","Strike_G","Strike_G","Defend_G","Defend_G","Defend_G","Defend_G","Defend_G+1","Survivor","Neutralize","Poisoned Stab","Acrobatics+1","Buffer","Catalyst"],"relics":["Black Star"],"acts_visited":["Exordium"],"potions_floor_usage":[],"damage_taken":[{"damage":5.0,"enemies":"Small Slimes","floor":1.0,"turns":6.0},{"damage":6.0,"enemies":"Jaw Worm","floor":2.0,"turns":4.0},{"damage":2.0,"enemies":"2 Louse","floor":5.0,"turns":4.0},{"damage":0,"enemies":"Gremlin Nob","floor":6,"turns":1}],"seed_played":"5033693718145546037","potions_obtained":[],"is_trial":false,"path_per_floor":["M","M","?","?","M","E"],"character_chosen":"THE_SILENT","items_purchased":[],"campfire_rested":0,"item_purchase_floors":[],"current_hp_per_floor":[54,48,28,10,8,8,8],"gold":148,"neow_bonus":"BOSS_RELIC","is_daily":false,"chose_seed":false,"campfire_upgraded":0,"win_rate":0.0,"timestamp":1607872714,"path_taken":["M","M","?","?","?","E"],"items_purchased_type":[],"build_version":"2020-11-30","purchased_purges":0,"victory":false,"max_hp_per_floor":[66,66,66,66,66,66,66],"card_choices":[{"not_picked":["Deflect","Flying Knee"],"picked":"Poisoned Stab","floor":1.0},{"not_picked":["Slice","Quick Slash"],"picked":"Acrobatics","floor":2.0},{"not_picked":["Setup","Cloak And Dagger"],"picked":"Catalyst","floor":5.0}],"player_experience":470151,"relics_obtained":[],"event_choices":[{"damage_healed":48.0,"max_hp_gain":0.0,"max_hp_loss":66.0,"gold_gain":0.0,"event_name":"betterThird:BetterShining","player_choice":"Upgrade","floor":3.0,"gold_loss":0.0,"damage_taken":20.0,"cards_upgraded":["Acrobatics","Defend_G"]},{"damage_healed":0.0,"max_hp_gain":0.0,"max_hp_loss":0.0,"gold_gain":0.0,"event_name":"betterThird:BetterScrap","player_choice":"Card ","floor":4.0,"gold_loss":0.0,"damage_taken":18.0,"cards_obtained":["Buffer"]}],"is_beta":false,"boss_relics":[],"items_purged_floors":[],"is_endless":false,"potions_floor_spawned":[],"killed_by":"Gremlin Nob","ascension_level":16}}