{"host":"mbjdlts9b6456t85","time":1607831470,"event":{"mods":["2.2 Compatiblity","AchievementEnabler","Aspiration","BaseMod","Better Altar","Better Match","Better Note","Better Sensory Stone","Better Skull","Better Third Choice","BetterRewards","CCEM","Clawfect","Conspire","Downfall","GifTheSpireLib","Googly Eyes","Halation","Highlight Path","Hubris","Minty Spire (QoL Compilation)","Permanent Neow","Replay The Spire","Shop Mod","Spicy Shops","StSLib","Stuff the Spire","Unceasing Turn Reminder","everything is the same but u backflip on backflip"],"gold_per_floor":[99,112,150,182,199,209,209,51,51,51,70,70,87,99,113,113,113],"floor_reached":16,"playtime":1586,"items_purged":[],"score":104,"play_id":"ca04ecea-73ff-4ca0-aad2-e58dd035af41","local_time":"20201212225110","is_ascension_mode":false,"campfire_choices":[{"floor":1.0,"key":"RECALL"},{"data":"hexamod:Float","floor":10.0,"key":"SMITH"}],"circlet_count":0,"master_deck":["Slimebound:FormOfPuddle+1","hexamod:Strike","hexamod:Strike","hexamod:Strike+1","hexamod:Strike","hexamod:Defend+1","hexamod:Defend+1","hexamod:Defend+1","hexamod:Sear+1","hexamod:Float+1","hexamod:SixthSeal","hexamod:FastForward+1","hexamod:ThermalTransfer","hexamod:HexaLevel","hexamod:InspiringFlames+1","hexamod:Firestarter","hexamod:SpectersWail","hexamod:EmpoweringStance+1","hexamod:StepThrough","hexamod:BurningTouch","hexamod:RecurringNightmare","hexamod:Firestarter"],"relics":["hexamod:SpiritBrand","aspiration:HummingbirdHeart","Replay:Bottled Steam"],"acts_visited":["Exordium"],"potions_floor_usage":[],"damage_taken":[{"damage":1.0,"enemies":"2 Louse","floor":2.0,"turns":5.0},{"damage":4.0,"enemies":"conspire:MimicChest","floor":3.0,"turns":6.0},{"damage":12.0,"enemies":"Lagavulin","floor":4.0,"turns":7.0},{"damage":11.0,"enemies":"Jaw Worm","floor":5.0,"turns":4.0},{"damage":0.0,"enemies":"Cultist","floor":6.0,"turns":4.0},{"damage":0.0,"enemies":"downfall:FleeingMerchant","floor":8.0,"turns":4.0},{"damage":0.0,"enemies":"Exordium Thugs","floor":11.0,"turns":6.0},{"damage":0.0,"enemies":"Large Slime","floor":13.0,"turns":6.0},{"damage":0.0,"enemies":"2 Fungi Beasts","floor":14.0,"turns":3.0},{"damage":0.0,"enemies":"Red Slaver","floor":15.0,"turns":3.0},{"damage":0,"enemies":"downfall:Silent","floor":16,"turns":1}],"seed_played":"6475604580174237188","potions_obtained":[{"floor":2.0,"key":"Elixir"},{"floor":6.0,"key":"Milkshake"},{"floor":9.0,"key":"ColorlessPotion"},{"floor":9.0,"key":"EntropicBrew"},{"floor":13.0,"key":"Languid Potion"},{"floor":15.0,"key":"Dexterity Potion"}],"is_trial":false,"path_per_floor":["R","M","?","E","M","M","T","$","?","R","M","?","M","M","M","B"],"character_chosen":"THE_SPIRIT","items_purchased":["hexamod:EmpoweringStance"],"campfire_rested":0,"item_purchase_floors":[8],"current_hp_per_floor":[70,69,65,53,42,42,42,42,42,42,42,42,42,42,42,42,42],"gold":113,"neow_bonus":"ONE_RANDOM_RARE_CARD","is_daily":false,"chose_seed":false,"campfire_upgraded":1,"win_rate":0.0,"timestamp":1607831470,"path_taken":["R","M","?","E","M","M","T","?","?","R","?","?","M","?","M","BOSS"],"items_purchased_type":["Card"],"build_version":"2020-11-30","purchased_purges":0,"victory":false,"max_hp_per_floor":[70,70,70,70,70,70,70,70,70,70,70,70,70,70,70,70,70],"card_choices":[{"not_picked":["hexamod:Haunt","hexamod:RainOfEmbers"],"picked":"hexamod:FastForward","floor":2.0},{"not_picked":["hexamod:Haunt","hexamod:NightmareStrike"],"picked":"hexamod:ThermalTransfer","floor":3.0},{"not_picked":["hexamod:NecessarySacrifice","hexamod:BacktrackSmack"],"picked":"hexamod:HexaLevel","floor":4.0},{"not_picked":["hexamod:ExtraCrispy","hexamod:AdvancingGuard"],"picked":"hexamod:InspiringFlames","floor":5.0},{"not_picked":["hexamod:Rewind","hexamod:ExtraCrispy"],"picked":"hexamod:Firestarter","floor":6.0},{"not_picked":["hexamod:FastForward","hexamod:Hexaguard"],"picked":"hexamod:SpectersWail","floor":8.0},{"not_picked":["hexamod:HexaLevel","hexamod:EmpoweredFlame"],"picked":"hexamod:StepThrough","floor":11.0},{"not_picked":["hexamod:NightmareStrike","hexamod:ThermalTransfer"],"picked":"hexamod:BurningTouch","floor":13.0},{"not_picked":["hexamod:NightmareStrike","hexamod:Hexaguard"],"picked":"hexamod:RecurringNightmare","floor":14.0},{"not_picked":["hexamod:BacktrackSmack","hexamod:NightmareStrike"],"picked":"hexamod:Firestarter","floor":15.0}],"player_experience":439511,"relics_obtained":[{"floor":3.0,"key":"aspiration:HummingbirdHeart"},{"floor":4.0,"key":"Replay:Bottled Steam"}],"event_choices":[{"damage_healed":0.0,"max_hp_gain":0.0,"max_hp_loss":0.0,"gold_gain":0.0,"event_name":"Lab","player_choice":"Got Potions","floor":9.0,"gold_loss":0.0,"damage_taken":0.0},{"cards_removed":["hexamod:Defend"],"damage_healed":0.0,"max_hp_gain":0.0,"max_hp_loss":0.0,"gold_gain":0.0,"event_name":"Bonfire Elementals","player_choice":"Offered Basic","floor":12.0,"gold_loss":0.0,"damage_taken":0.0}],"is_beta":false,"boss_relics":[],"items_purged_floors":[],"is_endless":false,"potions_floor_spawned":[2,6,13,14,15],"killed_by":"downfall:Silent","ascension_level":0}}