{"host":"Ilker","time":1607839142,"event":{"mods":["BaseMod","Bestiary","Block Reminder","Colored Map","DeckTracker","Highlight Path","Minty Spire (QoL Compilation)","Quick Restart","Relic Sorter","Relic Stats"],"gold_per_floor":[111,111,123,133,133,164,164,179,179,214,227,261,272,291,291,369,369,379,389,41,41,61,87,87,122,147,160,210,242,242,65,65,65,65],"floor_reached":33,"playtime":2182,"items_purged":["Defend_P"],"score":804,"play_id":"07c4e284-0e88-4617-8db5-f27e2d9c247b","local_time":"20201213085902","is_ascension_mode":true,"campfire_choices":[{"floor":7.0,"key":"REST"},{"data":"BattleHymn","floor":15,"key":"SMITH"},{"floor":24,"key":"REST"},{"floor":32,"key":"REST"}],"circlet_count":0,"master_deck":["AscendersBane","Strike_P","Strike_P","Defend_P","Eruption","Vigilance","Wallop+1","Establishment+1","DeusExMachina+1","TalkToTheHand+1","CutThroughFate","FollowUp","TalkToTheHand","CutThroughFate","Protect","ClearTheMind","MentalFortress","BattleHymn+1","ThirdEye","Ragnarok","FlurryOfBlows","Dark Shackles","Pain","BowlingBash","Halt","Worship","Evaluate","EmptyBody+1","Ghostly","Ghostly","Ghostly","Dark Shackles","WaveOfTheHand","Pray+1"],"relics":["Astrolabe","Black Star","Mummified Hand","Blue Candle","OrangePellets","WarpedTongs","Vajra","Torii","TungstenRod","Potion Belt","Dream Catcher","Ornamental Fan","Orichalcum"],"acts_visited":["Exordium","TheCity"],"potions_floor_usage":[29,29],"damage_taken":[{"damage":0.0,"enemies":"2 Louse","floor":1.0,"turns":3.0},{"damage":2.0,"enemies":"Small Slimes","floor":3.0,"turns":3.0},{"damage":0.0,"enemies":"Cultist","floor":4.0,"turns":3.0},{"damage":28.0,"enemies":"3 Sentries","floor":6.0,"turns":9.0},{"damage":0.0,"enemies":"Looter","floor":8.0,"turns":3.0},{"damage":10.0,"enemies":"Lagavulin","floor":10.0,"turns":5.0},{"damage":0.0,"enemies":"2 Fungi Beasts","floor":11.0,"turns":4.0},{"damage":0.0,"enemies":"Gremlin Nob","floor":12.0,"turns":3.0},{"damage":14,"enemies":"3 Louse","floor":13,"turns":4},{"damage":2,"enemies":"Red Slaver","floor":14,"turns":3},{"damage":0,"enemies":"Slime Boss","floor":16,"turns":5},{"damage":17,"enemies":"2 Thieves","floor":18,"turns":3},{"damage":0,"enemies":"Spheric Guardian","floor":19,"turns":3},{"damage":5,"enemies":"3 Cultists","floor":22,"turns":5},{"damage":12,"enemies":"Book of Stabbing","floor":23,"turns":5},{"damage":32,"enemies":"Slavers","floor":25,"turns":6},{"damage":5,"enemies":"Centurion and Healer","floor":27,"turns":4},{"damage":6,"enemies":"Book of Stabbing","floor":29,"turns":3},{"damage":29,"enemies":"Collector","floor":33,"turns":6}],"seed_played":"-4709809037359531516","potions_obtained":[{"floor":1.0,"key":"BottledMiracle"},{"floor":4.0,"key":"GamblersBrew"},{"floor":8.0,"key":"Fruit Juice"},{"floor":10.0,"key":"Swift Potion"},{"floor":14,"key":"Ancient Potion"},{"floor":25,"key":"LiquidBronze"},{"floor":27,"key":"Ambrosia"}],"is_trial":false,"path_per_floor":["M","?","M","M","?","E","R","M","T","E","M","E","M","M","R","B",null,"M","M","$","?","M","E","R","E","T","M","?","E","?","$","R","B"],"character_chosen":"WATCHER","items_purchased":["OrangePellets","Dark Shackles","Dark Shackles","WaveOfTheHand"],"campfire_rested":3,"item_purchase_floors":[20,20,31,31],"current_hp_per_floor":[61,61,59,59,52,24,44,49,49,39,39,39,25,23,23,23,61,44,44,44,44,39,27,48,16,16,11,11,5,5,5,15,0,0],"gold":65,"neow_bonus":"BOSS_RELIC","is_daily":false,"chose_seed":false,"campfire_upgraded":1,"win_rate":0.0,"timestamp":1607839142,"path_taken":["M","?","M","M","?","E","R","M","T","E","M","E","M","M","R","BOSS","M","M","$","?","M","E","R","E","T","?","?","E","?","$","R","BOSS"],"items_purchased_type":["Relic","Card","Card","Card"],"build_version":"2020-12-07","purchased_purges":1,"victory":false,"max_hp_per_floor":[68,68,68,68,68,68,68,73,73,73,73,73,73,73,73,73,73,73,73,73,73,73,73,73,73,73,73,73,73,36,36,36,36,36],"relic_stats":{"Torii":6,"counters":[19,80],"Astrolabe":["Wallop","Establishment","DeusExMachina"],"Blue Candle":[2],"Orichalcum":[0],"WarpedTongs":[29],"OrangePellets":[1],"Dream Catcher":1,"Mummified Hand":[36],"Ornamental Fan":[12],"Black Star":3,"obtain_stats":[{"Potion Belt":25,"Torii":23,"Astrolabe":0,"Blue Candle":10,"Vajra":23,"Orichalcum":29,"WarpedTongs":21,"OrangePellets":20,"Dream Catcher":26,"Mummified Hand":6,"Ornamental Fan":29,"Black Star":17,"PureWater":0,"TungstenRod":25},{"Potion Belt":16,"Torii":15,"Astrolabe":0,"Blue Candle":6,"Vajra":15,"Orichalcum":18,"WarpedTongs":13,"OrangePellets":13,"Dream Catcher":16,"Mummified Hand":4,"Ornamental Fan":18,"Black Star":11,"PureWater":0,"TungstenRod":16},{"Potion Belt":67,"Torii":61,"Astrolabe":0,"Blue Candle":26,"Vajra":61,"Orichalcum":74,"WarpedTongs":51,"OrangePellets":51,"Dream Catcher":67,"Mummified Hand":18,"Ornamental Fan":74,"Black Star":45,"PureWater":0,"TungstenRod":67}],"TungstenRod":18},"card_choices":[{"not_picked":["Pray","Indignation"],"picked":"TalkToTheHand","floor":1.0},{"not_picked":["SignatureMove","Vengeance"],"picked":"CutThroughFate","floor":3.0},{"not_picked":["Fasting2","EmptyFist"],"picked":"FollowUp","floor":4.0},{"not_picked":["PathToVictory","FlurryOfBlows"],"picked":"TalkToTheHand","floor":6.0},{"not_picked":["FollowUp","DeceiveReality"],"picked":"CutThroughFate","floor":8.0},{"not_picked":["EmptyFist","Halt"],"picked":"Protect","floor":10.0},{"not_picked":["EmptyFist","SashWhip"],"picked":"ClearTheMind","floor":11.0},{"not_picked":["FearNoEvil","WindmillStrike"],"picked":"MentalFortress","floor":12.0},{"not_picked":["EmptyFist","ClearTheMind"],"picked":"BattleHymn","floor":13},{"not_picked":["CutThroughFate","Indignation"],"picked":"ThirdEye","floor":14},{"not_picked":["Alpha","Devotion"],"picked":"Ragnarok","floor":16},{"not_picked":["SashWhip","JustLucky","Fasting2"],"picked":"SKIP","floor":18},{"not_picked":["Wallop","CrushJoints+1"],"picked":"FlurryOfBlows","floor":19},{"not_picked":["SashWhip","FlyingSleeves"],"picked":"BowlingBash","floor":22},{"not_picked":["ClearTheMind","TalkToTheHand"],"picked":"Halt","floor":23},{"not_picked":["FearNoEvil","Judgement"],"picked":"Worship","floor":25},{"not_picked":["WheelKick","JustLucky"],"picked":"Evaluate","floor":27},{"not_picked":["Weave","CutThroughFate"],"picked":"EmptyBody+1","floor":29},{"not_picked":["FlyingSleeves","Evaluate"],"picked":"Pray+1","floor":32}],"player_experience":1662088,"relics_obtained":[{"floor":6.0,"key":"Mummified Hand"},{"floor":10.0,"key":"Blue Candle"},{"floor":23,"key":"Vajra"},{"floor":23,"key":"Torii"},{"floor":25,"key":"TungstenRod"},{"floor":25,"key":"Potion Belt"},{"floor":26,"key":"Dream Catcher"},{"floor":29,"key":"Ornamental Fan"},{"floor":29,"key":"Orichalcum"}],"event_choices":[{"damage_healed":0.0,"max_hp_gain":0.0,"max_hp_loss":0.0,"gold_gain":0.0,"event_name":"Living Wall","player_choice":"Grow","floor":2.0,"gold_loss":0.0,"damage_taken":0.0,"cards_upgraded":["TalkToTheHand"]},{"cards_removed":["Strike_P"],"damage_healed":0.0,"max_hp_gain":0.0,"max_hp_loss":0.0,"gold_gain":0.0,"event_name":"Golden Wing","player_choice":"Card Removal","floor":5.0,"gold_loss":0.0,"damage_taken":7.0},{"damage_healed":0,"gold_gain":0,"player_choice":"Rummage","damage_taken":0,"relics_obtained":["WarpedTongs"],"max_hp_gain":0,"max_hp_loss":0,"event_name":"Accursed Blacksmith","floor":21,"gold_loss":0,"cards_obtained":["Pain"]},{"damage_healed":0,"gold_gain":50,"player_choice":"Stole From Cult","damage_taken":0,"max_hp_gain":0,"max_hp_loss":0,"event_name":"Nest","floor":28,"gold_loss":0},{"damage_healed":0,"gold_gain":0,"player_choice":"Became a Ghost","damage_taken":0,"max_hp_gain":0,"max_hp_loss":37,"event_name":"Ghosts","floor":30,"gold_loss":0,"cards_obtained":["Ghostly","Ghostly","Ghostly"]}],"is_beta":true,"boss_relics":[{"not_picked":["Coffee Dripper","Snecko Eye"],"picked":"Black Star"}],"items_purged_floors":[20],"is_endless":false,"potions_floor_spawned":[1,4,8,10,14,25,27],"killed_by":"Collector","ascension_level":20}}