{"host":"i41n6wh529970c2c","time":1607828248,"event":{"mods":["Act Like it!","BaseMod","BetterRewards","Friendly Minions","Gold Saver","Hermit","Minty Spire (QoL Compilation)","Replay The Spire","Shop Mod","StSLib"],"gold_per_floor":[119,294,294,294,305,324,343,343,343,370,59,71,105,105,105,105,105],"floor_reached":16,"playtime":434,"items_purged":[],"score":160,"play_id":"1d232d34-20df-46e9-a8cd-846b69cfc4d5","local_time":"20201212215728","is_ascension_mode":true,"campfire_choices":[{"data":"hermit:FlashPowder","floor":8,"key":"SMITH"},{"data":"hermit:WideOpen","floor":15,"key":"SMITH"}],"circlet_count":0,"master_deck":["hermit:Strike_Hermit","hermit:Strike_Hermit","hermit:Strike_Hermit","hermit:Strike_Hermit","hermit:Defend_Hermit","hermit:Defend_Hermit","hermit:Snapshot","hermit:Covet","hermit:SprayPray","Doubt","hermit:Brawl","hermit:WideOpen+1","hermit:FlashPowder+1","hermit:OverwhelmingPower","hermit:Snipe"],"relics":["hermit:Momento","NeowsBlessing","hermit:Horseshoe","Ginger","Incense Burner","ReplayTheSpireMod:Shallot"],"acts_visited":["Exordium"],"potions_floor_usage":[10,10,11,13,16],"damage_taken":[{"damage":0,"enemies":"2 Louse","floor":1,"turns":1},{"damage":0,"enemies":"Jaw Worm","floor":5,"turns":1},{"damage":0,"enemies":"Cultist","floor":6,"turns":1},{"damage":3,"enemies":"Blue Slaver","floor":7,"turns":2},{"damage":21,"enemies":"Gremlin Nob","floor":10,"turns":5},{"damage":3,"enemies":"Red Slaver","floor":12,"turns":5},{"damage":15,"enemies":"Lagavulin","floor":13,"turns":6},{"damage":28,"enemies":"Slime Boss","floor":16,"turns":6}],"seed_played":"-5962259427150441681","potions_obtained":[{"floor":4,"key":"DistilledChaos"},{"floor":4,"key":"Cursed Concoction"},{"floor":4,"key":"Block Potion"},{"floor":10,"key":"Fruit Juice"},{"floor":12,"key":"Energy Potion"},{"floor":13,"key":"hermit:Tonic"}],"is_trial":false,"path_per_floor":["M","?","?","?","M","M","M","R","T","E","$","M","E","?","R","B"],"character_chosen":"HERMIT","items_purchased":["Incense Burner"],"campfire_rested":0,"item_purchase_floors":[11],"current_hp_per_floor":[68,68,61,61,61,61,58,58,58,37,42,39,24,24,24,0,0],"gold":105,"neow_bonus":"THREE_ENEMY_KILL","is_daily":false,"chose_seed":false,"campfire_upgraded":2,"win_rate":0.0,"timestamp":1607828248,"path_taken":["M","?","?","?","M","?","M","R","T","E","$","M","E","?","R","BOSS"],"items_purchased_type":["Relic"],"build_version":"2020-11-30","purchased_purges":0,"victory":false,"max_hp_per_floor":[75,75,75,75,75,75,75,75,75,75,80,80,80,80,80,80,80],"card_choices":[{"not_picked":["hermit:Roulette","hermit:GhostlyPresence"],"picked":"hermit:SprayPray","floor":1},{"not_picked":["hermit:Roulette","hermit:TrackingShot"],"picked":"hermit:Brawl","floor":5},{"not_picked":["hermit:Vantage","hermit:HoleUp"],"picked":"hermit:WideOpen","floor":6},{"not_picked":["hermit:Glare","hermit:ShadowCloak"],"picked":"hermit:FlashPowder","floor":7},{"not_picked":["hermit:FlashPowder","hermit:LowProfile"],"picked":"hermit:OverwhelmingPower","floor":10},{"not_picked":["hermit:WideOpen","hermit:SprayPray","hermit:CalledShot"],"picked":"SKIP","floor":12},{"not_picked":["hermit:TrackingShot","hermit:DeadMansHand"],"picked":"hermit:Snipe","floor":13}],"player_experience":747019,"relics_obtained":[{"floor":9,"key":"hermit:Horseshoe"},{"floor":10,"key":"Ginger"},{"floor":13,"key":"ReplayTheSpireMod:Shallot"}],"event_choices":[{"damage_healed":0,"gold_gain":175,"player_choice":"AGREE","damage_taken":0,"max_hp_gain":0,"max_hp_loss":0,"event_name":"Liars Game","floor":2,"gold_loss":0,"cards_obtained":["Doubt"]},{"cards_removed":["hermit:Defend_Hermit"],"damage_healed":0,"gold_gain":0,"player_choice":"Card Removal","damage_taken":7,"max_hp_gain":0,"max_hp_loss":0,"event_name":"Golden Wing","floor":3,"gold_loss":0},{"damage_healed":0,"gold_gain":0,"player_choice":"Got Potions","damage_taken":0,"max_hp_gain":0,"max_hp_loss":0,"event_name":"Lab","floor":4,"gold_loss":0},{"cards_removed":["hermit:Defend_Hermit"],"damage_healed":0,"gold_gain":0,"player_choice":"Purged","damage_taken":0,"max_hp_gain":0,"max_hp_loss":0,"event_name":"Purifier","floor":14,"gold_loss":0}],"is_beta":false,"boss_relics":[],"items_purged_floors":[],"is_endless":false,"potions_floor_spawned":[10,12,13],"killed_by":"Slime Boss","ascension_level":9}}