{"host":"6q3xrfxx8iswq9mh","time":1607831668,"event":{"mods":["BaseMod","Colored Powertips","Downfall","Lobotomy","Marisa£®ÏF”Í°°ƒß¿Ì…≥£©","Minty Spire (QoL Compilation)","Quick Restart","Remilia£®¿Ÿ√◊¿Ú—«£©","Replay The Spire","StSLib","The Bug Knight","The Cursed","The Runesmith","The Servant 0.9.4"],"gold_per_floor":[99,114,129,129,32,32,57,87,87,117,132,147,147,162,177,277,277,277,292,292,52,82,82,132,147,147,162,162,162,177,192,207,307,307,307,322,372,387,437,452,452,452,467,467,21,36,36,21,36,36,36],"floor_reached":50,"playtime":3354,"items_purged":["Clash"],"score":526,"play_id":"6b6b899e-5e32-4b47-bedd-e4b836119451","local_time":"20201213115428","daily_mods":["Chimera","downfall:Jewelcrafting","downfall:Enraging"],"is_ascension_mode":false,"campfire_choices":[{"floor":1.0,"key":"DIG"},{"data":"Pommel Strike","floor":9.0,"key":"SMITH"},{"data":"Armaments","floor":18.0,"key":"SMITH"},{"floor":23.0,"key":"REST"},{"data":"Demon Form","floor":26.0,"key":"SMITH"},{"data":"Wrath_TH","floor":35.0,"key":"PURGE"},{"floor":42.0,"key":"REST"},{"floor":44.0,"key":"REST"}],"circlet_count":0,"master_deck":["Bash","Survivor","Strike_R","Strike_G","Strike_B","Defend_R","Defend_G","Defend_P","Guardian:ExploitGems","Guardian:ExploitGems","Pommel Strike","Shrug It Off","Pommel Strike+1","expansioncontent:LastStand+1","Demon Form+1","Armaments+1","Cleave","Offering","CurseOfTheBell","Armaments+1","Heavy Blade","Demon Form","EndlessPower","Heavy Blade+1","Flex+1","Rupture"],"relics":["Burning Blood","Guardian:PickAxe","Orichalcum","Pet Ghost","Mummified Hand","Bottled Tornado","Calling Bell","Anchor","Singing Bowl","Champion Belt","Juzu Bracelet","White Beast Statue","Runesmith:AutoHammer","downfall:KnowingSkull","Black Star","Pondfish Scales","Replay:Rubber Ducky","Bottled Lightning","Iron Hammer"],"acts_visited":["Exordium","TheCity","TheBeyond"],"potions_floor_usage":[50,50,50,50],"damage_taken":[{"damage":7.0,"enemies":"Small Slimes","floor":2.0,"turns":3.0},{"damage":0.0,"enemies":"Cultist","floor":3.0,"turns":2.0},{"damage":2.0,"enemies":"downfall:FleeingMerchant","floor":5.0,"turns":4.0},{"damage":30.0,"enemies":"Lagavulin","floor":8.0,"turns":7.0},{"damage":18.0,"enemies":"3 Sentries","floor":10.0,"turns":10.0},{"damage":5.0,"enemies":"2 Louse","floor":11.0,"turns":3.0},{"damage":5.0,"enemies":"Red Slaver","floor":12.0,"turns":4.0},{"damage":0.0,"enemies":"Gremlin Gang","floor":14.0,"turns":5.0},{"damage":6.0,"enemies":"Looter","floor":15.0,"turns":4.0},{"damage":13.0,"enemies":"Fading Forest","floor":16.0,"turns":11.0},{"damage":13.0,"enemies":"Shell Parasite","floor":19.0,"turns":7.0},{"damage":6.0,"enemies":"downfall:FleeingMerchant","floor":21.0,"turns":4.0},{"damage":43.0,"enemies":"Book of Stabbing","floor":22.0,"turns":6.0},{"damage":9.0,"enemies":"3 Byrds","floor":25.0,"turns":4.0},{"damage":19.0,"enemies":"Snecko","floor":27.0,"turns":5.0},{"damage":13.0,"enemies":"Centurion and Healer","floor":30.0,"turns":6.0},{"damage":32.0,"enemies":"Snake Plant","floor":31.0,"turns":4.0},{"damage":16.0,"enemies":"Shelled Parasite and Fungi","floor":32.0,"turns":3.0},{"damage":49.0,"enemies":"downfall:Ironclad","floor":33.0,"turns":7.0},{"damage":8.0,"enemies":"3 Shapes","floor":36.0,"turns":8.0},{"damage":50.0,"enemies":"Mind Bloom Boss Battle","floor":37.0,"turns":8.0},{"damage":8.0,"enemies":"Orb Walker","floor":38.0,"turns":4.0},{"damage":0.0,"enemies":"4 Shapes","floor":40.0,"turns":6.0},{"damage":64.0,"enemies":"Spire Growth","floor":43.0,"turns":6.0},{"damage":0.0,"enemies":"downfall:FleeingMerchant","floor":45.0,"turns":4.0},{"damage":17.0,"enemies":"Writhing Mass","floor":46.0,"turns":7.0},{"damage":56.0,"enemies":"downfall:FleeingMerchant","floor":48.0,"turns":4.0},{"damage":11.0,"enemies":"Maw","floor":49.0,"turns":5.0},{"damage":65,"enemies":"downfall:Silent","floor":50,"turns":4}],"seed_played":"4834798368356638827","potions_obtained":[{"floor":2.0,"key":"SkillPotion"},{"floor":8.0,"key":"Elixir"},{"floor":11.0,"key":"champ:CounterPotion"},{"floor":14.0,"key":"AttackPotion"},{"floor":25.0,"key":"AttackPotion"},{"floor":27.0,"key":"FearPotion"},{"floor":31.0,"key":"FearPotion"},{"floor":32.0,"key":"ColorlessPotion"},{"floor":33.0,"key":"BlessingOfTheForge"},{"floor":36.0,"key":"Dexterity Potion"},{"floor":43.0,"key":"Block Potion"},{"floor":46.0,"key":"Regen Potion"},{"floor":48.0,"key":"Regen Potion"},{"floor":49.0,"key":"Dexterity Potion"}],"is_trial":false,"path_per_floor":["R","M","M","?","$","R","T","E","R","E","M","M","?","M","M","B",null,"R","M","?","$","E","R","T","M","R","M","?","?","M","M","M","B",null,"R","M","?","M","T","M","T","R","M","R","$","M","?","$","M","B"],"character_chosen":"IRONCLAD","items_purchased":["expansioncontent:LastStand","Juzu Bracelet","Iron Hammer","Rupture","CultistPotion"],"campfire_rested":3,"item_purchase_floors":[5,21,45,45,45],"current_hp_per_floor":[80,79,80,80,80,80,80,56,56,44,45,46,46,52,52,67,80,80,75,75,75,38,62,62,61,61,48,48,43,38,24,26,13,92,92,92,50,48,48,56,56,85,27,56,64,65,65,41,62,0,0],"gold":36,"neow_bonus":"","is_daily":true,"chose_seed":false,"campfire_upgraded":3,"win_rate":0.0,"timestamp":1607831668,"path_taken":["R","M","M","?","$","R","T","E","R","E","M","?","?","M","M","BOSS","R","M","?","$","E","R","T","M","R","M","?","?","M","M","M","BOSS","R","M","?","M","?","M","T","R","M","R","$","M","?","$","M","BOSS"],"items_purchased_type":["Card","Relic","Relic","Card","Potion"],"build_version":"2020-11-30","purchased_purges":1,"victory":false,"max_hp_per_floor":[80,80,80,80,80,80,80,80,80,80,80,80,80,80,80,80,80,80,82,82,82,82,82,82,84,84,84,84,84,86,88,90,92,92,92,94,96,96,96,98,98,98,98,98,100,102,102,104,106,106,106],"card_choices":[{"not_picked":["Iron Wave","Anger"],"picked":"Pommel Strike","floor":2.0},{"not_picked":["Clothesline","Burning Pact"],"picked":"Shrug It Off","floor":3.0},{"not_picked":["Abandon","True Grit"],"picked":"Pommel Strike","floor":5.0},{"not_picked":["Replay:Undeath\u0027s Touch","Shrug It Off"],"picked":"Demon Form","floor":8.0},{"not_picked":["Sword Boomerang","Power Through"],"picked":"Clash","floor":10.0},{"not_picked":["Run Through","Wild Strike"],"picked":"Armaments","floor":11.0},{"not_picked":["Flame Barrier","Life Link"],"picked":"Cleave","floor":12.0},{"not_picked":["ReplayTheSpireMod:Strike From Hell","Fire Breathing","Reckless Charge"],"picked":"SKIP","floor":14.0},{"not_picked":["Replay:Undeath\u0027s Touch","Uppercut","Anger"],"picked":"SKIP","floor":15.0},{"not_picked":["Exhume","Impervious"],"picked":"Offering","floor":16.0},{"not_picked":["Anger+1","Thunderclap+1","Havoc+1"],"picked":"Singing Bowl","floor":19.0},{"not_picked":["ReplayTheSpireMod:Strike From Hell","Warcry"],"picked":"Armaments+1","floor":21.0},{"not_picked":["Impervious","Run Through"],"picked":"Heavy Blade","floor":22.0},{"not_picked":["Run Through","Headbutt","Body Slam+1"],"picked":"Singing Bowl","floor":25.0},{"not_picked":["Perfected Strike","Cleave"],"picked":"Demon Form","floor":27.0},{"not_picked":["Perfected Strike","Hemokinesis+1","Cleave"],"picked":"Singing Bowl","floor":30.0},{"not_picked":["Wild Strike+1","Warcry","ReplayTheSpireMod:LeadingStrike+1"],"picked":"Singing Bowl","floor":31.0},{"not_picked":["Entrench","Perfected Strike","Replay:Undeath\u0027s Touch"],"picked":"Singing Bowl","floor":32.0},{"not_picked":["Demonic Infusion","Exhume","Corruption"],"picked":"Singing Bowl","floor":33.0},{"not_picked":["Run Through+1","Evolve+1","Replay:Undeath\u0027s Touch+1"],"picked":"Singing Bowl","floor":36.0},{"not_picked":["Wild Strike+1","Replay:Undeath\u0027s Touch","Run Through+1"],"picked":"Singing Bowl","floor":37.0},{"not_picked":["Evolve+1","ReplayTheSpireMod:Limb From Limb+1"],"picked":"Heavy Blade+1","floor":38.0},{"not_picked":["Havoc","Twin Strike","ReplayTheSpireMod:Stacked"],"picked":"Singing Bowl","floor":40.0},{"not_picked":["Hemogenesis","Havoc"],"picked":"Flex+1","floor":43.0},{"not_picked":["ReplayTheSpireMod:Strike From Hell+1","Wild Strike+1","Thunderclap"],"picked":"Singing Bowl","floor":45.0},{"not_picked":["Shrug It Off+1","Twin Strike+1","Demonic Infusion"],"picked":"Singing Bowl","floor":46.0},{"not_picked":["Clothesline","True Grit","Evolve"],"picked":"Singing Bowl","floor":48.0},{"not_picked":["Second Wind","Body Slam+1","Iron Wave+1"],"picked":"Singing Bowl","floor":49.0}],"player_experience":278706,"relics_obtained":[{"floor":1.0,"key":"Orichalcum"},{"floor":7.0,"key":"Pet Ghost"},{"floor":8.0,"key":"Mummified Hand"},{"floor":10.0,"key":"Bottled Tornado"},{"floor":17.0,"key":"Anchor"},{"floor":17.0,"key":"Singing Bowl"},{"floor":17.0,"key":"Champion Belt"},{"floor":22.0,"key":"White Beast Statue"},{"floor":24.0,"key":"Runesmith:AutoHammer"},{"floor":37.0,"key":"Pondfish Scales"},{"floor":39.0,"key":"Replay:Rubber Ducky"},{"floor":41.0,"key":"Bottled Lightning"}],"event_choices":[{"cards_removed":["Eruption"],"damage_healed":0.0,"max_hp_gain":0.0,"max_hp_loss":0.0,"gold_gain":0.0,"event_name":"Purifier","player_choice":"Purged","floor":4.0,"gold_loss":0.0,"damage_taken":0.0},{"cards_removed":["Zap"],"damage_healed":0.0,"max_hp_gain":0.0,"max_hp_loss":0.0,"gold_gain":0.0,"event_name":"Bonfire Elementals","player_choice":"Offered Basic","floor":13.0,"gold_loss":0.0,"damage_taken":0.0},{"damage_healed":0.0,"max_hp_gain":0.0,"max_hp_loss":0.0,"gold_gain":0.0,"event_name":"Upgrade Shrine","player_choice":"Upgraded","floor":20.0,"gold_loss":0.0,"damage_taken":0.0,"cards_upgraded":["expansioncontent:LastStand"]}],"is_beta":false,"boss_relics":[{"not_picked":["Abe\u0027s Treasure","Astrolabe"],"picked":"Calling Bell"},{"not_picked":["Replay:Bronze Core","Replay:Grab Bag"],"picked":"Black Star"}],"items_purged_floors":[21],"is_endless":false,"potions_floor_spawned":[2,8,11,14,16,25,27,30,31,32,33,36,37,38,40,43,45,46,48,49],"killed_by":"downfall:Silent","ascension_level":0}}