{"host":"ye7dkdlypz0ka1od","time":1607867448,"event":{"mods":["Act Like it!","Aspiration","BaseMod","Gensokyo","Hallownest","Hermit","Infinite Spire","Minty Spire (QoL Compilation)","Replay The Spire","StSLib","The Bug Knight","The Forsaken"],"gold_per_floor":[360,428,447,94,111,111,121,121,121,132,145,177,177,192,192,288,288,302,302,316,333,333,333,344,344,344,378,378,210,210,242,242,337,337,351,451,112,124,346,346,366,398,451,451,451,451,471,471,471,471],"floor_reached":51,"playtime":2230,"items_purged":["Strike_G","Strike_G+1","Strike_G+1"],"score":745,"play_id":"d83d75af-94b0-4a50-b9cf-1dcbc8add3c2","local_time":"20201213085048","is_ascension_mode":false,"campfire_choices":[{"data":"Footwork","floor":6.0,"key":"SMITH"},{"floor":8.0,"key":"REST"},{"floor":13.0,"key":"DIG"},{"data":"Strike_G","floor":15.0,"key":"PURGE"},{"data":"Noxious Fumes","floor":23,"key":"SMITH"},{"data":"Backflip","floor":25,"key":"SMITH"},{"floor":28,"key":"REST"},{"data":"Strike_G+1","floor":32,"key":"PURGE"},{"data":"Well Laid Plans","floor":44,"key":"SMITH"},{"floor":49,"key":"REST"}],"circlet_count":0,"master_deck":["Defend_G+1","Defend_G+1","Defend_G+1","Defend_G+1","Defend_G+1","Survivor+1","Neutralize+1","Backflip+1","Replay:Poison Smokescreen+1","Footwork+1","Bane","Quick Slash","Well Laid Plans+1","Acrobatics","Flying Knee","Phantasmal Killer","Quick Slash+1","Outmaneuver+1","Noxious Fumes+1","Bullet Time+1","Escape Plan+1","Double Tap","Flechettes+1","Skewer+1","theForsaken:PlagueCurse"],"relics":["Ring of the Snake","Strawberry","HollowMod:StagPassRelic","Akabeko","Replay:Multitool","Mirror","Busted Crown","infinitespire:Broken Mirror","infinitespire:Eraser","PrismaticShard","Red Mask","SacredBark","Membership Card","aspiration:VileToxins","Gremlin Food","War Paint","theForsaken:PlagueMask"],"acts_visited":["Exordium","TheCity","TheBeyond"],"potions_floor_usage":[31,41,42,50],"damage_taken":[{"damage":4.0,"enemies":"Small Slimes","floor":1.0,"turns":6.0},{"damage":0.0,"enemies":"Jaw Worm","floor":3.0,"turns":5.0},{"damage":3.0,"enemies":"infinitespire:Voidling","floor":5.0,"turns":5.0},{"damage":1.0,"enemies":"2 Fungi Beasts","floor":7.0,"turns":3.0},{"damage":0.0,"enemies":"Blue Slaver","floor":10.0,"turns":4.0},{"damage":11.0,"enemies":"Gremlin Gang","floor":11.0,"turns":5.0},{"damage":6.0,"enemies":"HollowMod:MossKnight","floor":12.0,"turns":8.0},{"damage":0.0,"enemies":"3 Louse","floor":14.0,"turns":3.0},{"damage":18.0,"enemies":"Fading Forest","floor":16.0,"turns":11.0},{"damage":17,"enemies":"2 Thieves","floor":18,"turns":4},{"damage":0,"enemies":"Spheric Guardian","floor":20,"turns":3},{"damage":1,"enemies":"Centurion and Healer","floor":21,"turns":7},{"damage":4,"enemies":"Snake Plant","floor":24,"turns":4},{"damage":23,"enemies":"Gremlin Leader","floor":27,"turns":8},{"damage":10,"enemies":"Masked Bandits","floor":31,"turns":3},{"damage":7,"enemies":"Automaton","floor":33,"turns":11},{"damage":10,"enemies":"3 Darklings","floor":35,"turns":4},{"damage":0,"enemies":"3 Shapes","floor":38,"turns":4},{"damage":15,"enemies":"Spire Growth","floor":41,"turns":4},{"damage":0,"enemies":"HollowMod:StalkingDevout","floor":42,"turns":4},{"damage":3,"enemies":"4 Shapes","floor":47,"turns":5},{"damage":38,"enemies":"infinitespire:MassOfShapes","floor":50,"turns":12}],"seed_played":"5778098343761262764","potions_obtained":[{"floor":2.0,"key":"Weak Potion"},{"floor":2.0,"key":"Swift Potion"},{"floor":7.0,"key":"Strength Potion"},{"floor":12.0,"key":"Energy Potion"},{"floor":14.0,"key":"Block Potion"},{"floor":21,"key":"Fire Potion"},{"floor":24,"key":"Energy Potion"},{"floor":27,"key":"Elixir"},{"floor":38,"key":"PowerPotion"},{"floor":42,"key":"LiquidMemories"}],"is_trial":false,"path_per_floor":["M","?","M","$","M","R","M","R","T","M","M","E","R","M","R","B",null,"M","?","M","M","?","R","M","R","T","E","R","$","?","?","R","B",null,"M","?","$","M","?","R","M","E","T","R","?","?","M","?","R","B",null],"character_chosen":"THE_SILENT","items_purchased":["HollowMod:StagPassRelic","Bane","Escape Plan","Membership Card","aspiration:VileToxins","Flechettes","Skewer"],"campfire_rested":3,"item_purchase_floors":[4,4,29,37,37,37,37],"current_hp_per_floor":[45,52,52,52,49,49,48,71,71,71,60,54,54,54,54,46,77,60,60,60,59,59,59,55,55,55,32,55,55,47,37,37,30,77,67,67,67,67,67,77,62,62,62,62,62,62,59,59,77,39],"gold":471,"neow_bonus":"TWO_FIFTY_GOLD","is_daily":false,"chose_seed":false,"campfire_upgraded":4,"win_rate":0.0,"timestamp":1607867448,"path_taken":["M","?","M","$","?","R","M","R","T","M","M","E","R","M","R","BOSS","M","?","M","M","?","R","M","R","T","E","R","$","?","?","R","BOSS","M","?","$","?","?","R","M","E","T","R","?","?","M","?","R","BOSS"],"items_purchased_type":["Relic","Card","Card","Relic","Relic","Card","Card"],"build_version":"2020-11-30","purchased_purges":3,"victory":true,"max_hp_per_floor":[70,77,77,77,77,77,77,77,77,77,77,77,77,77,77,77,77,77,77,77,77,77,77,77,77,77,77,77,77,77,77,77,77,77,77,77,77,77,77,77,77,77,77,77,77,77,77,77,77,77],"card_choices":[{"not_picked":["Dodge and Roll","Distraction"],"picked":"Backflip","floor":1.0},{"not_picked":["Dagger Throw","Bane"],"picked":"Replay:Poison Smokescreen","floor":2.0},{"not_picked":["Replay:Poison Smokescreen","Outmaneuver"],"picked":"Footwork","floor":3.0},{"not_picked":["Poisoned Stab","Die Die Die"],"picked":"Quick Slash","floor":5.0},{"not_picked":["Hidden Blade","Underhanded Strike"],"picked":"Well Laid Plans","floor":7.0},{"not_picked":["Bane","Quick Slash"],"picked":"Acrobatics","floor":10.0},{"not_picked":["Blade Dance","Bane","Underhanded Strike"],"picked":"SKIP","floor":11.0},{"not_picked":["Backstab","Prepared"],"picked":"Flying Knee","floor":12.0},{"not_picked":["Tools of the Trade","Hidden Blade","Dagger Throw"],"picked":"SKIP","floor":14.0},{"not_picked":["ReplayTheSpireMod:Necrosis","Venomology"],"picked":"Phantasmal Killer","floor":16.0},{"not_picked":[],"picked":"Quick Slash+1","floor":18},{"not_picked":["PiercingWail"],"picked":"SKIP","floor":20},{"not_picked":[],"picked":"Outmaneuver+1","floor":21},{"not_picked":["Outmaneuver+1"],"picked":"SKIP","floor":24},{"not_picked":[],"picked":"Bullet Time","floor":27},{"not_picked":[],"picked":"Double Tap","floor":33},{"not_picked":["HollowMod:SoulSplash+1"],"picked":"SKIP","floor":35},{"not_picked":["Clothesline"],"picked":"SKIP","floor":38},{"not_picked":["SashWhip+1"],"picked":"SKIP","floor":41},{"not_picked":["theForsaken:PanicDive+1"],"picked":"SKIP","floor":42},{"not_picked":["Vengeance+1"],"picked":"SKIP","floor":47}],"player_experience":1225452,"relics_obtained":[{"floor":2.0,"key":"Strawberry"},{"floor":9.0,"key":"Akabeko"},{"floor":12.0,"key":"Replay:Multitool"},{"floor":13.0,"key":"Mirror"},{"floor":26,"key":"infinitespire:Broken Mirror"},{"floor":27,"key":"infinitespire:Eraser"},{"floor":30,"key":"PrismaticShard"},{"floor":31,"key":"Red Mask"},{"floor":42,"key":"Gremlin Food"},{"floor":43,"key":"War Paint"}],"event_choices":[{"damage_healed":0,"gold_gain":0,"player_choice":"Simplicity","damage_taken":0,"max_hp_gain":0,"max_hp_loss":0,"event_name":"Back to Basics","floor":19,"gold_loss":0,"cards_upgraded":["Strike_G","Strike_G","Strike_G","Defend_G","Defend_G","Defend_G","Defend_G","Defend_G"]},{"damage_healed":0,"gold_gain":0,"player_choice":"Read","damage_taken":0,"max_hp_gain":0,"max_hp_loss":0,"event_name":"The Library","floor":22,"gold_loss":0,"cards_obtained":["Noxious Fumes"]},{"damage_healed":0,"gold_gain":0,"player_choice":"Fought Bandits","damage_taken":0,"max_hp_gain":0,"max_hp_loss":0,"event_name":"Masked Bandits","floor":31,"gold_loss":0},{"damage_healed":0,"gold_gain":100,"player_choice":"Pray","damage_taken":0,"max_hp_gain":0,"max_hp_loss":0,"event_name":"Golden Shrine","floor":36,"gold_loss":0},{"damage_healed":0,"gold_gain":222,"player_choice":"Wore Mask","damage_taken":0,"max_hp_gain":0,"max_hp_loss":0,"event_name":"Tomb of Lord Red Mask","floor":39,"gold_loss":0},{"damage_healed":0,"gold_gain":0,"player_choice":"Obtain Plague Curse","damage_taken":0,"max_hp_gain":0,"max_hp_loss":0,"event_name":"Plague Doctor","floor":46,"gold_loss":0,"cards_obtained":["theForsaken:PlagueCurse"]}],"is_beta":false,"boss_relics":[{"not_picked":["Snecko Eye","Velvet Choker"],"picked":"Busted Crown"},{"not_picked":["aspiration:RitualDagger","Runic Pyramid"],"picked":"SacredBark"}],"items_purged_floors":[4,29,37],"is_endless":false,"potions_floor_spawned":[7,10,12,14,21,24,27,38,42],"ascension_level":0}}