{"host":"0i8dz4ityulxi1rd","time":1607874101,"event":{"mods":["BaseMod","Colored Map","Colored Powertips","Custom Start","Highlight Path","Keyboard Shortcuts","Minty Spire (QoL Compilation)","StSLib","SuperFastMode","The Runesmith"],"gold_per_floor":[119,135,149,99,99,125,157,269,281,313,353,365,394,252,252,350,350,364,289,189,199,199,232,331,366,390,390,390,404,418,443,443,547,547,547,597,376,422,422,422,302,302,327,327,22,57,69,69,69,69],"floor_reached":51,"playtime":2406,"items_purged":["Runesmith:Strike_RS","Runesmith:Strike_RS","Runesmith:Superposition","Runesmith:GoWithTheFlow"],"score":914,"play_id":"22c1f38a-510c-42e3-bc20-dfdc7e1aa349","local_time":"20201214004141","is_ascension_mode":false,"campfire_choices":[{"data":"Runesmith:CraftFirestone","floor":12,"key":"SMITH"},{"data":"Runesmith:Fortify","floor":15,"key":"SMITH"},{"data":"Runesmith:Empowerment","floor":28,"key":"SMITH"},{"data":"Runesmith:Accelerate","floor":32,"key":"SMITH"},{"floor":40,"key":"REST"},{"data":"Runesmith:EarthShield","floor":42,"key":"PURGE"},{"data":"Runesmith:Defend_RS","floor":44,"key":"PURGE"},{"floor":49,"key":"REST"}],"circlet_count":0,"master_deck":["Runesmith:CraftFirestone+1","Runesmith:Fortify+1","Runesmith:NegativeSpace","Runesmith:CraftMagma","Runesmith:CraftMagma","Runesmith:NanitesCloud","Runesmith:Accelerate+1","Runesmith:EarthShield","Runesmith:UnlimitedPower+1","Runesmith:CraftProtectio","Runesmith:LithiumIon+1","Runesmith:BackupBattery+1","Runesmith:CraftSpiculum+1","Runesmith:Empowerment+1","Runesmith:RuneHurl","Runesmith:Malloc","Runesmith:HammerThrow+1"],"relics":["Runesmith:BrokenRuby","Frozen Egg 2","MawBank","Strawberry","Nunchaku","Black Star","Bronze Scales","White Beast Statue","StoneCalendar","WingedGreaves","PreservedInsect","Omamori","Runesmith:MiniCore","Calling Bell","Centennial Puzzle","The Courier","Dead Branch","Peace Pipe","TungstenRod","Membership Card","Oddly Smooth Stone","Vajra","Toy Ornithopter","HornCleat","FossilizedHelix","Lantern"],"acts_visited":["Exordium","TheCity","TheBeyond"],"potions_floor_usage":[6,7,23,25,25,31,33,35,38,50],"damage_taken":[{"damage":0,"enemies":"Jaw Worm","floor":1,"turns":4},{"damage":1,"enemies":"2 Louse","floor":2,"turns":5},{"damage":0,"enemies":"Cultist","floor":3,"turns":4},{"damage":5,"enemies":"Gremlin Nob","floor":6,"turns":4},{"damage":2,"enemies":"3 Louse","floor":7,"turns":4},{"damage":5,"enemies":"Looter","floor":10,"turns":3},{"damage":18,"enemies":"3 Sentries","floor":11,"turns":9},{"damage":0,"enemies":"Exordium Thugs","floor":13,"turns":4},{"damage":0,"enemies":"The Guardian","floor":16,"turns":7},{"damage":21,"enemies":"Chosen","floor":18,"turns":5},{"damage":9,"enemies":"3 Byrds","floor":21,"turns":5},{"damage":2,"enemies":"Slavers","floor":23,"turns":6},{"damage":4,"enemies":"Book of Stabbing","floor":25,"turns":4},{"damage":1,"enemies":"3 Cultists","floor":29,"turns":5},{"damage":6,"enemies":"Snake Plant","floor":30,"turns":4},{"damage":3,"enemies":"Slavers","floor":31,"turns":5},{"damage":25,"enemies":"Collector","floor":33,"turns":8},{"damage":0,"enemies":"3 Darklings","floor":35,"turns":2},{"damage":16,"enemies":"Mind Bloom Boss Battle","floor":36,"turns":5},{"damage":33,"enemies":"2 Orb Walkers","floor":38,"turns":5},{"damage":41,"enemies":"Nemesis","floor":46,"turns":5},{"damage":0,"enemies":"Orb Walker","floor":47,"turns":2},{"damage":0,"enemies":"Donu and Deca","floor":50,"turns":7}],"seed_played":"4574300471926215159","potions_obtained":[{"floor":2,"key":"Energy Potion"},{"floor":3,"key":"Fire Potion"},{"floor":10,"key":"Swift Potion"},{"floor":16,"key":"Energy Potion"},{"floor":21,"key":"CultistPotion"},{"floor":29,"key":"AttackPotion"},{"floor":30,"key":"SmokeBomb"},{"floor":31,"key":"Strength Potion"},{"floor":33,"key":"FearPotion"},{"floor":36,"key":"SkillPotion"},{"floor":38,"key":"Energy Potion"},{"floor":46,"key":"GamblersBrew"}],"is_trial":false,"path_per_floor":["M","M","M","?","T","E","M","?","T","M","E","R","M","$","R","B",null,"M","?","$","M","?","E","?","E","T","?","R","M","M","E","R","B",null,"M","?","$","?","?","R","$","R","T","R","$","E","M","T","R","B",null],"character_chosen":"RUNESMITH_CLASS","items_purchased":["Runesmith:LithiumIon+1","Runesmith:Malloc","Runesmith:GoWithTheFlow","Membership Card","Oddly Smooth Stone","Vajra","Toy Ornithopter"],"campfire_rested":2,"item_purchase_floors":[14,37,37,45,45,45,45],"current_hp_per_floor":[70,69,69,69,69,64,62,62,69,64,46,46,46,46,46,46,77,56,56,56,47,47,45,45,41,41,41,41,40,34,31,31,6,77,77,61,61,28,28,51,51,51,51,51,51,10,10,10,33,38],"gold":69,"neow_bonus":"TRANSFORM_CARD","is_daily":false,"chose_seed":false,"campfire_upgraded":4,"win_rate":0.0,"timestamp":1607874101,"path_taken":["M","M","M","?","?","E","M","?","T","M","E","R","M","$","R","BOSS","M","?","$","M","?","E","?","E","T","?","R","M","M","E","R","BOSS","M","?","$","?","?","R","?","R","T","R","$","E","M","?","R","BOSS"],"items_purchased_type":["Card","Card","Card","Relic","Relic","Relic","Relic"],"build_version":"2020-11-30","purchased_purges":4,"victory":true,"max_hp_per_floor":[70,70,70,70,70,70,70,70,77,77,77,77,77,77,77,77,77,77,77,77,77,77,77,77,77,77,77,77,77,77,77,77,77,77,77,77,77,77,77,77,77,77,77,77,77,77,77,77,77,77],"card_choices":[{"not_picked":["Runesmith:Grindstone","Runesmith:BackupBattery"],"picked":"Runesmith:CraftMagma","floor":1},{"not_picked":["Runesmith:HeatExchange","Runesmith:CraftSpiculum"],"picked":"Runesmith:CraftMagma","floor":2},{"not_picked":["Runesmith:EarthShield","Runesmith:HammerTime"],"picked":"Runesmith:NanitesCloud","floor":3},{"not_picked":["Runesmith:HeatExchange","Runesmith:CraftProtectio"],"picked":"Runesmith:CreatorForm+1","floor":6},{"not_picked":["Runesmith:RuneHurl","Runesmith:HeatExchange"],"picked":"Runesmith:Accelerate","floor":7},{"not_picked":["Runesmith:Overpower","Runesmith:Grindstone"],"picked":"Runesmith:EarthShield","floor":10},{"not_picked":["Runesmith:Overpower","Runesmith:HammerThrow"],"picked":"Runesmith:UnlimitedPower+1","floor":11},{"not_picked":["Runesmith:EnergizedChisel","Runesmith:HeatExchange"],"picked":"Runesmith:CraftProtectio","floor":13},{"not_picked":["Runesmith:HammerThrow","Runesmith:EarthShield"],"picked":"Runesmith:BackupBattery+1","floor":18},{"not_picked":["Runesmith:CraftProtectio","Runesmith:StaticCage","Runesmith:HammerTime"],"picked":"SKIP","floor":21},{"not_picked":["Runesmith:Refine+1","Runesmith:Grindstone+1","Runesmith:Accelerate"],"picked":"SKIP","floor":23},{"not_picked":["Runesmith:CraftProtectio+1","Runesmith:Repurpose"],"picked":"Runesmith:CraftSpiculum+1","floor":25},{"not_picked":["Runesmith:UnstableHammer+1","Runesmith:BackupBattery","Runesmith:HammerThrow"],"picked":"SKIP","floor":29},{"not_picked":["Runesmith:Repurpose","Runesmith:CraftProtectio"],"picked":"Runesmith:Superposition","floor":30},{"not_picked":["Runesmith:Reinforce","Runesmith:EarthShield"],"picked":"Runesmith:RuneHurl","floor":31},{"not_picked":["Runesmith:EnergizedChisel+1","Runesmith:Discharge+1","Runesmith:Permafrost+1"],"picked":"SKIP","floor":46},{"not_picked":["Runesmith:Electrocute+1","Runesmith:StaticCage"],"picked":"Runesmith:HammerThrow+1","floor":47}],"player_experience":1251663,"relics_obtained":[{"floor":5,"key":"Frozen Egg 2"},{"floor":6,"key":"MawBank"},{"floor":9,"key":"Strawberry"},{"floor":11,"key":"Nunchaku"},{"floor":23,"key":"Bronze Scales"},{"floor":23,"key":"White Beast Statue"},{"floor":25,"key":"StoneCalendar"},{"floor":25,"key":"WingedGreaves"},{"floor":26,"key":"PreservedInsect"},{"floor":31,"key":"Omamori"},{"floor":31,"key":"Runesmith:MiniCore"},{"floor":34,"key":"Centennial Puzzle"},{"floor":34,"key":"The Courier"},{"floor":34,"key":"Dead Branch"},{"floor":36,"key":"Peace Pipe"},{"floor":38,"key":"TungstenRod"},{"floor":46,"key":"HornCleat"},{"floor":46,"key":"FossilizedHelix"},{"floor":48,"key":"Lantern"}],"event_choices":[{"cards_removed":["Runesmith:Defend_RS"],"damage_healed":0,"gold_gain":0,"player_choice":"Card Removal","damage_taken":0,"max_hp_gain":0,"max_hp_loss":0,"event_name":"The Cleric","floor":4,"gold_loss":50},{"damage_healed":0,"gold_gain":100,"player_choice":"Gold","damage_taken":0,"max_hp_gain":0,"max_hp_loss":0,"event_name":"Wheel of Change","floor":8,"gold_loss":0},{"cards_removed":["Runesmith:Defend_RS"],"damage_healed":0,"gold_gain":0,"player_choice":"Gave Gold","damage_taken":0,"max_hp_gain":0,"max_hp_loss":0,"event_name":"Beggar","floor":19,"gold_loss":75},{"damage_healed":0,"gold_gain":0,"player_choice":"Ignored","damage_taken":0,"max_hp_gain":0,"max_hp_loss":0,"event_name":"Vampires","floor":22,"gold_loss":0},{"damage_healed":0,"gold_gain":99,"player_choice":"Stole From Cult","damage_taken":0,"max_hp_gain":0,"max_hp_loss":0,"event_name":"Nest","floor":24,"gold_loss":0},{"damage_healed":0,"gold_gain":0,"cards_transformed":["Runesmith:CreatorForm","Runesmith:Defend_RS"],"player_choice":"Became Test Subject","damage_taken":0,"max_hp_gain":0,"max_hp_loss":0,"event_name":"Drug Dealer","floor":27,"gold_loss":0,"cards_obtained":["Runesmith:Empowerment","Runesmith:EarthShield"]},{"damage_healed":0,"gold_gain":0,"player_choice":"Fight","damage_taken":0,"max_hp_gain":0,"max_hp_loss":0,"event_name":"MindBloom","floor":36,"gold_loss":0},{"damage_healed":0,"gold_gain":0,"player_choice":"Fight","damage_taken":0,"max_hp_gain":0,"max_hp_loss":0,"event_name":"Mysterious Sphere","floor":38,"gold_loss":0},{"cards_removed":["Runesmith:Strike_RS"],"damage_healed":0,"gold_gain":0,"player_choice":"Removed Attack","damage_taken":0,"max_hp_gain":0,"max_hp_loss":0,"event_name":"Falling","floor":39,"gold_loss":0}],"is_beta":false,"boss_relics":[{"not_picked":["Fusion Hammer","SacredBark"],"picked":"Black Star"},{"not_picked":["Tiny House","Runesmith:CoreCrystal"],"picked":"Calling Bell"}],"items_purged_floors":[14,20,37,41],"is_endless":false,"potions_floor_spawned":[2,3,10,16,21,29,30,31,33,35,36,38,46,47],"ascension_level":0}}