{"host":"uzj3qtz06dzkgpll","time":1607827272,"event":{"mods":["BaseMod","Better Altar","Better Match","Better Note","Better Sensory Stone","Better Skull","Better Third Choice","Colored Map","Custom Start","Hubris","Minty Spire (QoL Compilation)","Permanent Neow","Replay The Spire","Shop Mod","Spicy Shops","StSLib"],"gold_per_floor":[111,124,124,124,124,251,251,277,354,354,366,34,49,79,79,175,175,191,191,146,146],"floor_reached":20,"playtime":1218,"items_purged":["Voices"],"score":234,"play_id":"6a4484b6-fa03-47b5-8317-84df868b9483","local_time":"20201212184112","is_ascension_mode":true,"campfire_choices":[{"floor":7.0,"key":"REST"},{"floor":10.0,"key":"REST"},{"data":"Parasite","floor":15.0,"key":"PURGE"}],"circlet_count":0,"master_deck":["Strike_R","Strike_R","Strike_R","Strike_R+1","Strike_R","Defend_R","Defend_R","Defend_R","Defend_R+1","Bash+1","Spot Weakness+1","Heavy Blade","Offering","Flex","ReplayTheSpireMod:Muscle Training","hubris:Sloth","Brutality","Doubt","Evolve+1"],"relics":["Burning Blood","ReplayTheSpireMod:Ring of Collecting","Ring of Hypnosis","hubris:Icosahedron","Simple Rune","Prayer Wheel","Ring of Greed","The Courier","Replay:Wax Seal","Orichalcum","Membership Card","hubris:Potato","Sling","PreservedInsect","Bottled Lightning","Mark of Pain"],"acts_visited":["TheCity"],"potions_floor_usage":[20],"damage_taken":[{"damage":1.0,"enemies":"Cultist","floor":1.0,"turns":3.0},{"damage":13.0,"enemies":"Jaw Worm","floor":2.0,"turns":4.0},{"damage":50.0,"enemies":"3 Sentries","floor":6.0,"turns":8.0},{"damage":6.0,"enemies":"Small Slimes","floor":11.0,"turns":2.0},{"damage":0.0,"enemies":"3 Louse","floor":13.0,"turns":2.0},{"damage":15.0,"enemies":"Lagavulin","floor":14.0,"turns":3.0},{"damage":41.0,"enemies":"Fading Forest","floor":16.0,"turns":11.0},{"damage":42,"enemies":"Spheric Guardian","floor":18,"turns":6},{"damage":13,"enemies":"2 Thieves","floor":20,"turns":4}],"seed_played":"2882951287753734","potions_obtained":[{"floor":11.0,"key":"SteroidPotion"},{"floor":16.0,"key":"Block Potion"}],"is_trial":false,"path_per_floor":["M","M","?","?","?","E","R","?","T","R","M","$","M","E","R_BF","B",null,"M","?","M"],"character_chosen":"IRONCLAD","items_purchased":["Membership Card","hubris:Potato","Sling","PreservedInsect"],"campfire_rested":2,"item_purchase_floors":[12,12,12,12],"current_hp_per_floor":[77,70,70,70,70,26,50,18,18,42,42,42,48,39,39,12,61,25,25,12,12],"gold":146,"neow_bonus":"UPGRADE_CARD","is_daily":false,"chose_seed":false,"campfire_upgraded":0,"win_rate":0.0,"timestamp":1607827272,"path_taken":["M","?","?","?","?","E","R","?","T","R","?","?","M","E","R_BF","BOSS","M","?","M"],"items_purchased_type":["Relic","Relic","Relic","Relic"],"build_version":"2020-11-30","purchased_purges":1,"victory":false,"max_hp_per_floor":[80,80,80,80,80,80,80,80,80,80,80,80,80,80,77,77,77,77,77,77,77],"card_choices":[{"not_picked":["Replay:Undeath\u0027s Touch","Twin Strike"],"picked":"Spot Weakness","floor":1.0},{"not_picked":["Headbutt","hubris:ReadiedAction"],"picked":"Heavy Blade","floor":2.0},{"not_picked":["Anger","Run Through"],"picked":"Offering","floor":6.0},{"not_picked":["Clothesline","Shockwave"],"picked":"Flex","floor":8.0},{"not_picked":["Life Link","Defy Death","Pommel Strike"],"picked":"SKIP","floor":11.0},{"not_picked":["hubris:CleavingFinish","Body Slam","Cleave"],"picked":"SKIP","floor":11.0},{"not_picked":["Flex","Evolve"],"picked":"ReplayTheSpireMod:Muscle Training","floor":13.0},{"not_picked":["ReplayTheSpireMod:LeadingStrike","Barricade","Anger"],"picked":"SKIP","floor":13.0},{"not_picked":["Sever Soul","Flame Barrier","Run Through"],"picked":"SKIP","floor":14.0},{"not_picked":["Hemogenesis","Eclipse"],"picked":"Brutality","floor":16.0},{"not_picked":["Wild Strike","hubris:SharpeningStone"],"picked":"Evolve","floor":18},{"not_picked":["Rage","Clothesline","Clash"],"picked":"SKIP","floor":18}],"player_experience":302887,"relics_obtained":[{"floor":4.0,"key":"ReplayTheSpireMod:Ring of Collecting"},{"floor":4.0,"key":"Ring of Hypnosis"},{"floor":6.0,"key":"Simple Rune"},{"floor":8.0,"key":"Prayer Wheel"},{"floor":9.0,"key":"Ring of Greed"},{"floor":9.0,"key":"The Courier"},{"floor":9.0,"key":"Replay:Wax Seal"},{"floor":9.0,"key":"Orichalcum"},{"floor":14.0,"key":"Bottled Lightning"}],"event_choices":[{"damage_healed":0,"gold_gain":0,"player_choice":"Upgraded","damage_taken":0,"max_hp_gain":0,"max_hp_loss":0,"event_name":"Upgrade Shrine","floor":19,"gold_loss":0,"cards_upgraded":["Evolve"]}],"is_beta":false,"boss_relics":[{"not_picked":["Runic Pyramid","Fusion Hammer"],"picked":"Mark of Pain"}],"items_purged_floors":[12],"is_endless":false,"potions_floor_spawned":[11,16],"killed_by":"2 Thieves","ascension_level":6}}