{"host":"wq1nnribrn4u2ve0","time":1607903982,"event":{"mods":["BaseMod","Jorbs\u0027s Wanderer Trilogy","Minty Spire (QoL Compilation)","Quick Restart","StSLib"],"gold_per_floor":[118,142,166,166,9,44,44,83,83,93,113,168,185,196,196,306,306,325,325,378,408,430,481,518,565,577,589,620,732,744,780,792,907,919,955,967,979,1003,1035,1047,1077,1121,1179,1191,1262,1274,1286,1329,1341,1368,1380,1392,1404,1454,1471],"floor_reached":56,"playtime":6423,"items_purged":[],"score":1384,"play_id":"2572c280-134a-45d3-9ddf-03c6bed6f9b4","local_time":"20201214005942","is_ascension_mode":false,"campfire_choices":[{"data":"stsjorbsmod:OldPocket","floor":7.0,"key":"SMITH"},{"data":"stsjorbsmod:IvoryTower","floor":15.0,"key":"SMITH"},{"floor":30.0,"key":"DIG"},{"floor":32.0,"key":"DIG"},{"floor":40,"key":"RECALL"},{"floor":47,"key":"DIG"},{"floor":49,"key":"DIG"},{"floor":52,"key":"DIG"}],"circlet_count":0,"master_deck":["stsjorbsmod:ForbiddenGrimoire+1","stsjorbsmod:Strike_Wanderer+1","stsjorbsmod:Strike_Wanderer","stsjorbsmod:Defend_Wanderer","stsjorbsmod:Defend_Wanderer","stsjorbsmod:Defend_Wanderer","stsjorbsmod:Defend_Wanderer","stsjorbsmod:FreshAdventure","stsjorbsmod:EyeOfTheStorm","stsjorbsmod:OldPocket+1","stsjorbsmod:ColorSpray","stsjorbsmod:MageArmor","stsjorbsmod:SmithingStrike","stsjorbsmod:Counterspell","stsjorbsmod:Trauma","stsjorbsmod:TollTheDead","stsjorbsmod:IvoryTower+1","stsjorbsmod:Inferno","stsjorbsmod:SiphonEnergy","stsjorbsmod:ScorchingRay+1","stsjorbsmod:Index","stsjorbsmod:Message","stsjorbsmod:WeightOfMemory","stsjorbsmod:TinyHut","stsjorbsmod:HedgeWizard","stsjorbsmod:FlameWard","stsjorbsmod:ArcaneForm","stsjorbsmod:MagicMirror","stsjorbsmod:FracturedMind","stsjorbsmod:Feast","stsjorbsmod:Firebolt+1","stsjorbsmod:Rediscovery","stsjorbsmod:Thorns","stsjorbsmod:SiphonEnergy","stsjorbsmod:Hibernate+1","stsjorbsmod:Firebolt+1","stsjorbsmod:Amnesia","stsjorbsmod:Patron+1","stsjorbsmod:WeightOfMemory+1"],"relics":["stsjorbsmod:GrimoireRelic","Frozen Eye","Ice Cream","Question Card","Blue Candle","Snecko Eye","MawBank","StoneCalendar","The Courier","Shovel","Ginger","Darkstone Periapt","Orichalcum","Regal Pillow","Cursed Key","Happy Flower","Gambling Chip","Bottled Flame","Dream Catcher","Centennial Puzzle","Mummified Hand","Dead Branch"],"acts_visited":["Exordium","TheCity","TheBeyond","TheEnding"],"potions_floor_usage":[45,54,55,55],"damage_taken":[{"damage":10.0,"enemies":"Jaw Worm","floor":1.0,"turns":4.0},{"damage":0.0,"enemies":"2 Louse","floor":2.0,"turns":3.0},{"damage":2.0,"enemies":"Cultist","floor":3.0,"turns":4.0},{"damage":14.0,"enemies":"3 Sentries","floor":6.0,"turns":6.0},{"damage":14.0,"enemies":"Gremlin Nob","floor":8.0,"turns":4.0},{"damage":0.0,"enemies":"Looter","floor":10.0,"turns":3.0},{"damage":0.0,"enemies":"Large Slime","floor":11.0,"turns":2.0},{"damage":3.0,"enemies":"Exordium Thugs","floor":13.0,"turns":2.0},{"damage":0.0,"enemies":"3 Louse","floor":14.0,"turns":2.0},{"damage":48.0,"enemies":"The Guardian","floor":16.0,"turns":8.0},{"damage":0.0,"enemies":"Chosen","floor":18.0,"turns":3.0},{"damage":0.0,"enemies":"2 Thieves","floor":21.0,"turns":1.0},{"damage":0.0,"enemies":"Snecko","floor":22.0,"turns":2.0},{"damage":0.0,"enemies":"Gremlin Leader","floor":23.0,"turns":5.0},{"damage":0.0,"enemies":"3 Cultists","floor":24.0,"turns":4.0},{"damage":20.0,"enemies":"Slavers","floor":25.0,"turns":5.0},{"damage":10.0,"enemies":"Centurion and Healer","floor":28.0,"turns":3.0},{"damage":0.0,"enemies":"Colosseum Slavers","floor":29.0,"turns":2.0},{"damage":7.0,"enemies":"Colosseum Nobs","floor":29.0,"turns":4.0},{"damage":0.0,"enemies":"Shelled Parasite and Fungi","floor":31.0,"turns":3.0},{"damage":42.0,"enemies":"Collector","floor":33.0,"turns":5.0},{"damage":8.0,"enemies":"3 Shapes","floor":35.0,"turns":3.0},{"damage":2,"enemies":"3 Darklings","floor":38,"turns":2},{"damage":0,"enemies":"Maw","floor":39,"turns":2},{"damage":10,"enemies":"4 Shapes","floor":41,"turns":5},{"damage":9,"enemies":"Reptomancer","floor":42,"turns":3},{"damage":19,"enemies":"2 Orb Walkers","floor":45,"turns":4},{"damage":1,"enemies":"Giant Head","floor":48,"turns":3},{"damage":0,"enemies":"Time Eater","floor":50,"turns":3},{"damage":13,"enemies":"Shield and Spear","floor":54,"turns":3},{"damage":38,"enemies":"The Heart","floor":55,"turns":4}],"seed_played":"4216115680942308052","potions_obtained":[{"floor":3.0,"key":"Swift Potion"},{"floor":6.0,"key":"SkillPotion"},{"floor":8.0,"key":"Fruit Juice"},{"floor":13.0,"key":"SkillPotion"},{"floor":16.0,"key":"ColorlessPotion"},{"floor":21.0,"key":"stsjorbsmod:BurningPotion"},{"floor":22.0,"key":"LiquidMemories"},{"floor":29.0,"key":"Strength Potion"},{"floor":45,"key":"Fruit Juice"},{"floor":48,"key":"Weak Potion"}],"is_trial":false,"path_per_floor":["M","M","M","?","$","E","R","E","T","M","M","?","M","M","R","B",null,"M","?","T","M","M","E","M","E","T","$","M","?","R","M","R","B",null,"M","?","$","M","M","R","M","E","T","$","?","$","R","E","R","B",null,"R","$","E","B",null],"character_chosen":"WANDERER","items_purchased":["Frozen Eye"],"campfire_rested":0,"item_purchase_floors":[5],"current_hp_per_floor":[67,68,71,71,71,58,58,47,47,48,48,48,50,50,50,2,81,81,81,81,81,81,81,81,65,65,65,60,58,58,60,60,18,81,79,79,79,77,79,79,75,71,77,77,70,70,70,76,76,82,92,92,92,87,57],"gold":1483,"neow_bonus":"TEN_PERCENT_HP_BONUS","is_daily":false,"chose_seed":false,"campfire_upgraded":2,"win_rate":0.0,"timestamp":1607903982,"path_taken":["M","M","M","?","$","E","R","E","T","M","M","?","M","M","R","BOSS","M","?","?","M","M","E","M","E","T","?","?","?","R","M","R","BOSS","M","?","?","M","M","R","M","E","T","$","?","$","R","E","R","BOSS","R","$","E","BOSS"],"items_purchased_type":["Relic"],"build_version":"2020-11-30","purchased_purges":0,"victory":true,"max_hp_per_floor":[74,74,76,76,76,76,76,76,76,76,76,76,81,81,81,81,81,81,81,81,81,81,81,81,81,81,81,81,81,81,81,81,81,81,81,81,81,81,81,81,81,81,87,87,92,92,92,92,92,92,92,92,92,94,94],"card_choices":[{"not_picked":["stsjorbsmod:Message","stsjorbsmod:ParryingBlow"],"picked":"stsjorbsmod:OldPocket","floor":1.0},{"not_picked":["stsjorbsmod:Aid","stsjorbsmod:Introspection"],"picked":"stsjorbsmod:ColorSpray","floor":2.0},{"not_picked":["stsjorbsmod:Index","stsjorbsmod:SchoolsOfMagic"],"picked":"stsjorbsmod:MageArmor","floor":3.0},{"not_picked":["stsjorbsmod:Channel","stsjorbsmod:Will"],"picked":"stsjorbsmod:SmithingStrike","floor":6.0},{"not_picked":["stsjorbsmod:ChatteringStrike","stsjorbsmod:OldPocket"],"picked":"stsjorbsmod:Counterspell","floor":8.0},{"not_picked":["stsjorbsmod:Channel","stsjorbsmod:MagicMirror","stsjorbsmod:BlackTentacles"],"picked":"stsjorbsmod:Trauma","floor":10.0},{"not_picked":["stsjorbsmod:Will","stsjorbsmod:DisguiseSelf","stsjorbsmod:ChatteringStrike"],"picked":"stsjorbsmod:TollTheDead","floor":11.0},{"not_picked":["stsjorbsmod:Index","stsjorbsmod:DoubleCheck","stsjorbsmod:OldPocket"],"picked":"stsjorbsmod:IvoryTower","floor":13.0},{"not_picked":["stsjorbsmod:Prepare","stsjorbsmod:WeightOfMemory","stsjorbsmod:TrueStrike"],"picked":"stsjorbsmod:Inferno","floor":14.0},{"not_picked":["stsjorbsmod:IvoryTower","stsjorbsmod:Feast","stsjorbsmod:Fear"],"picked":"stsjorbsmod:SiphonEnergy","floor":16.0},{"not_picked":["stsjorbsmod:LoseGrip","stsjorbsmod:Aid","stsjorbsmod:DisguiseSelf"],"picked":"stsjorbsmod:ScorchingRay+1","floor":18.0},{"not_picked":["stsjorbsmod:ScorchingRay","stsjorbsmod:Prepare","stsjorbsmod:Hibernate"],"picked":"stsjorbsmod:WeightOfMemory","floor":21.0},{"not_picked":["stsjorbsmod:ChatteringStrike","stsjorbsmod:RayOfFrost","stsjorbsmod:MageArmor+1"],"picked":"stsjorbsmod:TinyHut","floor":22.0},{"not_picked":["stsjorbsmod:Rest","stsjorbsmod:HoldMonster","stsjorbsmod:Channel"],"picked":"stsjorbsmod:HedgeWizard","floor":23.0},{"not_picked":["stsjorbsmod:BlackTentacles","stsjorbsmod:Index+1","stsjorbsmod:ColorSpray"],"picked":"stsjorbsmod:FlameWard","floor":24.0},{"not_picked":["stsjorbsmod:DisguiseSelf","stsjorbsmod:BlackTentacles","stsjorbsmod:Introspection+1"],"picked":"stsjorbsmod:ArcaneForm","floor":25.0},{"not_picked":["stsjorbsmod:Aid+1","stsjorbsmod:FranticSearch","stsjorbsmod:FaerieFire"],"picked":"stsjorbsmod:MagicMirror","floor":28.0},{"not_picked":["stsjorbsmod:Prepare","stsjorbsmod:AnimateObjects","stsjorbsmod:TollTheDead"],"picked":"stsjorbsmod:FracturedMind","floor":29.0},{"not_picked":["stsjorbsmod:Mania","stsjorbsmod:ParryingBlow","stsjorbsmod:Index","stsjorbsmod:MageArmor"],"picked":"SKIP","floor":31.0},{"not_picked":["stsjorbsmod:Entangle","stsjorbsmod:MirrorImage","stsjorbsmod:SiphonEnergy"],"picked":"stsjorbsmod:Feast","floor":33.0},{"not_picked":["stsjorbsmod:Prestidigitation+1","stsjorbsmod:ChainLightning","stsjorbsmod:DoubleCheck+1"],"picked":"stsjorbsmod:Firebolt+1","floor":35.0},{"not_picked":["stsjorbsmod:Introspection+1","stsjorbsmod:Index","stsjorbsmod:TollTheDead+1"],"picked":"stsjorbsmod:SiphonEnergy","floor":38},{"not_picked":["stsjorbsmod:DisguiseSelf","stsjorbsmod:Index","stsjorbsmod:FracturedMind+1"],"picked":"stsjorbsmod:Hibernate+1","floor":39},{"not_picked":["stsjorbsmod:RayOfFrost+1","stsjorbsmod:Mindworm+1","stsjorbsmod:BurningFlask"],"picked":"stsjorbsmod:Firebolt+1","floor":41},{"not_picked":["stsjorbsmod:ArcaneForm","stsjorbsmod:BlackTentacles","stsjorbsmod:Hurt+1","stsjorbsmod:FlameWard"],"picked":"SKIP","floor":42},{"not_picked":["stsjorbsmod:ChainLightning+1","stsjorbsmod:ColorSpray+1","stsjorbsmod:Materialize"],"picked":"stsjorbsmod:Patron+1","floor":45},{"not_picked":["stsjorbsmod:ParryingBlow","stsjorbsmod:PurgeMind","stsjorbsmod:Firebolt"],"picked":"stsjorbsmod:WeightOfMemory+1","floor":48},{"not_picked":["stsjorbsmod:BurningFlask","stsjorbsmod:Mending+1","stsjorbsmod:Mindworm+1","stsjorbsmod:Thorns+1"],"picked":"SKIP","floor":54}],"player_experience":384154,"relics_obtained":[{"floor":6.0,"key":"Ice Cream"},{"floor":8.0,"key":"Question Card"},{"floor":9.0,"key":"Blue Candle"},{"floor":20.0,"key":"MawBank"},{"floor":23.0,"key":"StoneCalendar"},{"floor":25.0,"key":"The Courier"},{"floor":26.0,"key":"Shovel"},{"floor":29.0,"key":"Ginger"},{"floor":29.0,"key":"Darkstone Periapt"},{"floor":30.0,"key":"Orichalcum"},{"floor":32.0,"key":"Regal Pillow"},{"floor":42,"key":"Happy Flower"},{"floor":45,"key":"Gambling Chip"},{"floor":47,"key":"Bottled Flame"},{"floor":48,"key":"Dream Catcher"},{"floor":49,"key":"Centennial Puzzle"},{"floor":52,"key":"Mummified Hand"},{"floor":54,"key":"Dead Branch"}],"event_choices":[{"damage_healed":0.0,"max_hp_gain":0.0,"max_hp_loss":0.0,"gold_gain":0.0,"event_name":"The Cleric","player_choice":"Leave","floor":4.0,"gold_loss":0.0,"damage_taken":0.0},{"damage_healed":0.0,"max_hp_gain":0.0,"max_hp_loss":0.0,"gold_gain":55.0,"event_name":"Golden Wing","player_choice":"Gained Gold","floor":12.0,"gold_loss":0.0,"damage_taken":0.0},{"damage_healed":0.0,"max_hp_gain":0.0,"max_hp_loss":0.0,"gold_gain":0.0,"cards_transformed":["stsjorbsmod:Strike_Wanderer","stsjorbsmod:Strike_Wanderer"],"event_name":"Drug Dealer","player_choice":"Became Test Subject","floor":19.0,"gold_loss":0.0,"damage_taken":0.0,"cards_obtained":["stsjorbsmod:Index","stsjorbsmod:Message"]},{"damage_healed":0.0,"max_hp_gain":0.0,"max_hp_loss":0.0,"gold_gain":0.0,"event_name":"Colosseum","player_choice":"Fight","floor":29.0,"gold_loss":0.0,"damage_taken":0.0},{"damage_healed":0.0,"max_hp_gain":0.0,"max_hp_loss":0.0,"gold_gain":0.0,"event_name":"Colosseum","player_choice":"Fought Nobs","floor":29.0,"gold_loss":0.0,"damage_taken":0.0},{"damage_healed":0,"gold_gain":0,"player_choice":"2 cards matched","damage_taken":0,"max_hp_gain":0,"max_hp_loss":0,"event_name":"Match and Keep!","floor":36,"gold_loss":0,"cards_obtained":["stsjorbsmod:Rediscovery","stsjorbsmod:Thorns"]},{"damage_healed":0,"gold_gain":0,"player_choice":"2 cards matched","damage_taken":0,"max_hp_gain":0,"max_hp_loss":0,"event_name":"Match and Keep!","floor":36,"gold_loss":0,"cards_obtained":["stsjorbsmod:Rediscovery","stsjorbsmod:Thorns"]},{"damage_healed":0,"gold_gain":0,"player_choice":"2 cards matched","damage_taken":0,"max_hp_gain":0,"max_hp_loss":0,"event_name":"Match and Keep!","floor":36,"gold_loss":0,"cards_obtained":["stsjorbsmod:Rediscovery","stsjorbsmod:Thorns"]},{"damage_healed":0,"gold_gain":0,"player_choice":"Fight","damage_taken":0,"max_hp_gain":0,"max_hp_loss":0,"event_name":"Mysterious Sphere","floor":45,"gold_loss":0}],"is_beta":false,"boss_relics":[{"not_picked":["Fusion Hammer","Runic Dome"],"picked":"Snecko Eye"},{"not_picked":["Coffee Dripper","SlaversCollar"],"picked":"Cursed Key"}],"items_purged_floors":[],"is_endless":false,"potions_floor_spawned":[3,6,8,13,16,21,22,25,28,29,35,39,45,48],"ascension_level":0}}