{"host":"w7o06k3e8uel8euj","time":1607855268,"event":{"mods":["AchievementEnabler","BaseMod","Colored Powertips","Custom Start","DeckTracker","Keyboard Shortcuts","Minty Spire (QoL Compilation)","Quick Restart","Relic Stats","StSLib","SuperFastMode","everything is the same but u backflip on backflip"],"gold_per_floor":[365,365,74,74,74,74,101,101,101,136,136,163,163,163],"floor_reached":13,"playtime":194,"items_purged":["Strike_B"],"score":170,"play_id":"d6f92bdb-534f-4ebf-91b0-52bbdb8a8c21","local_time":"20201213192748","is_ascension_mode":true,"campfire_choices":[{"data":"Defragment","floor":6.0,"key":"SMITH"},{"data":"Zap","floor":8.0,"key":"SMITH"},{"data":"Recycle","floor":11,"key":"SMITH"}],"circlet_count":0,"master_deck":["AscendersBane","Strike_B","Strike_B","Strike_B","Defend_B","Defend_B","Defend_B","Defend_B","Zap+1","Dualcast+1","Coolheaded+1","Defragment+1","Recycle+1"],"relics":["Cracked Core","DataDisk","Runic Capacitor","MealTicket","Bag of Marbles","War Paint"],"acts_visited":["Exordium"],"potions_floor_usage":[],"damage_taken":[{"damage":4.0,"enemies":"Jaw Worm","floor":1.0,"turns":4.0},{"damage":17.0,"enemies":"3 Sentries","floor":7.0,"turns":8.0},{"damage":5,"enemies":"Lagavulin","floor":10,"turns":6},{"damage":70,"enemies":"Gremlin Nob","floor":13,"turns":4}],"seed_played":"473911105430665223","potions_obtained":[{"floor":10,"key":"GamblersBrew"}],"is_trial":false,"path_per_floor":["M","?","$","?","$","R","E","R","T","E","R","T","E"],"character_chosen":"DEFECT","items_purchased":["Defragment","DataDisk","Runic Capacitor"],"campfire_rested":0,"item_purchase_floors":[3,3,5],"current_hp_per_floor":[60,65,65,65,65,65,48,48,48,43,43,43,0,0],"gold":163,"neow_bonus":"TWO_FIFTY_GOLD","is_daily":false,"chose_seed":false,"campfire_upgraded":3,"win_rate":0.0,"timestamp":1607855268,"path_taken":["M","?","$","?","$","R","E","R","T","E","R","?","E"],"items_purchased_type":["Card","Relic","Relic"],"build_version":"2020-11-30","purchased_purges":1,"victory":false,"max_hp_per_floor":[64,69,69,69,69,69,69,69,69,69,69,69,69,69],"relic_stats":{"counters":[4,22],"MealTicket":0,"War Paint":["Dualcast","Coolheaded"],"obtain_stats":[{"DataDisk":3,"MealTicket":7,"Runic Capacitor":5,"Bag of Marbles":10,"War Paint":12,"Cracked Core":0},{"DataDisk":1,"MealTicket":2,"Runic Capacitor":1,"Bag of Marbles":3,"War Paint":3,"Cracked Core":0},{"DataDisk":4,"MealTicket":12,"Runic Capacitor":4,"Bag of Marbles":18,"War Paint":18,"Cracked Core":0}]},"card_choices":[{"not_picked":["Gash","Turbo"],"picked":"Coolheaded","floor":1.0},{"not_picked":["Auto Shields","White Noise","Creative AI"],"picked":"SKIP","floor":7.0},{"not_picked":["Steam","Go for the Eyes"],"picked":"Recycle","floor":10}],"player_experience":543277,"relics_obtained":[{"floor":7.0,"key":"MealTicket"},{"floor":10,"key":"Bag of Marbles"},{"floor":12,"key":"War Paint"}],"event_choices":[{"damage_healed":0.0,"max_hp_gain":5.0,"max_hp_loss":0.0,"gold_gain":0.0,"event_name":"Big Fish","player_choice":"Donut","floor":2.0,"gold_loss":0.0,"damage_taken":0.0},{"damage_healed":0.0,"max_hp_gain":0.0,"max_hp_loss":0.0,"gold_gain":0.0,"event_name":"The Cleric","player_choice":"Leave","floor":4.0,"gold_loss":0.0,"damage_taken":0.0}],"is_beta":false,"boss_relics":[],"items_purged_floors":[3],"is_endless":false,"potions_floor_spawned":[10],"killed_by":"Gremlin Nob","ascension_level":19}}