{"host":"egyxg9lnjq7g2hmw","time":1607896564,"event":{"mods":["AchievementEnabler","BaseMod","Block Reminder","Colored Map","Colored Powertips","Highlight Path","Minty Spire (QoL Compilation)","Rare Cards Sparkle","StSLib"],"gold_per_floor":[114,126,126,142,142,172,172,183,210,240,260,260,277,308,308,308,308],"floor_reached":16,"playtime":870,"items_purged":[],"score":128,"play_id":"4ae94862-35a7-4ce5-a26f-522c51507306","local_time":"20201213135604","is_ascension_mode":true,"campfire_choices":[{"data":"Eruption","floor":7.0,"key":"SMITH"},{"data":"Prostrate","floor":12.0,"key":"SMITH"},{"data":"DeusExMachina","floor":15.0,"key":"SMITH"}],"circlet_count":0,"master_deck":["Strike_P","Strike_P","Strike_P","Strike_P","Defend_P","Defend_P","Defend_P","Defend_P","Eruption+1","Vigilance","FollowUp","JustLucky","FearNoEvil","Prostrate+1","DeusExMachina+1","CrushJoints","EmptyFist","LessonLearned"],"relics":["PureWater","Damaru","Pen Nib","Blood Vial","Orichalcum"],"acts_visited":["Exordium"],"potions_floor_usage":[16,16],"damage_taken":[{"damage":4.0,"enemies":"Jaw Worm","floor":1.0,"turns":4.0},{"damage":0.0,"enemies":"Cultist","floor":2.0,"turns":2.0},{"damage":0.0,"enemies":"Small Slimes","floor":4.0,"turns":3.0},{"damage":36.0,"enemies":"Lagavulin","floor":6.0,"turns":9.0},{"damage":2.0,"enemies":"Blue Slaver","floor":8.0,"turns":2.0},{"damage":8.0,"enemies":"3 Sentries","floor":10.0,"turns":6.0},{"damage":0.0,"enemies":"3 Louse","floor":11.0,"turns":4.0},{"damage":0.0,"enemies":"Large Slime","floor":13.0,"turns":4.0},{"damage":11.0,"enemies":"Lagavulin","floor":14.0,"turns":6.0},{"damage":27,"enemies":"The Guardian","floor":16,"turns":7}],"seed_played":"5055867325594828365","potions_obtained":[{"floor":4.0,"key":"AttackPotion"},{"floor":6.0,"key":"Energy Potion"},{"floor":8.0,"key":"BlessingOfTheForge"},{"floor":11.0,"key":"FearPotion"}],"is_trial":false,"path_per_floor":["M","M","?","M","?","E","R","M","T","E","M","R","M","E","R","B"],"character_chosen":"WATCHER","items_purchased":[],"campfire_rested":0,"item_purchase_floors":[],"current_hp_per_floor":[75,75,75,75,75,39,39,37,37,29,31,31,33,24,24,0,0],"gold":308,"neow_bonus":"TEN_PERCENT_HP_BONUS","is_daily":false,"chose_seed":false,"campfire_upgraded":3,"win_rate":0.0,"timestamp":1607896564,"path_taken":["M","M","?","?","?","E","R","?","T","E","M","R","?","E","R","BOSS"],"items_purchased_type":[],"build_version":"2020-11-30","purchased_purges":0,"victory":false,"max_hp_per_floor":[79,79,79,79,79,79,79,79,79,79,79,79,79,79,79,79,79],"card_choices":[{"not_picked":["FlurryOfBlows","EmptyBody"],"picked":"FollowUp","floor":1.0},{"not_picked":["Indignation","Study","WheelKick"],"picked":"SKIP","floor":2.0},{"not_picked":["Indignation","Weave"],"picked":"JustLucky","floor":4.0},{"not_picked":["ClearTheMind","FlyingSleeves"],"picked":"FearNoEvil","floor":6.0},{"not_picked":["Wallop","Indignation"],"picked":"Prostrate","floor":8.0},{"not_picked":["FlyingSleeves","Adaptation"],"picked":"DeusExMachina","floor":10.0},{"not_picked":["Evaluate","TalkToTheHand"],"picked":"CrushJoints","floor":11.0},{"not_picked":["Weave","Prostrate"],"picked":"EmptyFist","floor":13.0},{"not_picked":["Evaluate","BowlingBash"],"picked":"LessonLearned","floor":14.0}],"player_experience":421389,"relics_obtained":[{"floor":6.0,"key":"Damaru"},{"floor":9.0,"key":"Pen Nib"},{"floor":10.0,"key":"Blood Vial"},{"floor":14.0,"key":"Orichalcum"}],"event_choices":[{"damage_healed":0.0,"max_hp_gain":0.0,"max_hp_loss":0.0,"gold_gain":0.0,"event_name":"Wheel of Change","player_choice":"Cursed","floor":3.0,"gold_loss":0.0,"damage_taken":0.0,"cards_obtained":["Decay"]},{"cards_removed":["Decay"],"damage_healed":0.0,"max_hp_gain":0.0,"max_hp_loss":0.0,"gold_gain":0.0,"event_name":"Purifier","player_choice":"Purged","floor":5.0,"gold_loss":0.0,"damage_taken":0.0}],"is_beta":false,"boss_relics":[],"items_purged_floors":[],"is_endless":false,"potions_floor_spawned":[4,6,8,11],"killed_by":"The Guardian","ascension_level":1}}