{"host":"ow9msrs9p2ctkx99","time":1607820775,"event":{"mods":["AchievementEnabler","BaseMod","Colored Map","Colored Powertips","Minty Spire (QoL Compilation)","Permanent Neow","Quick Restart","SuperFastMode"],"gold_per_floor":[115,115,136,157,14,14,52,52,52,70,70,70,91,124,124,217,217,242,262,119,119,119,160,160,196,220,263,263,278,298,313,313,313,313],"floor_reached":33,"playtime":2795,"items_purged":["Strike_G"],"score":595,"play_id":"7d06e0d4-f8b5-4b0b-8e00-d2b7f2f41081","local_time":"20201213015255","is_ascension_mode":true,"campfire_choices":[{"data":"Glass Knife","floor":6.0,"key":"SMITH"},{"data":"Blind","floor":8.0,"key":"SMITH"},{"data":"Deadly Poison","floor":12.0,"key":"SMITH"},{"floor":15.0,"key":"REST"},{"floor":24,"key":"REST"},{"data":"Armaments","floor":28,"key":"SMITH"},{"floor":32,"key":"REST"}],"circlet_count":0,"master_deck":["AscendersBane","Strike_G+1","Strike_G+1","Strike_G","Strike_G","Defend_G","Defend_G","Defend_G+1","Defend_G","Defend_G","Survivor+1","Neutralize","Glass Knife+1","Deadly Poison+1","Blind+1","Blade Dance","Consecrate","LessonLearned+1","FTL","Finisher","Footwork","Ghostly","Ghostly","Ghostly","BowlingBash","Aggregate","Armaments+1","Hologram+1","Cold Snap+1"],"relics":["Ring of the Snake","Golden Idol","PrismaticShard","Oddly Smooth Stone","Pantograph","Shuriken","Sozu","Orichalcum","Snake Skull","Nunchaku","Ninja Scroll"],"acts_visited":["Exordium","TheCity"],"potions_floor_usage":[19,29],"damage_taken":[{"damage":14.0,"enemies":"Small Slimes","floor":1.0,"turns":4.0},{"damage":3.0,"enemies":"2 Louse","floor":3.0,"turns":3.0},{"damage":1.0,"enemies":"Cultist","floor":4.0,"turns":3.0},{"damage":10.0,"enemies":"Lagavulin","floor":7.0,"turns":5.0},{"damage":3.0,"enemies":"Large Slime","floor":10.0,"turns":7.0},{"damage":0.0,"enemies":"2 Fungi Beasts","floor":13.0,"turns":2.0},{"damage":20.0,"enemies":"3 Sentries","floor":14.0,"turns":7.0},{"damage":39.0,"enemies":"Hexaghost","floor":16.0,"turns":10.0},{"damage":16.0,"enemies":"2 Thieves","floor":18.0,"turns":4.0},{"damage":0,"enemies":"3 Byrds","floor":19,"turns":5},{"damage":13,"enemies":"Book of Stabbing","floor":23,"turns":8},{"damage":0,"enemies":"Gremlin Leader","floor":25,"turns":6},{"damage":9,"enemies":"Book of Stabbing","floor":27,"turns":7},{"damage":0,"enemies":"Shelled Parasite and Fungi","floor":29,"turns":5},{"damage":16,"enemies":"Sentry and Sphere","floor":30,"turns":4},{"damage":0,"enemies":"Snake Plant","floor":31,"turns":4},{"damage":51,"enemies":"Collector","floor":33,"turns":6}],"seed_played":"4118718313006163435","potions_obtained":[{"floor":3.0,"key":"BlessingOfTheForge"},{"floor":7.0,"key":"Fire Potion"},{"floor":11.0,"key":"GamblersBrew"},{"floor":16.0,"key":"FearPotion"}],"is_trial":false,"path_per_floor":["M","?","M","M","$","R","E","R","T","M","?","R","M","E","R","B",null,"M","M","$","?","?","E","R","E","T","E","R","M","M","M","R","B"],"character_chosen":"THE_SILENT","items_purchased":["PrismaticShard","Finisher"],"campfire_rested":3,"item_purchase_floors":[5,20],"current_hp_per_floor":[45,45,42,41,41,41,31,31,31,28,28,28,28,8,26,12,48,32,32,32,32,30,17,26,26,26,17,17,17,1,1,10,0,0],"gold":313,"neow_bonus":"ONE_RANDOM_RARE_CARD","is_daily":false,"chose_seed":false,"campfire_upgraded":4,"win_rate":0.0,"timestamp":1607820775,"path_taken":["M","?","M","M","$","R","E","R","T","M","?","R","M","E","R","BOSS","M","M","$","?","?","E","R","E","T","E","R","M","M","M","R","BOSS"],"items_purchased_type":["Relic","Card"],"build_version":"2020-11-30","purchased_purges":1,"victory":false,"max_hp_per_floor":[66,60,60,60,60,60,60,60,60,60,60,60,60,60,60,60,60,60,60,60,60,30,30,30,30,30,30,30,30,30,30,30,30,30],"card_choices":[{"not_picked":["Deflect","PiercingWail"],"picked":"Deadly Poison","floor":1.0},{"not_picked":["Poisoned Stab","Deflect","Endless Agony"],"picked":"SKIP","floor":3.0},{"not_picked":["Slice","Caltrops","Deflect"],"picked":"SKIP","floor":4.0},{"not_picked":["Metamorphosis","Uppercut"],"picked":"Blind","floor":7.0},{"not_picked":["Bloodletting","Armaments"],"picked":"Blade Dance","floor":10.0},{"not_picked":["Dodge and Roll","PathToVictory"],"picked":"Consecrate","floor":13.0},{"not_picked":["Swivel","Rampage","Streamline"],"picked":"SKIP","floor":14.0},{"not_picked":["Panache","Berserk"],"picked":"LessonLearned","floor":16.0},{"not_picked":["Loop","Dark Embrace"],"picked":"FTL","floor":18.0},{"not_picked":["ClearTheMind","CarveReality","Rebound"],"picked":"SKIP","floor":19},{"not_picked":["Backflip","Rampage"],"picked":"BowlingBash","floor":23},{"not_picked":["Barrage","Slice"],"picked":"Aggregate","floor":25},{"not_picked":["Underhanded Strike","BowlingBash"],"picked":"Armaments","floor":27},{"not_picked":["Dark Shackles","ClearTheMind"],"picked":"Hologram+1","floor":29},{"not_picked":["Venomology","Poisoned Stab"],"picked":"Cold Snap+1","floor":30},{"not_picked":["Perfected Strike+1","Go for the Eyes","Cleave"],"picked":"SKIP","floor":31}],"player_experience":973473,"relics_obtained":[{"floor":7.0,"key":"Oddly Smooth Stone"},{"floor":9.0,"key":"Pantograph"},{"floor":14.0,"key":"Shuriken"},{"floor":23,"key":"Orichalcum"},{"floor":25,"key":"Snake Skull"},{"floor":26,"key":"Nunchaku"},{"floor":27,"key":"Ninja Scroll"}],"event_choices":[{"damage_healed":0.0,"max_hp_gain":0.0,"max_hp_loss":6.0,"gold_gain":0.0,"event_name":"Golden Idol","player_choice":"Lose Max HP","floor":2.0,"gold_loss":0.0,"damage_taken":0.0,"relics_obtained":["Golden Idol"]},{"damage_healed":0.0,"max_hp_gain":0.0,"max_hp_loss":0.0,"gold_gain":0.0,"event_name":"Lab","player_choice":"Got Potions","floor":11.0,"gold_loss":0.0,"damage_taken":0.0},{"damage_healed":0,"gold_gain":0,"player_choice":"Read","damage_taken":0,"max_hp_gain":0,"max_hp_loss":0,"event_name":"The Library","floor":21,"gold_loss":0,"cards_obtained":["Footwork"]},{"damage_healed":0,"gold_gain":0,"player_choice":"Became a Ghost","damage_taken":0,"max_hp_gain":0,"max_hp_loss":30,"event_name":"Ghosts","floor":22,"gold_loss":0,"cards_obtained":["Ghostly","Ghostly","Ghostly"]}],"is_beta":false,"boss_relics":[{"not_picked":["Ring of the Serpent","Black Star"],"picked":"Sozu"}],"items_purged_floors":[20],"is_endless":false,"potions_floor_spawned":[3,7,16,18,27,30],"killed_by":"Collector","ascension_level":15}}