{"host":"z6c1sol8rulx2ubz","time":1607858920,"event":{"mods":["AchievementEnabler","Act Like it!","BaseMod","Better Note","Better Third Choice","Downfall","Elementarium","Gold Saver","Hallownest","Hermit","Hubris","Infinite Spire","Jorbs\u0027s Wanderer Trilogy","Minty Spire (QoL Compilation)","Potionbrewer","Quick Restart","Rare Cards Sparkle","Reorder Act Four","StSLib","The Animator","The Bug Knight","The Cursed","The Necromancer","Wandering Minibosses"],"gold_per_floor":[131,163,263,280,280,314,314,296,296,296,306,332,349,524,524,643,643,668,668,97,113,113,154,154,154],"floor_reached":24,"playtime":2156,"items_purged":[],"score":249,"play_id":"6536d269-a201-4790-b9df-3629138528cc","local_time":"20201213112840","is_ascension_mode":false,"campfire_choices":[{"data":"animator:GazelDwargon","floor":7,"key":"SMITH"},{"data":"animator:GazelDwargon","floor":10,"key":"SMITH"},{"floor":15,"key":"REST"}],"circlet_count":0,"master_deck":["animator:Strike_NoGameNoLife","animator:Defend_NoGameNoLife","animator:Strike+1","animator:Strike","animator:Defend","animator:Defend","animator:Defend","animator:DolaCouronne","animator:Jibril","animator:GazelDwargon+1","Regret","hubris:DuctTapeCard","animator:GazelDwargon+1","animator:Kaijin","animator:DolaSchwi","animator:Viivi","animator:Vesta","Doubt","animator:Shizu","animator:DolaStephanie+1","animator:Emilia","animator:YuiTsuruno","animator:Evileye"],"relics":["animator:VividPicture","animator:TheMissingPiece","NeowsBlessing","hubris:DuctTape","CaptainsWheel","Nloth\u0027s Gift","Chemical X","infinitespire:FocusingShard","Girya"],"acts_visited":["Exordium","TheCity"],"potions_floor_usage":[6,6,6,12,16,16,23],"damage_taken":[{"damage":0,"enemies":"2 Louse","floor":1,"turns":2},{"damage":0,"enemies":"Cultist","floor":2,"turns":1},{"damage":0,"enemies":"Small Slimes","floor":4,"turns":1},{"damage":1,"enemies":"3 Sentries","floor":6,"turns":6},{"damage":13,"enemies":"Looter","floor":8,"turns":4},{"damage":15,"enemies":"Exordium Thugs","floor":11,"turns":7},{"damage":5,"enemies":"Lagavulin","floor":12,"turns":8},{"damage":11,"enemies":"2 Fungi Beasts","floor":13,"turns":6},{"damage":25,"enemies":"The Guardian","floor":16,"turns":11},{"damage":23,"enemies":"Spheric Guardian","floor":18,"turns":9},{"damage":10,"enemies":"Chosen","floor":21,"turns":6},{"damage":28,"enemies":"Nightmare","floor":23,"turns":8},{"damage":10,"enemies":"Centurion and Healer","floor":24,"turns":1}],"seed_played":"3096020735679087742","potions_obtained":[{"floor":1,"key":"SkillPotion"},{"floor":2,"key":"Dexterity Potion"},{"floor":4,"key":"potionbrewer:DiscountPotion"},{"floor":11,"key":"potionbrewer:SplittingPotion"},{"floor":13,"key":"Explosive Potion"},{"floor":18,"key":"Energy Potion"}],"is_trial":false,"path_per_floor":["M","M","?","M","?","E","R","M","T","R","M","E","M","?","R","B",null,"M","?","$","M","?","NM","M"],"character_chosen":"THE_ANIMATOR","items_purchased":["Chemical X","animator:Emilia","infinitespire:FocusingShard"],"campfire_rested":1,"item_purchase_floors":[20,20,20],"current_hp_per_floor":[66,66,66,67,67,66,66,53,53,53,39,34,24,24,44,34,69,46,46,46,36,36,8,0,0],"gold":154,"neow_bonus":"THREE_ENEMY_KILL","is_daily":false,"chose_seed":false,"campfire_upgraded":2,"win_rate":0.0,"timestamp":1607858920,"path_taken":["M","M","?","?","?","E","R","M","T","R","M","E","M","?","R","BOSS","M","?","$","M","?","NM","M"],"items_purchased_type":["Relic","Card","Relic"],"build_version":"2020-11-30","purchased_purges":0,"victory":false,"max_hp_per_floor":[66,66,66,67,67,67,67,67,67,67,68,68,69,69,69,69,69,69,69,69,69,69,69,69,69],"card_choices":[{"not_picked":["animator:PandorasActor","animator:KrulTepes"],"picked":"animator:Benimaru","floor":1},{"not_picked":["animator:Shinoa","animator:Mitsuba"],"picked":"animator:Jibril","floor":2},{"not_picked":["animator:MamiTomoe","animator:Fredrika"],"picked":"animator:GazelDwargon","floor":4},{"not_picked":["animator:Souei","animator:Shuna"],"picked":"animator:GazelDwargon","floor":6},{"not_picked":["animator:Entoma","animator:MamiTomoe"],"picked":"animator:Kaijin","floor":8},{"not_picked":["animator:DolaCouronne","animator:Hakurou"],"picked":"animator:DolaSchwi","floor":11},{"not_picked":["animator:Fredrika","animator:FeridBathory"],"picked":"animator:Viivi","floor":12},{"not_picked":["animator:Shion","animator:Hakurou"],"picked":"animator:Vesta","floor":13},{"not_picked":["animator:Kyubey","animator:Sora"],"picked":"animator:Shizu","floor":16},{"not_picked":["animator:YaoHaDucy","animator:Yoichi"],"picked":"animator:DolaStephanie+1","floor":18},{"not_picked":["animator:Yoichi","animator:ChaikaBohdan","animator:Shion"],"picked":"SKIP","floor":21},{"not_picked":["animator:Shigure","animator:ChlammyZell"],"picked":"animator:Evileye","floor":23}],"player_experience":228637,"relics_obtained":[{"floor":6,"key":"hubris:DuctTape"},{"floor":12,"key":"CaptainsWheel"},{"floor":23,"key":"Girya"}],"event_choices":[{"damage_healed":0,"gold_gain":100,"player_choice":"Pray","damage_taken":0,"max_hp_gain":0,"max_hp_loss":0,"event_name":"Golden Shrine","floor":3,"gold_loss":0},{"damage_healed":0,"gold_gain":0,"player_choice":"Box","damage_taken":0,"relics_obtained":["animator:BattleDrones"],"max_hp_gain":0,"max_hp_loss":0,"event_name":"Big Fish","floor":5,"gold_loss":0,"cards_obtained":["Regret"]},{"damage_healed":0,"gold_gain":175,"player_choice":"AGREE","damage_taken":349,"max_hp_gain":0,"max_hp_loss":0,"event_name":"betterThird:BetterSerpent","floor":14,"gold_loss":0},{"damage_healed":0,"gold_gain":0,"player_choice":"Traded Relic","damage_taken":0,"relics_obtained":["Nloth\u0027s Gift"],"max_hp_gain":0,"max_hp_loss":0,"event_name":"N\u0027loth","floor":19,"relics_lost":["animator:BattleDrones"],"gold_loss":0},{"damage_healed":0,"gold_gain":0,"cards_transformed":["animator:Strike"],"player_choice":"Transformed","damage_taken":0,"max_hp_gain":0,"max_hp_loss":0,"event_name":"Transmorgrifier","floor":22,"gold_loss":0,"cards_obtained":["animator:YuiTsuruno"]}],"is_beta":false,"boss_relics":[{"not_picked":["infinitespire:Cupcake","SacredBark"],"picked":"animator:VividPicture"}],"items_purged_floors":[],"is_endless":false,"potions_floor_spawned":[1,2,4,11,13,18],"killed_by":"Centurion and Healer","ascension_level":0}}