{"host":"ryuep8ewa00k39z9","time":1607882943,"event":{"mods":["AchievementEnabler","BaseMod","Best Route Mod","Colored Map","Colored Powertips","Displayed Cursed Tome","Highlight Path","Minty Spire (QoL Compilation)","Quick Restart","SuperFastMode"],"gold_per_floor":[112,112,112,128,78,111,111,81,81,113,133,133,21,36,36,109,109,119,19,19,38,38,67,67,102,125,153,182,194,216,262,274,360,672,701,730,166,166,200,200,241,270,270,305,335,353,415,415,415,415],"floor_reached":51,"playtime":524519,"items_purged":["Strike_R","Defend_R","Shame"],"score":1772,"play_id":"173f1c54-3f2d-4e40-a5b4-fd1f0327cffb","local_time":"20201213120903","is_ascension_mode":true,"campfire_choices":[{"floor":7.0,"key":"REST"},{"data":"Double Tap","floor":12.0,"key":"SMITH"},{"floor":15.0,"key":"REST"},{"floor":24.0,"key":"REST"},{"data":"Uppercut","floor":32.0,"key":"SMITH"},{"data":"Dual Wield","floor":40.0,"key":"SMITH"},{"data":"Apotheosis","floor":49,"key":"SMITH"}],"circlet_count":0,"master_deck":["AscendersBane","Defend_R","Defend_R","Defend_R","Bash","Cleave","Sever Soul","Carnage","Double Tap+1","Uppercut+1","Corruption+1","Clash+1","Spot Weakness+1","Berserk","Dropkick","Demon Form","Corruption","Shrug It Off","Uppercut","Shockwave","Bludgeon","CurseOfTheBell","Dark Embrace","Evolve","Demon Form","Apotheosis+1","Fiend Fire","Metallicize","Dual Wield+1","Shockwave","Heavy Blade+1","Uppercut+1","Shockwave","Twin Strike+1","Madness","Madness","Burning Pact+1"],"relics":["Black Star","Matryoshka","Mercury Hourglass","PreservedInsect","Red Skull","Mummified Hand","Question Card","StoneCalendar","Snecko Eye","FossilizedHelix","Bronze Scales","Toy Ornithopter","Turnip","Mango","Anchor","Smiling Mask","MawBank","Orichalcum","Prayer Wheel","Singing Bowl","Calling Bell","Regal Pillow","Kunai","Old Coin","Membership Card","Bottled Lightning","CeramicFish","Bird Faced Urn","The Courier","Pear","Bottled Tornado","Paper Frog","Pen Nib","Juzu Bracelet","Boot"],"acts_visited":["TheBeyond"],"potions_floor_usage":[47],"damage_taken":[{"damage":3.0,"enemies":"2 Louse","floor":1.0,"turns":3.0},{"damage":1.0,"enemies":"Cultist","floor":4.0,"turns":3.0},{"damage":35.0,"enemies":"Lagavulin","floor":6.0,"turns":7.0},{"damage":5.0,"enemies":"3 Sentries","floor":10.0,"turns":3.0},{"damage":7.0,"enemies":"Jaw Worm","floor":11.0,"turns":2.0},{"damage":0.0,"enemies":"3 Louse","floor":14.0,"turns":1.0},{"damage":30.0,"enemies":"Hexaghost","floor":16.0,"turns":7.0},{"damage":3.0,"enemies":"Chosen","floor":18.0,"turns":3.0},{"damage":30.0,"enemies":"2 Thieves","floor":21.0,"turns":3.0},{"damage":29.0,"enemies":"Book of Stabbing","floor":23.0,"turns":4.0},{"damage":0.0,"enemies":"Slavers","floor":25.0,"turns":2.0},{"damage":0.0,"enemies":"Book of Stabbing","floor":27.0,"turns":2.0},{"damage":11.0,"enemies":"Shelled Parasite and Fungi","floor":28.0,"turns":4.0},{"damage":0.0,"enemies":"Snake Plant","floor":30.0,"turns":3.0},{"damage":9.0,"enemies":"Gremlin Leader","floor":31.0,"turns":4.0},{"damage":0.0,"enemies":"Champ","floor":33.0,"turns":4.0},{"damage":0.0,"enemies":"Orb Walker","floor":35.0,"turns":2.0},{"damage":5.0,"enemies":"3 Darklings","floor":36.0,"turns":4.0},{"damage":3.0,"enemies":"Mind Bloom Boss Battle","floor":39.0,"turns":3.0},{"damage":0.0,"enemies":"Nemesis","floor":41.0,"turns":3.0},{"damage":0.0,"enemies":"Maw","floor":42.0,"turns":6.0},{"damage":0.0,"enemies":"Giant Head","floor":44.0,"turns":2.0},{"damage":0.0,"enemies":"Sphere and 2 Shapes","floor":45.0,"turns":2.0},{"damage":0,"enemies":"Reptomancer","floor":47,"turns":2},{"damage":15,"enemies":"Donu and Deca","floor":50,"turns":5}],"seed_played":"-7446153451774669471","potions_obtained":[{"floor":4.0,"key":"SteroidPotion"},{"floor":8.0,"key":"SmokeBomb"},{"floor":8.0,"key":"ColorlessPotion"},{"floor":11.0,"key":"AttackPotion"},{"floor":21.0,"key":"ColorlessPotion"},{"floor":23.0,"key":"Dexterity Potion"},{"floor":25.0,"key":"PowerPotion"},{"floor":31.0,"key":"PowerPotion"},{"floor":35.0,"key":"BloodPotion"},{"floor":42.0,"key":"ColorlessPotion"},{"floor":47,"key":"ElixirPotion"}],"is_trial":false,"path_per_floor":["M","?","?","M","?","E","R","?","T","E","M","R","$","M","R","B",null,"M","$","?","M","?","E","R","E","T","E","M","?","M","E","R","B",null,"M","M","$","?","?","R","E","M","T","E","M","?","E","?","R","B",null],"character_chosen":"IRONCLAD","items_purchased":["Uppercut","Membership Card","Apotheosis","Bottled Lightning","CeramicFish","Fiend Fire","Metallicize"],"campfire_rested":3,"item_purchase_floors":[13,37,37,37,37,37,37],"current_hp_per_floor":[65,58,58,57,57,22,44,44,44,39,32,32,32,32,54,24,62,59,59,59,29,54,25,47,61,61,61,55,55,55,51,51,56,81,81,78,78,78,75,75,91,103,103,103,103,90,99,99,99,98],"gold":415,"neow_bonus":"BOSS_RELIC","is_daily":false,"chose_seed":false,"campfire_upgraded":4,"win_rate":0.0,"timestamp":1607882943,"path_taken":["M","?","?","?","?","E","R","?","T","E","?","R","$","M","R","BOSS","M","$","?","M","?","E","R","E","T","E","M","?","?","E","R","BOSS","M","M","$","?","?","R","E","M","T","E","M","?","E","?","R","BOSS"],"items_purchased_type":["Card","Relic","Card","Relic","Relic","Card","Card"],"build_version":"2020-11-30","purchased_purges":3,"victory":true,"max_hp_per_floor":[75,75,75,75,75,75,75,75,75,75,75,75,75,75,75,75,75,75,75,75,75,75,75,75,89,89,89,89,89,89,89,89,89,89,89,91,91,91,91,91,101,103,103,103,103,103,103,103,103,103],"card_choices":[{"not_picked":["Sword Boomerang","Intimidate"],"picked":"Cleave","floor":1.0},{"not_picked":["Thunderclap","Anger"],"picked":"Sever Soul","floor":4.0},{"not_picked":["Havoc","Shrug It Off"],"picked":"Carnage","floor":6.0},{"not_picked":["Iron Wave","Wild Strike","Seeing Red"],"picked":"SKIP","floor":10.0},{"not_picked":["Wild Strike","Entrench","True Grit"],"picked":"Double Tap","floor":11.0},{"not_picked":["Perfected Strike","Seeing Red","Reckless Charge","Havoc"],"picked":"SKIP","floor":14.0},{"not_picked":["Berserk","Reaper","Demon Form"],"picked":"Corruption","floor":16.0},{"not_picked":["Carnage","Sever Soul","Twin Strike"],"picked":"Clash+1","floor":18.0},{"not_picked":["Clash","Perfected Strike","Pommel Strike"],"picked":"Spot Weakness+1","floor":21.0},{"not_picked":["Dark Embrace","Clothesline","True Grit"],"picked":"Berserk","floor":23.0},{"not_picked":["Shrug It Off+1","Pommel Strike","Infernal Blade"],"picked":"Dropkick","floor":25.0},{"not_picked":["Whirlwind","Flame Barrier","Armaments+1"],"picked":"Demon Form","floor":27.0},{"not_picked":["Thunderclap","Wild Strike","Warcry+1","Flex"],"picked":"SKIP","floor":28.0},{"not_picked":["Thunderclap","Armaments","Heavy Blade"],"picked":"Uppercut","floor":30.0},{"not_picked":["Wild Strike","Pummel","Thunderclap"],"picked":"Shockwave","floor":31.0},{"not_picked":["Corruption","Berserk","Demon Form"],"picked":"Bludgeon","floor":33.0},{"not_picked":["Headbutt+1","Body Slam","Anger"],"picked":"Dark Embrace","floor":35.0},{"not_picked":["Armaments","Rupture+1","Anger"],"picked":"Evolve","floor":35.0},{"not_picked":["Reckless Charge","Sword Boomerang","Perfected Strike+1"],"picked":"Demon Form","floor":36.0},{"not_picked":["Twin Strike","Rage","Warcry","True Grit"],"picked":"Singing Bowl","floor":36.0},{"not_picked":["Carnage","Flex","Clothesline+1"],"picked":"Dual Wield","floor":39.0},{"not_picked":["Perfected Strike","Infernal Blade","Wild Strike"],"picked":"Shockwave","floor":41.0},{"not_picked":["Burning Pact","Carnage","True Grit"],"picked":"Heavy Blade+1","floor":42.0},{"not_picked":["Warcry+1","Clash","Entrench","Rage"],"picked":"Singing Bowl","floor":42.0},{"not_picked":["Clash","Demon Form","Wild Strike+1"],"picked":"Uppercut+1","floor":44.0},{"not_picked":["Infernal Blade","Power Through","Intimidate"],"picked":"Shockwave","floor":45.0},{"not_picked":["Armaments+1","True Grit","Battle Trance"],"picked":"Twin Strike+1","floor":45.0},{"not_picked":["Entrench","Clash","Wild Strike"],"picked":"Burning Pact+1","floor":47}],"player_experience":2611308,"relics_obtained":[{"floor":6.0,"key":"Mercury Hourglass"},{"floor":6.0,"key":"PreservedInsect"},{"floor":9.0,"key":"Red Skull"},{"floor":9.0,"key":"Mummified Hand"},{"floor":10.0,"key":"Question Card"},{"floor":10.0,"key":"StoneCalendar"},{"floor":23.0,"key":"Bronze Scales"},{"floor":23.0,"key":"Toy Ornithopter"},{"floor":25.0,"key":"Turnip"},{"floor":25.0,"key":"Mango"},{"floor":26.0,"key":"Anchor"},{"floor":26.0,"key":"Smiling Mask"},{"floor":27.0,"key":"MawBank"},{"floor":27.0,"key":"Orichalcum"},{"floor":31.0,"key":"Prayer Wheel"},{"floor":31.0,"key":"Singing Bowl"},{"floor":34.0,"key":"Regal Pillow"},{"floor":34.0,"key":"Kunai"},{"floor":34.0,"key":"Old Coin"},{"floor":39.0,"key":"Bird Faced Urn"},{"floor":41.0,"key":"The Courier"},{"floor":41.0,"key":"Pear"},{"floor":43.0,"key":"Bottled Tornado"},{"floor":44.0,"key":"Paper Frog"},{"floor":44.0,"key":"Pen Nib"},{"floor":47,"key":"Juzu Bracelet"},{"floor":47,"key":"Boot"}],"event_choices":[{"damage_healed":0.0,"max_hp_gain":0.0,"max_hp_loss":0.0,"gold_gain":0.0,"event_name":"Scrap Ooze","player_choice":"Success","floor":2.0,"gold_loss":0.0,"damage_taken":7.0,"relics_obtained":["Matryoshka"]},{"cards_removed":["Strike_R"],"damage_healed":0.0,"max_hp_gain":0.0,"max_hp_loss":0.0,"gold_gain":0.0,"event_name":"Bonfire Elementals","player_choice":"Offered Basic","floor":3.0,"gold_loss":0.0,"damage_taken":0.0},{"cards_removed":["Strike_R"],"damage_healed":0.0,"max_hp_gain":0.0,"max_hp_loss":0.0,"gold_gain":0.0,"event_name":"The Cleric","player_choice":"Card Removal","floor":5.0,"gold_loss":50.0,"damage_taken":0.0},{"damage_healed":0.0,"max_hp_gain":0.0,"max_hp_loss":0.0,"gold_gain":0.0,"event_name":"The Woman in Blue","player_choice":"Bought 2 Potions","floor":8.0,"gold_loss":0.0,"damage_taken":0.0},{"damage_healed":0.0,"max_hp_gain":0.0,"max_hp_loss":0.0,"gold_gain":0.0,"event_name":"Addict","player_choice":"Stole Relic","floor":20.0,"gold_loss":0.0,"damage_taken":0.0,"relics_obtained":["FossilizedHelix"],"cards_obtained":["Shame"]},{"damage_healed":25.0,"max_hp_gain":0.0,"max_hp_loss":0.0,"gold_gain":0.0,"event_name":"The Library","player_choice":"Heal","floor":22.0,"gold_loss":0.0,"damage_taken":0.0},{"damage_healed":0.0,"max_hp_gain":0.0,"max_hp_loss":0.0,"gold_gain":0.0,"cards_transformed":["Strike_R","Strike_R"],"event_name":"Drug Dealer","player_choice":"Became Test Subject","floor":29.0,"gold_loss":0.0,"damage_taken":0.0,"cards_obtained":["Corruption","Shrug It Off"]},{"damage_healed":0.0,"max_hp_gain":0.0,"max_hp_loss":0.0,"gold_gain":0.0,"event_name":"Tomb of Lord Red Mask","player_choice":"Ignored","floor":38.0,"gold_loss":0.0,"damage_taken":0.0},{"damage_healed":0.0,"max_hp_gain":0.0,"max_hp_loss":0.0,"gold_gain":0.0,"event_name":"MindBloom","player_choice":"Fight","floor":39.0,"gold_loss":0.0,"damage_taken":0.0},{"damage_healed":0.0,"max_hp_gain":0.0,"max_hp_loss":0.0,"gold_gain":0.0,"event_name":"Winding Halls","player_choice":"Embrace Madness","floor":46.0,"gold_loss":0.0,"damage_taken":13.0,"cards_obtained":["Madness","Madness"]},{"damage_healed":0,"gold_gain":0,"player_choice":"Forge","damage_taken":0,"max_hp_gain":0,"max_hp_loss":0,"event_name":"Accursed Blacksmith","floor":48,"gold_loss":0,"cards_upgraded":["Corruption"]}],"is_beta":false,"boss_relics":[{"not_picked":["Runic Pyramid","Fusion Hammer"],"picked":"Snecko Eye"},{"not_picked":["SacredBark","Empty Cage"],"picked":"Calling Bell"}],"items_purged_floors":[13,19,37],"is_endless":false,"potions_floor_spawned":[4,11,21,23,25,31,35,42,44,47],"ascension_level":14}}