{"host":"mvlqq966zh3ccmv5","time":1607887562,"event":{"mods":["AchievementEnabler","BaseMod","DeckTracker","Minty Spire (QoL Compilation)","SuperFastMode"],"gold_per_floor":[112,112,128,128,141,168,184,195,218,218,250,250,283,296,296,395,395,413,413,413,427,43,77,77,92,117,152,1,1,17,17,17,115,115,127,138,138,154,171,199,199,224,300,315,315,329,34,66,66,66],"floor_reached":51,"playtime":1775,"items_purged":[],"score":1303,"play_id":"c84d1f2a-1d94-47aa-8549-9a74c26b9eca","local_time":"20201214042602","is_ascension_mode":true,"campfire_choices":[{"data":"Searing Blow+1","floor":10.0,"key":"SMITH"},{"data":"Searing Blow+2","floor":12.0,"key":"SMITH"},{"data":"Searing Blow+3","floor":15.0,"key":"SMITH"},{"data":"Corruption","floor":24.0,"key":"SMITH"},{"data":"Searing Blow+4","floor":32.0,"key":"SMITH"},{"data":"Evolve","floor":41.0,"key":"SMITH"},{"data":"Armaments","floor":45.0,"key":"SMITH"},{"data":"Searing Blow+5","floor":49.0,"key":"SMITH"}],"circlet_count":0,"master_deck":["Bash+1","Searing Blow+6","Armaments+1","Pommel Strike","Inflame","Corruption+1","Bloodletting","Flame Barrier","Power Through","Dual Wield","Flame Barrier","Iron Wave+1","Cleave","Clothesline","Headbutt","Ghostly","Ghostly","Ghostly","Ghostly","Ghostly","Battle Trance","Seeing Red","Evolve+1","Hemokinesis+1","Burning Pact","Immolate","Feel No Pain+1","Shrug It Off+1","Shockwave","Battle Trance","Bludgeon"],"relics":["Burning Blood","Meat on the Bone","Ancient Tea Set","Toy Ornithopter","Bag of Preparation","Pandora\u0027s Box","Whetstone","Bag of Marbles","Boot","Vajra","Darkstone Periapt","Art of War","Snecko Eye","Lantern","PreservedInsect","Pantograph","ClockworkSouvenir","Bottled Flame"],"acts_visited":["Exordium","TheCity","TheBeyond"],"potions_floor_usage":[],"damage_taken":[{"damage":14.0,"enemies":"Jaw Worm","floor":1.0,"turns":3.0},{"damage":1.0,"enemies":"2 Louse","floor":3.0,"turns":3.0},{"damage":0.0,"enemies":"Small Slimes","floor":5.0,"turns":3.0},{"damage":30.0,"enemies":"Gremlin Nob","floor":6.0,"turns":5.0},{"damage":14.0,"enemies":"2 Fungi Beasts","floor":7.0,"turns":4.0},{"damage":6.0,"enemies":"Exordium Thugs","floor":8.0,"turns":4.0},{"damage":32.0,"enemies":"Lagavulin","floor":11.0,"turns":5.0},{"damage":16.0,"enemies":"Gremlin Nob","floor":13.0,"turns":3.0},{"damage":15.0,"enemies":"Lots of Slimes","floor":14.0,"turns":5.0},{"damage":38.0,"enemies":"Hexaghost","floor":16.0,"turns":8.0},{"damage":33.0,"enemies":"2 Thieves","floor":18.0,"turns":4.0},{"damage":2.0,"enemies":"Spheric Guardian","floor":21.0,"turns":4.0},{"damage":3.0,"enemies":"Book of Stabbing","floor":23.0,"turns":5.0},{"damage":3.0,"enemies":"Snecko","floor":25.0,"turns":3.0},{"damage":2.0,"enemies":"Gremlin Leader","floor":27.0,"turns":6.0},{"damage":3.0,"enemies":"Snake Plant","floor":30.0,"turns":3.0},{"damage":3.0,"enemies":"Collector","floor":33.0,"turns":6.0},{"damage":1.0,"enemies":"3 Shapes","floor":35.0,"turns":1.0},{"damage":5.0,"enemies":"3 Darklings","floor":36.0,"turns":3.0},{"damage":22.0,"enemies":"Maw","floor":38.0,"turns":7.0},{"damage":4.0,"enemies":"Sphere and 2 Shapes","floor":39.0,"turns":3.0},{"damage":8.0,"enemies":"Nemesis","floor":40.0,"turns":7.0},{"damage":38.0,"enemies":"Giant Head","floor":42.0,"turns":8.0},{"damage":4.0,"enemies":"4 Shapes","floor":44.0,"turns":4.0},{"damage":0.0,"enemies":"Spire Growth","floor":46.0,"turns":4.0},{"damage":5.0,"enemies":"Nemesis","floor":48.0,"turns":3.0},{"damage":1,"enemies":"Time Eater","floor":50,"turns":6}],"seed_played":"-7865981991569528216","potions_obtained":[{"floor":5.0,"key":"EssenceOfSteel"},{"floor":6.0,"key":"BlessingOfTheForge"},{"floor":7.0,"key":"Strength Potion"},{"floor":8.0,"key":"SteroidPotion"},{"floor":13.0,"key":"BlessingOfTheForge"},{"floor":21.0,"key":"SteroidPotion"},{"floor":30.0,"key":"Weak Potion"},{"floor":38.0,"key":"DuplicationPotion"},{"floor":44.0,"key":"LiquidMemories"}],"is_trial":false,"path_per_floor":["M","?","M","?","M","E","M","M","T","R","E","R","E","M","R","B",null,"M","?","?","M","$","E","R","M","T","E","$","?","M","?","R","B",null,"M","M","?","M","M","E","R","E","T","M","R","M","$","E","R","B",null],"character_chosen":"IRONCLAD","items_purchased":["Whetstone","Battle Trance","Bag of Marbles","Art of War","ClockworkSouvenir","Shockwave","Battle Trance"],"campfire_rested":0,"item_purchase_floors":[22,22,22,28,47,47,47],"current_hp_per_floor":[72,72,77,59,65,41,45,57,57,57,43,43,45,53,53,38,76,61,44,44,44,44,44,44,44,44,44,44,44,44,44,44,44,44,44,44,44,40,42,40,40,25,25,39,39,44,44,44,44,44],"gold":66,"neow_bonus":"TEN_PERCENT_HP_BONUS","is_daily":false,"chose_seed":false,"campfire_upgraded":8,"win_rate":0.0,"timestamp":1607887562,"path_taken":["M","?","M","?","M","E","M","M","T","R","E","R","E","M","R","BOSS","M","?","?","M","$","E","R","M","T","E","$","?","M","?","R","BOSS","M","M","?","M","M","E","R","E","T","M","R","M","$","E","R","BOSS"],"items_purchased_type":["Relic","Card","Relic","Relic","Relic","Card","Card"],"build_version":"2020-11-30","purchased_purges":0,"victory":true,"max_hp_per_floor":[88,88,88,88,88,88,88,88,88,88,88,88,88,88,88,88,88,88,44,44,44,44,44,44,44,44,44,44,44,44,44,44,44,44,44,44,44,44,44,44,44,44,44,44,44,44,44,44,44,44],"card_choices":[{"not_picked":["Havoc","Flex"],"picked":"Searing Blow","floor":1.0},{"not_picked":["Sword Boomerang","Clash","Second Wind"],"picked":"SKIP","floor":3.0},{"not_picked":["Wild Strike","Intimidate"],"picked":"Armaments","floor":5.0},{"not_picked":["Twin Strike","Whirlwind"],"picked":"Pommel Strike","floor":6.0},{"not_picked":["Thunderclap","Pommel Strike","Shockwave"],"picked":"SKIP","floor":7.0},{"not_picked":["Sword Boomerang","Twin Strike","True Grit"],"picked":"SKIP","floor":8.0},{"not_picked":["Searing Blow","Power Through","Anger"],"picked":"SKIP","floor":11.0},{"not_picked":["Clash","Body Slam"],"picked":"Inflame","floor":13.0},{"not_picked":["Combust","Sword Boomerang","Carnage"],"picked":"SKIP","floor":14.0},{"not_picked":["Brutality","Exhume"],"picked":"Corruption","floor":16.0},{"not_picked":["Headbutt","Thunderclap","Sword Boomerang"],"picked":"SKIP","floor":18.0},{"not_picked":["Thunderclap","Sword Boomerang"],"picked":"Headbutt","floor":18.0},{"not_picked":["Sever Soul+1","Wild Strike","Iron Wave+1"],"picked":"SKIP","floor":21.0},{"not_picked":["Body Slam","Thunderclap"],"picked":"Seeing Red","floor":23.0},{"not_picked":["Headbutt","Bloodletting"],"picked":"Evolve","floor":25.0},{"not_picked":["Iron Wave","Cleave"],"picked":"Hemokinesis+1","floor":27.0},{"not_picked":["Heavy Blade+1","Perfected Strike","Juggernaut"],"picked":"SKIP","floor":30.0},{"not_picked":["Feed","Reaper"],"picked":"Immolate","floor":33.0},{"not_picked":["Rampage","Second Wind","Pummel+1"],"picked":"SKIP","floor":35.0},{"not_picked":["Infernal Blade","Wild Strike","Pommel Strike"],"picked":"SKIP","floor":36.0},{"not_picked":["Sword Boomerang+1","Reckless Charge","Anger"],"picked":"SKIP","floor":38.0},{"not_picked":["Power Through","Carnage+1"],"picked":"Feel No Pain+1","floor":39.0},{"not_picked":["Corruption","Feed","Feel No Pain"],"picked":"SKIP","floor":40.0},{"not_picked":["Heavy Blade+1","Spot Weakness"],"picked":"Shrug It Off+1","floor":42.0},{"not_picked":["True Grit+1","Headbutt","Second Wind"],"picked":"SKIP","floor":44.0},{"not_picked":["Anger","Iron Wave","Flex"],"picked":"SKIP","floor":46.0},{"not_picked":["Flex","Bludgeon","Iron Wave"],"picked":"SKIP","floor":48.0},{"not_picked":["Flex","Iron Wave"],"picked":"Bludgeon","floor":48.0}],"player_experience":203214,"relics_obtained":[{"floor":6.0,"key":"Meat on the Bone"},{"floor":9.0,"key":"Ancient Tea Set"},{"floor":11.0,"key":"Toy Ornithopter"},{"floor":13.0,"key":"Bag of Preparation"},{"floor":23.0,"key":"Boot"},{"floor":26.0,"key":"Vajra"},{"floor":27.0,"key":"Darkstone Periapt"},{"floor":40.0,"key":"Lantern"},{"floor":42.0,"key":"PreservedInsect"},{"floor":43.0,"key":"Pantograph"},{"floor":48.0,"key":"Bottled Flame"}],"event_choices":[{"damage_healed":0.0,"max_hp_gain":0.0,"max_hp_loss":0.0,"gold_gain":0.0,"event_name":"Living Wall","player_choice":"Grow","floor":2.0,"gold_loss":0.0,"damage_taken":0.0,"cards_upgraded":["Searing Blow"]},{"damage_healed":0.0,"max_hp_gain":0.0,"max_hp_loss":0.0,"gold_gain":0.0,"event_name":"Shining Light","player_choice":"Entered Light","floor":4.0,"gold_loss":0.0,"damage_taken":18.0,"cards_upgraded":["Defend_R","Defend_R"]},{"damage_healed":0.0,"max_hp_gain":0.0,"max_hp_loss":44.0,"gold_gain":0.0,"event_name":"Ghosts","player_choice":"Became a Ghost","floor":19.0,"gold_loss":0.0,"damage_taken":0.0,"cards_obtained":["Ghostly","Ghostly","Ghostly","Ghostly","Ghostly"]},{"cards_removed":["Searing Blow"],"damage_healed":0.0,"max_hp_gain":0.0,"max_hp_loss":0.0,"gold_gain":0.0,"event_name":"Back to Basics","player_choice":"Elegance","floor":20.0,"gold_loss":0.0,"damage_taken":0.0},{"damage_healed":0.0,"max_hp_gain":0.0,"max_hp_loss":0.0,"gold_gain":0.0,"event_name":"Vampires","player_choice":"Ignored","floor":29.0,"gold_loss":0.0,"damage_taken":0.0},{"damage_healed":0.0,"max_hp_gain":0.0,"max_hp_loss":0.0,"gold_gain":0.0,"event_name":"The Library","player_choice":"Read","floor":31.0,"gold_loss":0.0,"damage_taken":0.0,"cards_obtained":["Burning Pact"]},{"damage_healed":0.0,"max_hp_gain":0.0,"max_hp_loss":0.0,"gold_gain":0.0,"event_name":"The Woman in Blue","player_choice":"Bought 0 Potions","floor":37.0,"gold_loss":0.0,"damage_taken":0.0}],"is_beta":false,"boss_relics":[{"not_picked":["Velvet Choker","Fusion Hammer"],"picked":"Pandora\u0027s Box"},{"not_picked":["Black Star","Sozu"],"picked":"Snecko Eye"}],"items_purged_floors":[],"is_endless":false,"potions_floor_spawned":[5,6,7,8,13,21,30,36,38,44],"ascension_level":9}}