{"host":"ow9msrs9p2ctkx99","time":1607885534,"event":{"mods":["AchievementEnabler","BaseMod","Colored Map","Colored Powertips","Minty Spire (QoL Compilation)","Permanent Neow","Quick Restart","SuperFastMode"],"gold_per_floor":[119,119,135,151,151,151,151,151,151,183,133,149,149,149,149,245,245,271,370,302,302,326,326,335,357,434,456,493,512,535,557,557,664,664,686,51,60,31,17,42,0,0,70,407,407,434,434,384,384,384,384],"floor_reached":50,"playtime":1988,"items_purged":["Writhe","Strike_B"],"score":885,"play_id":"ae4eddb5-f386-49e5-b123-f2914156a2ed","local_time":"20201213195214","is_ascension_mode":true,"campfire_choices":[{"data":"Dualcast","floor":6.0,"key":"SMITH"},{"data":"Cold Snap","floor":8.0,"key":"SMITH"},{"data":"Ball Lightning","floor":15.0,"key":"SMITH"},{"data":"Lockon","floor":23.0,"key":"SMITH"},{"floor":32,"key":"REST"},{"floor":42,"key":"RECALL"},{"floor":45,"key":"REST"},{"data":"Zap","floor":47,"key":"PURGE"},{"data":"Strike_B","floor":49,"key":"PURGE"}],"circlet_count":0,"master_deck":["AscendersBane","Defend_B","Defend_B","Defend_B+1","Defend_B+1","Dualcast+1","Ball Lightning+1","BootSequence","Cold Snap+1","Undo","Sweeping Beam","Creative AI","CurseOfTheBell","Lockon+1","Multi-Cast","Doom and Gloom","Conserve Battery","Redo+1","Beam Cell","All For One","Rebound","Redo+1","Biased Cognition","Recycle+1","Apotheosis","Gash","FTL","Gash","Capacitor","Thinking Ahead","Swift Strike","Violence"],"relics":["Cracked Core","DataDisk","Art of War","Ornamental Fan","War Paint","FossilizedHelix","Lizard Tail","Calling Bell","CeramicFish","Meat on the Bone","Peace Pipe","Thread and Needle","Gremlin Horn","Oddly Smooth Stone","Nuclear Battery","Mummified Hand","Toolbox","Smiling Mask","Red Mask","Old Coin"],"acts_visited":["Exordium","TheCity","TheBeyond"],"potions_floor_usage":[25,27,30,33,35],"damage_taken":[{"damage":0.0,"enemies":"Cultist","floor":1.0,"turns":3.0},{"damage":2.0,"enemies":"Jaw Worm","floor":3.0,"turns":3.0},{"damage":0.0,"enemies":"2 Louse","floor":4.0,"turns":2.0},{"damage":10.0,"enemies":"Gremlin Nob","floor":10.0,"turns":4.0},{"damage":0.0,"enemies":"Large Slime","floor":12.0,"turns":5.0},{"damage":34.0,"enemies":"Hexaghost","floor":16.0,"turns":10.0},{"damage":21.0,"enemies":"2 Thieves","floor":18.0,"turns":4.0},{"damage":0.0,"enemies":"Spheric Guardian","floor":22.0,"turns":3.0},{"damage":57,"enemies":"3 Cultists","floor":25,"turns":6},{"damage":14,"enemies":"Cultist and Chosen","floor":27,"turns":7},{"damage":14,"enemies":"Book of Stabbing","floor":28,"turns":5},{"damage":0,"enemies":"Chosen and Byrds","floor":29,"turns":4},{"damage":0,"enemies":"3 Cultists","floor":30,"turns":3},{"damage":27,"enemies":"Shelled Parasite and Fungi","floor":31,"turns":5},{"damage":60,"enemies":"Automaton","floor":33,"turns":10},{"damage":31,"enemies":"3 Darklings","floor":35,"turns":6},{"damage":0,"enemies":"Giant Head","floor":40,"turns":8},{"damage":82,"enemies":"Nemesis","floor":44,"turns":9},{"damage":64,"enemies":"Donu and Deca","floor":50,"turns":5}],"seed_played":"8807181752766517372","potions_obtained":[{"floor":2.0,"key":"Fruit Juice"},{"floor":2.0,"key":"Explosive Potion"},{"floor":2.0,"key":"AttackPotion"},{"floor":16.0,"key":"Dexterity Potion"},{"floor":25,"key":"SneckoOil"},{"floor":27,"key":"Fire Potion"},{"floor":29,"key":"FairyPotion"},{"floor":30,"key":"PotionOfCapacity"},{"floor":31,"key":"BlessingOfTheForge"},{"floor":33,"key":"ColorlessPotion"},{"floor":40,"key":"FocusPotion"}],"is_trial":false,"path_per_floor":["M","?","M","M","?","R","?","R","T","E","?","M","T","?","R","B",null,"M","?","$","?","M","R","?","M","T","M","E","M","M","M","R","B",null,"M","$","?","$","$","E","?","R","T","E","R","?","R","$","R","B"],"character_chosen":"DEFECT","items_purchased":["Multi-Cast","Mummified Hand","Toolbox","Apotheosis","FTL","Gash"],"campfire_rested":2,"item_purchase_floors":[20,36,36,36,38,39],"current_hp_per_floor":[68,73,71,71,71,71,71,71,71,61,61,61,61,49,49,15,64,43,43,43,28,40,40,40,43,43,41,39,51,51,36,61,13,67,48,48,48,48,48,48,48,48,48,37,62,52,52,52,52,0,0],"gold":384,"neow_bonus":"RANDOM_COMMON_RELIC","is_daily":false,"chose_seed":false,"campfire_upgraded":4,"win_rate":0.0,"timestamp":1607885534,"path_taken":["M","?","M","?","?","R","?","R","T","E","?","M","?","?","R","BOSS","M","?","$","?","M","R","?","M","T","M","E","M","M","?","R","BOSS","M","$","?","?","$","E","?","R","T","E","R","?","R","$","R","BOSS"],"items_purchased_type":["Card","Relic","Relic","Card","Card","Card"],"build_version":"2020-11-30","purchased_purges":2,"victory":false,"max_hp_per_floor":[75,80,80,80,80,80,80,80,80,80,80,80,80,80,80,80,80,80,80,80,85,85,85,85,85,85,85,85,85,85,85,85,85,85,85,85,85,85,85,85,85,85,85,85,85,85,85,85,85,85,85],"card_choices":[{"not_picked":["BootSequence","Cold Snap"],"picked":"Ball Lightning","floor":1.0},{"not_picked":["Redo","Reinforced Body"],"picked":"BootSequence","floor":3.0},{"not_picked":["Beam Cell","Leap"],"picked":"Cold Snap","floor":4.0},{"not_picked":["Steam","Gash"],"picked":"Undo","floor":10.0},{"not_picked":["Beam Cell","Conserve Battery"],"picked":"Sweeping Beam","floor":12.0},{"not_picked":["Thunder Strike","Meteor Strike"],"picked":"Creative AI","floor":16.0},{"not_picked":["Turbo","Hologram"],"picked":"Lockon","floor":18.0},{"not_picked":["Beam Cell","Ball Lightning+1"],"picked":"Doom and Gloom","floor":22.0},{"not_picked":["Reprogram","Go for the Eyes"],"picked":"Conserve Battery","floor":25},{"not_picked":["White Noise","Recycle"],"picked":"Redo+1","floor":27},{"not_picked":["Doom and Gloom","Genetic Algorithm+1"],"picked":"Beam Cell","floor":28},{"not_picked":["Cold Snap","Hologram"],"picked":"All For One","floor":29},{"not_picked":["Cold Snap","Reprogram"],"picked":"Rebound","floor":30},{"not_picked":["Streamline","Melter"],"picked":"Redo+1","floor":31},{"not_picked":["Echo Form","Core Surge"],"picked":"Biased Cognition","floor":33},{"not_picked":["Streamline+1","Ball Lightning+1"],"picked":"Recycle+1","floor":35},{"not_picked":["All For One","Barrage","Turbo"],"picked":"SKIP","floor":40},{"not_picked":["Rip and Tear","Streamline"],"picked":"Capacitor","floor":44},{"not_picked":["Violence","Dramatic Entrance"],"picked":"Thinking Ahead","floor":46},{"not_picked":["Deep Breath","Impatience"],"picked":"Swift Strike","floor":46},{"not_picked":["HandOfGreed","Dramatic Entrance"],"picked":"Violence","floor":46}],"player_experience":1017689,"relics_obtained":[{"floor":9.0,"key":"Ornamental Fan"},{"floor":10.0,"key":"War Paint"},{"floor":13.0,"key":"FossilizedHelix"},{"floor":17.0,"key":"CeramicFish"},{"floor":17.0,"key":"Meat on the Bone"},{"floor":17.0,"key":"Peace Pipe"},{"floor":26,"key":"Gremlin Horn"},{"floor":28,"key":"Oddly Smooth Stone"},{"floor":40,"key":"Smiling Mask"},{"floor":44,"key":"Old Coin"}],"event_choices":[{"damage_healed":0.0,"max_hp_gain":0.0,"max_hp_loss":0.0,"gold_gain":0.0,"event_name":"Lab","player_choice":"Got Potions","floor":2.0,"gold_loss":0.0,"damage_taken":0.0},{"damage_healed":0.0,"max_hp_gain":0.0,"max_hp_loss":0.0,"gold_gain":0.0,"event_name":"Big Fish","player_choice":"Box","floor":5.0,"gold_loss":0.0,"damage_taken":0.0,"relics_obtained":["Art of War"],"cards_obtained":["Regret"]},{"cards_removed":["Regret"],"damage_healed":0.0,"max_hp_gain":0.0,"max_hp_loss":0.0,"gold_gain":0.0,"event_name":"Living Wall","player_choice":"Forget","floor":7.0,"gold_loss":0.0,"damage_taken":0.0},{"cards_removed":["Strike_B"],"damage_healed":0.0,"max_hp_gain":0.0,"max_hp_loss":0.0,"gold_gain":0.0,"event_name":"The Cleric","player_choice":"Card Removal","floor":11.0,"gold_loss":50.0,"damage_taken":0.0},{"damage_healed":0.0,"max_hp_gain":0.0,"max_hp_loss":0.0,"gold_gain":0.0,"event_name":"Scrap Ooze","player_choice":"Success","floor":14.0,"gold_loss":0.0,"damage_taken":12.0,"relics_obtained":["Lizard Tail"]},{"damage_healed":0.0,"max_hp_gain":0.0,"max_hp_loss":0.0,"gold_gain":99.0,"event_name":"Nest","player_choice":"Stole From Cult","floor":19.0,"gold_loss":0.0,"damage_taken":0.0},{"damage_healed":0.0,"max_hp_gain":5.0,"max_hp_loss":0.0,"gold_gain":0.0,"event_name":"Forgotten Altar","player_choice":"Shed Blood","floor":21.0,"gold_loss":0.0,"damage_taken":20.0},{"damage_healed":0.0,"max_hp_gain":0.0,"max_hp_loss":0.0,"gold_gain":0.0,"event_name":"The Mausoleum","player_choice":"Opened","floor":24.0,"gold_loss":0.0,"damage_taken":0.0,"relics_obtained":["Thread and Needle"],"cards_obtained":["Writhe"]},{"damage_healed":0,"gold_gain":0,"cards_transformed":["Strike_B"],"player_choice":"Transformed","damage_taken":0,"max_hp_gain":0,"max_hp_loss":0,"event_name":"Transmorgrifier","floor":37,"gold_loss":0,"cards_obtained":["Gash"]},{"damage_healed":0,"gold_gain":0,"player_choice":"Paid","damage_taken":0,"relics_obtained":["Red Mask"],"max_hp_gain":0,"max_hp_loss":0,"event_name":"Tomb of Lord Red Mask","floor":41,"gold_loss":42},{"damage_healed":0,"gold_gain":0,"player_choice":"Memory 3","damage_taken":10,"max_hp_gain":0,"max_hp_loss":0,"event_name":"SensoryStone","floor":46,"gold_loss":0}],"is_beta":false,"boss_relics":[{"not_picked":["Runic Pyramid","Philosopher\u0027s Stone"],"picked":"Calling Bell"},{"not_picked":["Runic Dome","Sozu"],"picked":"Nuclear Battery"}],"items_purged_floors":[36,48],"is_endless":false,"potions_floor_spawned":[4,12,16,25,27,29,30,31,33,40],"killed_by":"Donu and Deca","ascension_level":11}}