{"host":"mkv3lj8gfkr85ioo","time":1607848936,"event":{"mods":["AchievementEnabler","BaseMod","Colored Map","Minty Spire (QoL Compilation)","SuperFastMode"],"gold_per_floor":[114,39,39,39,39,39,54,54,80,80,80,111,121,137,137,208,208,208,208],"floor_reached":18,"playtime":512,"items_purged":["Strike_R"],"score":348,"play_id":"adcd3b67-9235-4e3f-b13b-f8825864f5ae","local_time":"20201213174216","is_ascension_mode":true,"campfire_choices":[{"data":"Corruption","floor":6,"key":"SMITH"},{"data":"Hemokinesis","floor":8,"key":"SMITH"},{"data":"Bash","floor":11,"key":"SMITH"},{"data":"Clothesline","floor":15,"key":"SMITH"}],"circlet_count":0,"master_deck":["AscendersBane","Bash+1","Second Wind","Corruption+1","Hemokinesis+1","Parasite","Clothesline+1","Battle Trance","Flex","Searing Blow","Dark Embrace","Bludgeon","Searing Blow","Pommel Strike"],"relics":["Burning Blood","NeowsBlessing","Shuriken","Vajra","Boot","Pandora\u0027s Box"],"acts_visited":["TheCity"],"potions_floor_usage":[16],"damage_taken":[{"damage":0,"enemies":"Small Slimes","floor":1,"turns":1},{"damage":0,"enemies":"Jaw Worm","floor":7,"turns":1},{"damage":0,"enemies":"Gremlin Nob","floor":12,"turns":1},{"damage":10,"enemies":"2 Louse","floor":13,"turns":3},{"damage":13,"enemies":"Large Slime","floor":14,"turns":5},{"damage":48,"enemies":"The Guardian","floor":16,"turns":9},{"damage":57,"enemies":"3 Byrds","floor":18,"turns":5}],"seed_played":"4895239097464053294","potions_obtained":[{"floor":1,"key":"LiquidBronze"}],"is_trial":false,"path_per_floor":["M","$","?","?","?","R","M","R","T","?","R","E","M","M","R","B",null,"M"],"character_chosen":"IRONCLAD","items_purchased":[],"campfire_rested":0,"item_purchase_floors":[],"current_hp_per_floor":[74,74,79,79,68,68,74,74,74,80,80,80,76,69,69,27,67,10,10],"gold":208,"neow_bonus":"THREE_ENEMY_KILL","is_daily":false,"chose_seed":false,"campfire_upgraded":4,"win_rate":0.0,"timestamp":1607848936,"path_taken":["M","$","?","?","?","R","M","R","T","?","R","E","M","M","R","BOSS","M"],"items_purchased_type":[],"build_version":"2020-11-30","purchased_purges":1,"victory":false,"max_hp_per_floor":[75,75,80,80,80,80,80,80,80,80,80,80,80,80,80,80,80,80,80],"card_choices":[{"not_picked":["Heavy Blade","Hemokinesis"],"picked":"Second Wind","floor":1},{"not_picked":["Iron Wave","Perfected Strike"],"picked":"Hemokinesis","floor":7},{"not_picked":["Bloodletting","Body Slam","Pommel Strike"],"picked":"SKIP","floor":12},{"not_picked":["Perfected Strike","Cleave","Sever Soul"],"picked":"SKIP","floor":13},{"not_picked":["Hemokinesis","Battle Trance"],"picked":"Clothesline","floor":14}],"player_experience":140372,"relics_obtained":[{"floor":9,"key":"Vajra"},{"floor":12,"key":"Boot"}],"event_choices":[{"damage_healed":0,"gold_gain":0,"player_choice":"Donut","damage_taken":0,"max_hp_gain":5,"max_hp_loss":0,"event_name":"Big Fish","floor":3,"gold_loss":0},{"damage_healed":0,"gold_gain":0,"cards_transformed":["Strike_R"],"player_choice":"Change","damage_taken":0,"max_hp_gain":0,"max_hp_loss":0,"event_name":"Living Wall","floor":4,"gold_loss":0,"cards_obtained":["Corruption"]},{"damage_healed":0,"gold_gain":0,"player_choice":"Success","damage_taken":11,"relics_obtained":["Shuriken"],"max_hp_gain":0,"max_hp_loss":0,"event_name":"Scrap Ooze","floor":5,"gold_loss":0},{"damage_healed":20,"gold_gain":0,"player_choice":"Healed and dodged fight","damage_taken":0,"max_hp_gain":0,"max_hp_loss":0,"event_name":"Mushrooms","floor":10,"gold_loss":0,"cards_obtained":["Parasite"]}],"is_beta":false,"boss_relics":[{"not_picked":["Runic Dome","Black Star"],"picked":"Pandora\u0027s Box"}],"items_purged_floors":[2],"is_endless":false,"potions_floor_spawned":[1],"killed_by":"3 Byrds","ascension_level":18}}