{"host":"qrt7o4dq2qslzw13","time":1607885204,"event":{"mods":["AchievementEnabler","BaseMod","Colored Map","Colored Powertips","Minty Spire (QoL Compilation)","Quick Restart","Rare Cards Sparkle","StSLib","SuperFastMode"],"gold_per_floor":[112,132,132,6,6,6,27,27,27,27,27,40,40,61,61,160,160,183,106,131,151,170,170,188,188,188,232,232,232],"floor_reached":28,"playtime":441,"items_purged":[],"score":449,"play_id":"8c030e01-da97-4f0a-9284-9dfca31fe473","local_time":"20201213134644","is_ascension_mode":true,"campfire_choices":[{"data":"Hemokinesis","floor":6.0,"key":"SMITH"},{"data":"Berserk","floor":8.0,"key":"SMITH"},{"data":"Thunderclap","floor":10.0,"key":"SMITH"},{"data":"Bash","floor":15.0,"key":"SMITH"},{"floor":23,"key":"REST"},{"floor":25,"key":"REST"}],"circlet_count":0,"master_deck":["AscendersBane","Strike_R","Strike_R","Strike_R","Strike_R","Strike_R","Defend_R","Defend_R","Defend_R","Defend_R","Bash+1","Thunderclap+1","Anger+1","Hemokinesis+1","Shrug It Off","Injury","Berserk+1","Flex","Twin Strike","Barricade","Shockwave","Ghostly Armor","Ghostly Armor","Headbutt+1","Seeing Red","Havoc+1","Power Through"],"relics":["Burning Blood","NeowsBlessing","Golden Idol","StrikeDummy","Eternal Feather","Fusion Hammer","Akabeko","StoneCalendar"],"acts_visited":["Exordium","TheCity"],"potions_floor_usage":[20,20,24,27],"damage_taken":[{"damage":0.0,"enemies":"Cultist","floor":1.0,"turns":1.0},{"damage":0.0,"enemies":"Jaw Worm","floor":2.0,"turns":1.0},{"damage":0.0,"enemies":"Small Slimes","floor":7.0,"turns":1.0},{"damage":8.0,"enemies":"Blue Slaver","floor":12.0,"turns":2.0},{"damage":14.0,"enemies":"Gremlin Gang","floor":14.0,"turns":4.0},{"damage":16.0,"enemies":"Slime Boss","floor":16.0,"turns":7.0},{"damage":11.0,"enemies":"2 Thieves","floor":18.0,"turns":3.0},{"damage":1,"enemies":"Spheric Guardian","floor":20,"turns":3},{"damage":34,"enemies":"Snake Plant","floor":21,"turns":3},{"damage":5,"enemies":"3 Cultists","floor":22,"turns":4},{"damage":51,"enemies":"Sentry and Sphere","floor":24,"turns":6},{"damage":64,"enemies":"Gremlin Leader","floor":27,"turns":7},{"damage":14,"enemies":"Snake Plant","floor":28,"turns":1}],"seed_played":"-1629797020544583328","potions_obtained":[{"floor":7.0,"key":"Dexterity Potion"},{"floor":16.0,"key":"EntropicBrew"},{"floor":18.0,"key":"Fire Potion"},{"floor":22,"key":"PowerPotion"},{"floor":24,"key":"Swift Potion"}],"is_trial":false,"path_per_floor":["M","M","?","$","?","R","M","R","T","R","$","M","?","M","R","B",null,"M","$","M","M","M","R","M","R","T","E","M"],"character_chosen":"IRONCLAD","items_purchased":["Hemokinesis","Shrug It Off","Ghostly Armor"],"campfire_rested":2,"item_purchase_floors":[4,4,19],"current_hp_per_floor":[74,75,75,75,75,75,75,75,75,75,75,73,68,60,69,59,71,66,66,71,43,44,75,30,67,67,9,0,0],"gold":232,"neow_bonus":"THREE_ENEMY_KILL","is_daily":false,"chose_seed":false,"campfire_upgraded":4,"win_rate":0.0,"timestamp":1607885204,"path_taken":["M","?","?","$","?","R","M","R","T","R","$","M","?","M","R","BOSS","M","$","M","M","M","R","M","R","T","E","M"],"items_purchased_type":["Card","Card","Card"],"build_version":"2020-11-30","purchased_purges":0,"victory":false,"max_hp_per_floor":[75,75,75,75,75,75,75,75,75,75,75,75,75,75,75,75,75,75,75,75,75,75,75,75,75,75,75,75,75],"card_choices":[{"not_picked":["Headbutt","Clash"],"picked":"Thunderclap","floor":1.0},{"not_picked":["Shrug It Off","Sever Soul"],"picked":"Anger","floor":2.0},{"not_picked":["Burning Pact","Armaments"],"picked":"Berserk","floor":7.0},{"not_picked":["Perfected Strike","Iron Wave"],"picked":"Flex","floor":12.0},{"not_picked":["Havoc","Thunderclap"],"picked":"Twin Strike","floor":14.0},{"not_picked":["Fiend Fire","Exhume"],"picked":"Barricade","floor":16.0},{"not_picked":["Metallicize","True Grit"],"picked":"Shockwave","floor":18.0},{"not_picked":["Body Slam","Dropkick"],"picked":"Ghostly Armor","floor":20},{"not_picked":["Fire Breathing+1","Havoc"],"picked":"Headbutt+1","floor":21},{"not_picked":["Infernal Blade","Pommel Strike"],"picked":"Seeing Red","floor":22},{"not_picked":["Thunderclap","Warcry"],"picked":"Havoc+1","floor":24},{"not_picked":["Ghostly Armor","Cleave"],"picked":"Power Through","floor":27}],"player_experience":446432,"relics_obtained":[{"floor":9.0,"key":"StrikeDummy"},{"floor":26,"key":"Akabeko"},{"floor":27,"key":"StoneCalendar"}],"event_choices":[{"damage_healed":0.0,"max_hp_gain":0.0,"max_hp_loss":0.0,"gold_gain":0.0,"event_name":"Living Wall","player_choice":"Grow","floor":3.0,"gold_loss":0.0,"damage_taken":0.0,"cards_upgraded":["Anger"]},{"damage_healed":0.0,"max_hp_gain":0.0,"max_hp_loss":0.0,"gold_gain":0.0,"event_name":"Golden Idol","player_choice":"Take Wound","floor":5.0,"gold_loss":0.0,"damage_taken":0.0,"relics_obtained":["Golden Idol"],"cards_obtained":["Injury"]},{"damage_healed":0.0,"max_hp_gain":0.0,"max_hp_loss":0.0,"gold_gain":0.0,"event_name":"Scrap Ooze","player_choice":"Success","floor":13.0,"gold_loss":0.0,"damage_taken":5.0,"relics_obtained":["Eternal Feather"]}],"is_beta":false,"boss_relics":[{"not_picked":["Snecko Eye","Runic Dome"],"picked":"Fusion Hammer"}],"items_purged_floors":[],"is_endless":false,"potions_floor_spawned":[7,16,18,22,24],"killed_by":"Snake Plant","ascension_level":19}}