{"host":"ih7ofq2zpufcoifs","time":1607879119,"event":{"mods":["BaseMod","Colored Map","Minty Spire (QoL Compilation)"],"gold_per_floor":[118,135,154,170,26,26,57,57,57,98,126,154,186,198,210,325,337,364,392,423,435,447,459,501,513,525,562,100,117,143,156,156,259,259,272,272,288,303,320,320,346,346,373,14,29,29,41,72,72,72,72,72,11,44,44],"floor_reached":56,"playtime":3529,"items_purged":["Strike_R","Strike_R","Strike_R"],"score":1959,"play_id":"2e952855-5507-4a54-bf6e-03b885df09d5","local_time":"20201214030519","is_ascension_mode":true,"campfire_choices":[{"data":"Uppercut","floor":6.0,"key":"SMITH"},{"data":"Pommel Strike","floor":8.0,"key":"SMITH"},{"data":"Juggernaut","floor":15.0,"key":"SMITH"},{"floor":23.0,"key":"REST"},{"floor":25.0,"key":"REST"},{"data":"Evolve","floor":32.0,"key":"SMITH"},{"data":"Disarm","floor":40.0,"key":"SMITH"},{"floor":42.0,"key":"RECALL"},{"floor":46.0,"key":"REST"},{"floor":49.0,"key":"REST"},{"data":"Disarm","floor":52.0,"key":"SMITH"}],"circlet_count":0,"master_deck":["AscendersBane","Strike_R","Strike_R","Defend_R","Defend_R","Defend_R","Defend_R","Bash+1","Uppercut+1","Sword Boomerang+1","Pommel Strike+1","Blood for Blood","Juggernaut+1","Offering","Fire Breathing+1","Immolate+1","Disarm+1","Bloodletting+1","Reckless Charge","Evolve+1","Good Instincts","Shrug It Off+1","Reaper","Uppercut+1","Battle Trance","Disarm+1","Battle Trance","Feel No Pain+1","Havoc"],"relics":["Burning Blood","Nunchaku","MawBank","InkBottle","Black Star","Anchor","Singing Bowl","Matryoshka","Red Skull","Turnip","Sundial","Omamori","Strange Spoon","Lizard Tail","Du-Vu Doll","Philosopher\u0027s Stone","WarpedTongs","Ginger","Unceasing Top","Mummified Hand","Membership Card","PreservedInsect","Akabeko","Whetstone","Eternal Feather","FossilizedHelix"],"acts_visited":["Exordium","TheCity","TheBeyond","TheEnding"],"potions_floor_usage":[],"damage_taken":[{"damage":6.0,"enemies":"Cultist","floor":1.0,"turns":4.0},{"damage":0.0,"enemies":"2 Louse","floor":2.0,"turns":4.0},{"damage":17.0,"enemies":"Small Slimes","floor":3.0,"turns":4.0},{"damage":13.0,"enemies":"Red Slaver","floor":4.0,"turns":4.0},{"damage":18.0,"enemies":"Gremlin Nob","floor":7.0,"turns":4.0},{"damage":20.0,"enemies":"Lagavulin","floor":10.0,"turns":6.0},{"damage":0.0,"enemies":"Gremlin Gang","floor":11.0,"turns":9.0},{"damage":1.0,"enemies":"3 Louse","floor":12.0,"turns":3.0},{"damage":12.0,"enemies":"Exordium Thugs","floor":13.0,"turns":4.0},{"damage":6.0,"enemies":"Slime Boss","floor":16.0,"turns":5.0},{"damage":20.0,"enemies":"Shell Parasite","floor":18.0,"turns":4.0},{"damage":12.0,"enemies":"2 Thieves","floor":19.0,"turns":2.0},{"damage":14.0,"enemies":"3 Cultists","floor":20.0,"turns":4.0},{"damage":33.0,"enemies":"Book of Stabbing","floor":24.0,"turns":5.0},{"damage":16.0,"enemies":"Slavers","floor":27.0,"turns":4.0},{"damage":11.0,"enemies":"Centurion and Healer","floor":29.0,"turns":5.0},{"damage":10.0,"enemies":"Gremlin Leader","floor":30.0,"turns":6.0},{"damage":6.0,"enemies":"Snake Plant","floor":31.0,"turns":2.0},{"damage":66.0,"enemies":"Automaton","floor":33.0,"turns":7.0},{"damage":10.0,"enemies":"Orb Walker","floor":35.0,"turns":2.0},{"damage":13.0,"enemies":"3 Shapes","floor":37.0,"turns":8.0},{"damage":30.0,"enemies":"3 Darklings","floor":38.0,"turns":4.0},{"damage":50.0,"enemies":"Transient","floor":39.0,"turns":5.0},{"damage":28.0,"enemies":"Reptomancer","floor":41.0,"turns":5.0},{"damage":3.0,"enemies":"Spire Growth","floor":45.0,"turns":4.0},{"damage":34.0,"enemies":"Jaw Worm Horde","floor":47.0,"turns":4.0},{"damage":22.0,"enemies":"Giant Head","floor":48.0,"turns":6.0},{"damage":65.0,"enemies":"Awakened One","floor":50.0,"turns":14.0},{"damage":49.0,"enemies":"Shield and Spear","floor":54.0,"turns":4.0},{"damage":89,"enemies":"The Heart","floor":55,"turns":10}],"seed_played":"-1691319314771174614","potions_obtained":[{"floor":1.0,"key":"SpeedPotion"},{"floor":2.0,"key":"ColorlessPotion"},{"floor":7.0,"key":"SkillPotion"},{"floor":10.0,"key":"Explosive Potion"},{"floor":16.0,"key":"DuplicationPotion"},{"floor":20.0,"key":"BlessingOfTheForge"},{"floor":24.0,"key":"FearPotion"},{"floor":30.0,"key":"Swift Potion"},{"floor":31.0,"key":"FearPotion"},{"floor":37.0,"key":"Swift Potion"}],"is_trial":false,"path_per_floor":["M","M","M","M","$","R","E","R","T","E","M","M","M","?","R","B",null,"M","M","M","?","?","R","E","R","T","E","$","M","E","M","R","B",null,"M","?","M","M","M","R","E","R","T","$","M","R","M","E","R","B",null,"R","$","E","B",null],"character_chosen":"IRONCLAD","items_purchased":["Blood for Blood","Evolve","Strange Spoon","Good Instincts","Fruit Juice","Membership Card","PreservedInsect","Disarm","Battle Trance","Havoc","DuplicationPotion"],"campfire_rested":4,"item_purchase_floors":[5,28,28,28,28,44,44,44,44,53,53],"current_hp_per_floor":[80,86,75,68,68,68,56,56,56,42,48,53,47,47,47,47,78,64,58,50,50,50,76,49,75,75,67,67,62,60,67,67,7,76,81,81,94,85,59,59,52,52,52,52,57,89,73,59,91,63,98,98,98,64,49],"gold":44,"neow_bonus":"TEN_PERCENT_HP_BONUS","is_daily":false,"chose_seed":false,"campfire_upgraded":6,"win_rate":0.0,"timestamp":1607879119,"path_taken":["M","M","M","M","?","R","E","R","T","E","M","M","M","?","R","BOSS","M","?","M","?","?","R","E","R","T","E","$","M","E","M","R","BOSS","M","?","?","M","M","R","E","R","T","$","M","R","M","E","R","BOSS","R","$","E","BOSS"],"items_purchased_type":["Card","Card","Relic","Card","Potion","Relic","Relic","Card","Card","Card","Potion"],"build_version":"2020-11-30","purchased_purges":3,"victory":true,"max_hp_per_floor":[88,88,88,88,88,88,88,88,88,88,88,88,88,88,88,88,88,88,88,88,88,88,88,88,88,88,90,90,90,92,99,99,99,99,101,101,101,103,105,105,105,105,105,105,107,107,107,109,109,109,109,109,109,111,111],"card_choices":[{"not_picked":["Dual Wield","Iron Wave"],"picked":"Uppercut","floor":1.0},{"not_picked":["Clash","Thunderclap","Iron Wave"],"picked":"SKIP","floor":2.0},{"not_picked":["Clash","Thunderclap","Iron Wave"],"picked":"SKIP","floor":2.0},{"not_picked":["Seeing Red","Havoc"],"picked":"Sword Boomerang","floor":3.0},{"not_picked":["Ghostly Armor","Second Wind"],"picked":"Pommel Strike","floor":4.0},{"not_picked":["Clothesline","Iron Wave"],"picked":"Juggernaut","floor":7.0},{"not_picked":["Armaments","Body Slam"],"picked":"Offering","floor":10.0},{"not_picked":["Armaments","Clothesline","Shrug It Off"],"picked":"SKIP","floor":11.0},{"not_picked":["Heavy Blade","Perfected Strike"],"picked":"Fire Breathing","floor":12.0},{"not_picked":["Perfected Strike","Seeing Red","Havoc"],"picked":"SKIP","floor":13.0},{"not_picked":["Corruption","Juggernaut"],"picked":"Immolate","floor":16.0},{"not_picked":["Sword Boomerang+1","Dual Wield","Havoc"],"picked":"SKIP","floor":18.0},{"not_picked":["Twin Strike","Sever Soul"],"picked":"Disarm","floor":19.0},{"not_picked":["Heavy Blade","Clothesline"],"picked":"Bloodletting+1","floor":20.0},{"not_picked":["Thunderclap","Sword Boomerang"],"picked":"Reckless Charge","floor":24.0},{"not_picked":["Shockwave","Wild Strike","Pommel Strike"],"picked":"Singing Bowl","floor":27.0},{"not_picked":["Infernal Blade","Pummel+1"],"picked":"Shrug It Off+1","floor":29.0},{"not_picked":["Ghostly Armor","Wild Strike","Perfected Strike"],"picked":"Singing Bowl","floor":30.0},{"not_picked":["Clash","Armaments","Iron Wave+1"],"picked":"Singing Bowl","floor":31.0},{"not_picked":["Brutality","Bludgeon"],"picked":"Reaper","floor":33.0},{"not_picked":["Reckless Charge+1","Sword Boomerang","Armaments"],"picked":"Singing Bowl","floor":35.0},{"not_picked":["Twin Strike","Rage"],"picked":"Uppercut+1","floor":37.0},{"not_picked":["Havoc","Whirlwind+1","Blood for Blood"],"picked":"Singing Bowl","floor":38.0},{"not_picked":["Heavy Blade+1","Armaments","Clothesline+1"],"picked":"Singing Bowl","floor":39.0},{"not_picked":["Havoc","Sword Boomerang+1"],"picked":"Battle Trance","floor":41.0},{"not_picked":["Headbutt","Anger","Evolve"],"picked":"Singing Bowl","floor":45.0},{"not_picked":["Pommel Strike+1","Seeing Red+1"],"picked":"Feel No Pain+1","floor":47.0},{"not_picked":["Shrug It Off","Twin Strike","Headbutt+1"],"picked":"Singing Bowl","floor":48.0},{"not_picked":["Rampage","Brutality","Perfected Strike+1"],"picked":"Singing Bowl","floor":54.0}],"player_experience":313477,"relics_obtained":[{"floor":7.0,"key":"Nunchaku"},{"floor":9.0,"key":"MawBank"},{"floor":10.0,"key":"InkBottle"},{"floor":24.0,"key":"Singing Bowl"},{"floor":24.0,"key":"Matryoshka"},{"floor":26.0,"key":"Red Skull"},{"floor":26.0,"key":"Turnip"},{"floor":27.0,"key":"Sundial"},{"floor":27.0,"key":"Omamori"},{"floor":30.0,"key":"Lizard Tail"},{"floor":30.0,"key":"Du-Vu Doll"},{"floor":41.0,"key":"Ginger"},{"floor":41.0,"key":"Unceasing Top"},{"floor":43.0,"key":"Mummified Hand"},{"floor":48.0,"key":"Akabeko"},{"floor":48.0,"key":"Whetstone"},{"floor":54.0,"key":"Eternal Feather"},{"floor":54.0,"key":"FossilizedHelix"}],"event_choices":[{"damage_healed":0.0,"max_hp_gain":0.0,"max_hp_loss":0.0,"gold_gain":0.0,"event_name":"Upgrade Shrine","player_choice":"Upgraded","floor":14.0,"gold_loss":0.0,"damage_taken":0.0,"cards_upgraded":["Fire Breathing"]},{"damage_healed":0.0,"max_hp_gain":0.0,"max_hp_loss":0.0,"gold_gain":0.0,"event_name":"The Mausoleum","player_choice":"Opened","floor":21.0,"gold_loss":0.0,"damage_taken":0.0,"relics_obtained":["Anchor"]},{"damage_healed":0.0,"max_hp_gain":0.0,"max_hp_loss":0.0,"gold_gain":0.0,"event_name":"Upgrade Shrine","player_choice":"Upgraded","floor":22.0,"gold_loss":0.0,"damage_taken":0.0,"cards_upgraded":["Immolate"]},{"damage_healed":0.0,"max_hp_gain":0.0,"max_hp_loss":0.0,"gold_gain":0.0,"event_name":"Accursed Blacksmith","player_choice":"Rummage","floor":36.0,"gold_loss":0.0,"damage_taken":0.0,"relics_obtained":["WarpedTongs"],"cards_obtained":["Pain"]}],"is_beta":false,"boss_relics":[{"not_picked":["Tiny House","Calling Bell"],"picked":"Black Star"},{"not_picked":["Black Blood","SlaversCollar"],"picked":"Philosopher\u0027s Stone"}],"items_purged_floors":[5,28,44],"is_endless":false,"potions_floor_spawned":[1,2,7,10,16,20,24,30,31,37,38,45,47],"ascension_level":11}}