{"host":"9pqy5lt7vda52ebm","time":1607835233,"event":{"mods":["BaseMod","Minty Spire (QoL Compilation)","Optimize The Spire","Robot Space Explorer","StSLib"],"gold_per_floor":[165,182,182,201,54,85,85,120,145,164,197,217,217,292,292,393,393,409,324,335,151,186,219,219,247,247,272,272,147,147,70,70,166,166,181,31,43,93,113,113,113,146,170,170,183,183,201,227,227,227,227,227,52,80,80],"floor_reached":56,"playtime":10616,"items_purged":["RobotSpaceExplorer:Strike","RobotSpaceExplorer:Strike","RobotSpaceExplorer:Strike","RobotSpaceExplorer:Strike","RobotSpaceExplorer:MiniLasers+1"],"score":1605,"play_id":"0e88840e-d493-44e3-9ed1-54ac4ea3bb51","local_time":"20201212235353","is_ascension_mode":true,"campfire_choices":[{"data":"RobotSpaceExplorer:MiniLasers","floor":7,"key":"SMITH"},{"data":"RobotSpaceExplorer:PowerGlove","floor":13,"key":"SMITH"},{"data":"RobotSpaceExplorer:PowerGlove","floor":15,"key":"SMITH"},{"data":"RobotSpaceExplorer:ShovelStrike","floor":24,"key":"SMITH"},{"data":"RobotSpaceExplorer:Accelerator","floor":28,"key":"SMITH"},{"data":"RobotSpaceExplorer:ScrapShield","floor":30,"key":"SMITH"},{"data":"RobotSpaceExplorer:ScrapToss","floor":32,"key":"SMITH"},{"data":"RobotSpaceExplorer:Defend","floor":40,"key":"PURGE"},{"data":"RobotSpaceExplorer:Defend","floor":44,"key":"PURGE"},{"data":"RobotSpaceExplorer:Defend","floor":46,"key":"PURGE"},{"floor":49,"key":"RECALL"},{"data":"RobotSpaceExplorer:MetalStrike","floor":52,"key":"PURGE"}],"circlet_count":0,"master_deck":["RobotSpaceExplorer:Defend+1","RobotSpaceExplorer:Scan","RobotSpaceExplorer:PowerGlove+1","RobotSpaceExplorer:ShovelStrike+1","RobotSpaceExplorer:PowerGlove+1","RobotSpaceExplorer:Discharger","RobotSpaceExplorer:Accelerator+1","RobotSpaceExplorer:ScrapShield+1","RobotSpaceExplorer:JunkDive","RobotSpaceExplorer:ScrapMissile","RobotSpaceExplorer:MiniDrones+1","Flash of Steel","RobotSpaceExplorer:Probe","RobotSpaceExplorer:FranticSearch+1","RobotSpaceExplorer:ScrapToss+1","RobotSpaceExplorer:ChargingLaser","RobotSpaceExplorer:FranticSearch+1","Madness","Madness","RobotSpaceExplorer:DualCore+1"],"relics":["Tiny House","RobotSpaceExplorer:ClockworkSextant","Nunchaku","Centennial Puzzle","Mummified Hand","RobotSpaceExplorer:SearchSpecs","Juzu Bracelet","Frozen Egg 2","Red Mask","Lantern","Blood Vial","Meat on the Bone","Sundial","Sozu","Peace Pipe","Bag of Marbles","Dream Catcher","White Beast Statue"],"acts_visited":["Exordium","TheCity","TheBeyond","TheEnding"],"potions_floor_usage":[25,55],"damage_taken":[{"damage":0,"enemies":"2 Louse","floor":1,"turns":4},{"damage":0,"enemies":"Jaw Worm","floor":2,"turns":4},{"damage":0,"enemies":"Small Slimes","floor":4,"turns":3},{"damage":10,"enemies":"Lagavulin","floor":6,"turns":7},{"damage":5,"enemies":"3 Sentries","floor":8,"turns":6},{"damage":4,"enemies":"Blue Slaver","floor":10,"turns":2},{"damage":4,"enemies":"Gremlin Nob","floor":11,"turns":3},{"damage":0,"enemies":"Exordium Wildlife","floor":12,"turns":2},{"damage":19,"enemies":"Hexaghost","floor":16,"turns":5},{"damage":22,"enemies":"3 Byrds","floor":18,"turns":3},{"damage":4,"enemies":"Spheric Guardian","floor":20,"turns":4},{"damage":0,"enemies":"Masked Bandits","floor":22,"turns":3},{"damage":7,"enemies":"Gremlin Leader","floor":23,"turns":3},{"damage":0,"enemies":"Slavers","floor":25,"turns":3},{"damage":0,"enemies":"Gremlin Leader","floor":27,"turns":3},{"damage":0,"enemies":"Champ","floor":33,"turns":4},{"damage":0,"enemies":"3 Shapes","floor":35,"turns":2},{"damage":0,"enemies":"Orb Walker","floor":37,"turns":2},{"damage":0,"enemies":"Mind Bloom Boss Battle","floor":38,"turns":3},{"damage":0,"enemies":"Transient","floor":39,"turns":4},{"damage":23,"enemies":"Nemesis","floor":42,"turns":3},{"damage":0,"enemies":"3 Darklings","floor":45,"turns":1},{"damage":0,"enemies":"Spire Growth","floor":47,"turns":2},{"damage":0,"enemies":"Reptomancer","floor":48,"turns":2},{"damage":24,"enemies":"Donu and Deca","floor":50,"turns":3},{"damage":0,"enemies":"Shield and Spear","floor":54,"turns":2},{"damage":1,"enemies":"The Heart","floor":55,"turns":3}],"seed_played":"8425359419094184322","potions_obtained":[{"floor":0,"key":"AttackPotion"},{"floor":1,"key":"RobotSpaceExplorer:LiquidFusion"},{"floor":2,"key":"DistilledChaos"},{"floor":11,"key":"DuplicationPotion"},{"floor":27,"key":"LiquidBronze"}],"is_trial":false,"path_per_floor":["M","M","?","M","$","E","R","E","T","M","E","M","R","?","R","B",null,"M","?","M","$","?","E","R","E","T","E","R","$","R","$","R","B",null,"M","$","M","?","M","R","?","E","T","R","M","R","M","E","R","B",null,"R","$","E","B",null],"character_chosen":"RobotSpaceExplorer","items_purchased":["RobotSpaceExplorer:Discharger","Flash of Steel","RobotSpaceExplorer:ScrapToss"],"campfire_rested":0,"item_purchase_floors":[5,21,31],"current_hp_per_floor":[80,80,85,85,85,75,75,70,70,66,62,62,62,51,51,32,85,63,63,59,59,59,52,52,52,52,54,54,54,54,54,54,56,85,85,85,85,85,85,85,74,53,53,53,55,55,57,59,59,49,85,85,85,85,84],"gold":80,"neow_bonus":"BOSS_RELIC","is_daily":false,"chose_seed":false,"campfire_upgraded":7,"win_rate":0.0,"timestamp":1607835233,"path_taken":["M","M","?","M","$","E","R","E","T","M","E","M","R","?","R","BOSS","M","?","M","$","?","E","R","E","T","E","R","?","R","?","R","BOSS","M","$","M","?","M","R","?","E","T","R","M","R","M","E","R","BOSS","R","$","E","BOSS"],"items_purchased_type":["Card","Card","Card"],"build_version":"2020-11-30","purchased_purges":5,"victory":true,"max_hp_per_floor":[80,80,85,85,85,85,85,85,85,85,85,85,85,85,85,85,85,85,85,85,85,85,85,85,85,85,85,85,85,85,85,85,85,85,85,85,85,85,85,85,85,85,85,85,85,85,85,85,85,85,85,85,85,85,85],"card_choices":[{"not_picked":["RobotSpaceExplorer:DoubleFind","RobotSpaceExplorer:ShockKick"],"picked":"RobotSpaceExplorer:PowerGlove","floor":0},{"not_picked":["RobotSpaceExplorer:ToxicBomb","RobotSpaceExplorer:MakeshiftVolley"],"picked":"RobotSpaceExplorer:ShovelStrike","floor":1},{"not_picked":["RobotSpaceExplorer:MakeshiftVolley","RobotSpaceExplorer:ScrapMissile"],"picked":"RobotSpaceExplorer:PowerGlove","floor":2},{"not_picked":["RobotSpaceExplorer:GearShield","RobotSpaceExplorer:Pulsar"],"picked":"RobotSpaceExplorer:MetalStrike","floor":4},{"not_picked":["RobotSpaceExplorer:GlueSpray","RobotSpaceExplorer:Ammunition"],"picked":"RobotSpaceExplorer:Accelerator","floor":6},{"not_picked":["RobotSpaceExplorer:StarLightning","RobotSpaceExplorer:Counterblock"],"picked":"RobotSpaceExplorer:ScrapShield","floor":8},{"not_picked":["RobotSpaceExplorer:SurgingStrike","RobotSpaceExplorer:Ammunition","RobotSpaceExplorer:GlueSpray"],"picked":"SKIP","floor":10},{"not_picked":["RobotSpaceExplorer:SurgingStrike","RobotSpaceExplorer:Ammunition","RobotSpaceExplorer:GlueSpray"],"picked":"SKIP","floor":10},{"not_picked":["RobotSpaceExplorer:GlueSpray","RobotSpaceExplorer:Ammunition"],"picked":"RobotSpaceExplorer:JunkDive","floor":11},{"not_picked":["RobotSpaceExplorer:TurboDodge","RobotSpaceExplorer:SlimeMissile"],"picked":"RobotSpaceExplorer:ScrapMissile","floor":12},{"not_picked":["RobotSpaceExplorer:Multitool","RobotSpaceExplorer:Scanner"],"picked":"RobotSpaceExplorer:Exploration","floor":16},{"not_picked":["RobotSpaceExplorer:GlueSpray","RobotSpaceExplorer:Smokescreen","RobotSpaceExplorer:Electropulse"],"picked":"SKIP","floor":18},{"not_picked":["RobotSpaceExplorer:SwiftStep","RobotSpaceExplorer:Probe+1"],"picked":"RobotSpaceExplorer:MiniDrones+1","floor":20},{"not_picked":["RobotSpaceExplorer:GlueShot+1","RobotSpaceExplorer:ScrapShield"],"picked":"RobotSpaceExplorer:Probe","floor":22},{"not_picked":["RobotSpaceExplorer:ImprovisedAttack+1","RobotSpaceExplorer:SwiftStep","RobotSpaceExplorer:FrostMissile"],"picked":"SKIP","floor":23},{"not_picked":["RobotSpaceExplorer:PowerCollector+1","RobotSpaceExplorer:Accelerator+1"],"picked":"RobotSpaceExplorer:FranticSearch+1","floor":25},{"not_picked":["RobotSpaceExplorer:MetalStrike","RobotSpaceExplorer:DroneSwarm+1","RobotSpaceExplorer:DoubleBlock+1"],"picked":"SKIP","floor":27},{"not_picked":["RobotSpaceExplorer:ShockMissile","RobotSpaceExplorer:Blaster"],"picked":"RobotSpaceExplorer:ChargingLaser","floor":33},{"not_picked":["RobotSpaceExplorer:Ammunition","RobotSpaceExplorer:Pulsar"],"picked":"RobotSpaceExplorer:FranticSearch+1","floor":35},{"not_picked":["RobotSpaceExplorer:Probe","RobotSpaceExplorer:SurgingShield","RobotSpaceExplorer:Pulsar+1"],"picked":"SKIP","floor":37},{"not_picked":["RobotSpaceExplorer:FrostMissile","RobotSpaceExplorer:Blitz","RobotSpaceExplorer:Discharger+1"],"picked":"SKIP","floor":39},{"not_picked":["RobotSpaceExplorer:Multitool+1","RobotSpaceExplorer:SlimeMissile+1","RobotSpaceExplorer:LuckyStrike"],"picked":"SKIP","floor":42},{"not_picked":["RobotSpaceExplorer:ShovelStrike","RobotSpaceExplorer:MiniDrones+1","RobotSpaceExplorer:StunGrenade"],"picked":"SKIP","floor":45},{"not_picked":["RobotSpaceExplorer:GlueSpray","RobotSpaceExplorer:SlimeMissile+1"],"picked":"RobotSpaceExplorer:DualCore+1","floor":47},{"not_picked":["RobotSpaceExplorer:MakeshiftVolley","RobotSpaceExplorer:ShockKick+1","RobotSpaceExplorer:Ammunition+1"],"picked":"SKIP","floor":48},{"not_picked":["RobotSpaceExplorer:BigMissile","RobotSpaceExplorer:PlasmaMissile+1","RobotSpaceExplorer:Calculate"],"picked":"SKIP","floor":54}],"player_experience":343787,"relics_obtained":[{"floor":6,"key":"RobotSpaceExplorer:ClockworkSextant"},{"floor":8,"key":"Nunchaku"},{"floor":9,"key":"Centennial Puzzle"},{"floor":11,"key":"Mummified Hand"},{"floor":18,"key":"Juzu Bracelet"},{"floor":22,"key":"Red Mask"},{"floor":23,"key":"Lantern"},{"floor":25,"key":"Blood Vial"},{"floor":26,"key":"Meat on the Bone"},{"floor":27,"key":"Sundial"},{"floor":38,"key":"Peace Pipe"},{"floor":42,"key":"Bag of Marbles"},{"floor":48,"key":"Dream Catcher"},{"floor":54,"key":"White Beast Statue"}],"event_choices":[{"damage_healed":0,"gold_gain":0,"player_choice":"Donut","damage_taken":0,"max_hp_gain":5,"max_hp_loss":0,"event_name":"Big Fish","floor":3,"gold_loss":0},{"damage_healed":0,"gold_gain":75,"player_choice":"Gather Gold","damage_taken":11,"max_hp_gain":0,"max_hp_loss":0,"event_name":"World of Goop","floor":14,"gold_loss":0},{"damage_healed":0,"gold_gain":0,"player_choice":"Obtained Relic","damage_taken":0,"relics_obtained":["Frozen Egg 2"],"max_hp_gain":0,"max_hp_loss":0,"event_name":"Addict","floor":19,"gold_loss":85},{"damage_healed":0,"gold_gain":0,"player_choice":"Fought Bandits","damage_taken":0,"max_hp_gain":0,"max_hp_loss":0,"event_name":"Masked Bandits","floor":22,"gold_loss":0},{"damage_healed":0,"gold_gain":0,"player_choice":"Fight","damage_taken":0,"max_hp_gain":0,"max_hp_loss":0,"event_name":"MindBloom","floor":38,"gold_loss":0},{"damage_healed":0,"gold_gain":0,"player_choice":"Embrace Madness","damage_taken":11,"max_hp_gain":0,"max_hp_loss":0,"event_name":"Winding Halls","floor":41,"gold_loss":0,"cards_obtained":["Madness","Madness"]}],"is_beta":false,"boss_relics":[{"not_picked":["Busted Crown","Pandora\u0027s Box"],"picked":"RobotSpaceExplorer:SearchSpecs"},{"not_picked":["Velvet Choker","SacredBark"],"picked":"Sozu"}],"items_purged_floors":[5,21,29,36,53],"is_endless":false,"potions_floor_spawned":[1,2,11,20,23,27,33,39,45,48],"ascension_level":4}}