{"host":"iiglj9c36e8zluux","time":1607822774,"event":{"mods":["Aspiration","BaseMod","Conspire","Halation","Hubris","Infinite Spire","Minty Spire (QoL Compilation)","Replay The Spire","Retaliation","Shop Mod","Spikes Relics","StSLib","The Blue Laboratory","Uncapped","vexMod"],"gold_per_floor":[115,115,115,131,131,156,188,213,237,266,266,266,292,292,292,387,387,402,402,402,402,402,402,434,434,434,434,434,434,434,460,460,591,591,647,706,706,706,706,778,841,841,865,933,1033,1133,1133,1156,1156,1327,1327,1423,1423,1423,1423,1423,1423,1423,1523,1523,1523,1523,1523,1523,1523,1523,1725,1725,1847,1847,1847,1762,1762,1909,1909,1909,1909,1909,1999,1999,1999,1993,1993],"floor_reached":82,"playtime":1309,"items_purged":[],"score":1475,"play_id":"5fa6e669-4076-47e4-ac48-13a3335f1de3","local_time":"20201212172614","daily_mods":["SealedDeck","Colorless Cards","Heirloom","Flight"],"is_ascension_mode":false,"campfire_choices":[{"data":"Draining Mist","floor":15,"key":"SMITH"},{"data":"Cloak And Dagger","floor":23,"key":"SMITH"},{"data":"Blade Dance","floor":25,"key":"SMITH"},{"data":"Cloak And Dagger","floor":32,"key":"SMITH"},{"data":"Blade Dance","floor":47,"key":"SMITH"},{"data":"Mind Blast","floor":75,"key":"SMITH"},{"data":"infinitespire:Starlight","floor":75,"key":"SMITH"}],"circlet_count":0,"master_deck":["Dagger Throw","ReplayTheSpireMod:Tripwire","Backflip","Blade Dance","Blade Dance+1","ReplayTheSpireMod:Scrap Shanks","Dash+1","Dash","Deep Breath","vexMod:EmailVexCard+1","Draining Mist+1","Backflip","Eviscerate","Quick Slash","Hidden Blade+1","Cloak And Dagger+1","Specialist","Adrenaline","Blind","Blade Dance+1","Cloak And Dagger+1","Envenom+1","Dodge and Roll+1","Blade Dance+1","infinitespire:Starlight+1","Prepared","Poisoned Strike+1","Dagger Spray+1","Pride","Pride","Pride","Pride","Pride","Pride","Pride","Pride","Pride","Pride","Pride","Pride","Die Die Die+1","Pride","Pride","Pride","Pride","Pride","Pride","Mind Blast+1","Pride","Pride","Pride","Pride","Pride","Pride","Pride","Pride","Pride"],"relics":["Ring of the Serpent","conspire:Boomerang","NeowsBlessing","NeowsBlessing","NeowsBlessing","Sundial","Whetstone","halation:SwordOfLegend","infinitespire:Beetle Shell","Gambling Chip","NeowsBlessing","ReplayTheSpireMod:Ninjato","NeowsBlessing","NeowsBlessing","NeowsBlessing","halation:KoshaPiece","halation:SelfBoilingWater","NeowsBlessing","NeowsBlessing","NeowsBlessing","Golden Egg","infinitespire:EvilPickle","infinitespire:Cupcake","NeowsBlessing","NeowsBlessing","infinitespire:EmpoweringShard","NeowsBlessing","War Paint","Du-Vu Doll","Girya","aspiration:ArtOfWarUpgrade","hubris:CrackedHourglass","infinitespire:Lucky Rock","hubris:TerracottaHorce","Gremlin Food","Replay:Arrowhead","Molten Egg 2"],"acts_visited":["Exordium","TheCity","TheBeyond","Exordium","TheCity"],"potions_floor_usage":[],"damage_taken":[{"damage":0,"enemies":"Small Slimes","floor":1,"turns":2},{"damage":0,"enemies":"2 Louse","floor":4,"turns":1},{"damage":0,"enemies":"Replay:BlueRogue","floor":6,"turns":1},{"damage":0,"enemies":"Gremlin Nob","floor":7,"turns":1},{"damage":0,"enemies":"Lagavulin","floor":8,"turns":1},{"damage":0,"enemies":"3 Sentries","floor":10,"turns":1},{"damage":0,"enemies":"Replay:BlueRogue","floor":13,"turns":1},{"damage":0,"enemies":"Slime Boss","floor":16,"turns":1},{"damage":0,"enemies":"Chosen","floor":18,"turns":1},{"damage":0,"enemies":"Replay:Snechameleon","floor":24,"turns":1},{"damage":0,"enemies":"Gremlin Leader","floor":31,"turns":1},{"damage":0,"enemies":"Pondfish","floor":33,"turns":3},{"damage":0,"enemies":"Orb Walker","floor":35,"turns":1},{"damage":0,"enemies":"3 Darklings","floor":36,"turns":1},{"damage":0,"enemies":"Nightmare","floor":40,"turns":1},{"damage":0,"enemies":"Sphere and 2 Shapes","floor":41,"turns":2},{"damage":0,"enemies":"Spire Growth","floor":44,"turns":1},{"damage":0,"enemies":"infinitespire:Three Voidlings","floor":45,"turns":1},{"damage":0,"enemies":"Nightmare_Alpha","floor":45,"turns":1},{"damage":0,"enemies":"Reptomancer","floor":46,"turns":1},{"damage":0,"enemies":"hubris:GrandSnecko","floor":50,"turns":1},{"damage":0,"enemies":"2 Louse","floor":52,"turns":1},{"damage":0,"enemies":"Cultist","floor":59,"turns":1},{"damage":0,"enemies":"Hexaghost","floor":67,"turns":1},{"damage":0,"enemies":"2 Thieves","floor":69,"turns":1},{"damage":0,"enemies":"Nightmare","floor":74,"turns":1},{"damage":71,"enemies":"Slavers","floor":82,"turns":1}],"seed_played":"-2683166054386350073","potions_obtained":[{"floor":1,"key":"blueLaboratory:BlinkPotion"},{"floor":7,"key":"blueLaboratory:NinjaPotion"},{"floor":10,"key":"blueLaboratory:FruitPunch"},{"floor":36,"key":"blueLaboratory:SuffocatingSmog"},{"floor":59,"key":"blueLaboratory:AbyssPotion"}],"is_trial":true,"path_per_floor":["M","WH","WH","M","WH","E","E","E","T","E","WH","?","E","WH","R","B",null,"M","WH","?","WH","?","R","E","R","T","WH","WH","?","WH","E","R","B",null,"M","M","WH","?","WH","NM","M","WH","T","M","?","E","R","T","R","B",null,"M","WH","WH","?","$","R","WH","M","T","$","WH","AVR","WH","WH","R","B",null,"M","?","WH","?","WH","NM","R","?","T","WH","?","WH","WH","E"],"character_chosen":"THE_SILENT","items_purchased":[],"campfire_rested":0,"item_purchase_floors":[],"current_hp_per_floor":[70,70,70,70,70,70,70,70,70,70,70,70,70,70,70,70,70,70,70,73,73,73,73,73,73,73,73,73,73,73,73,73,73,73,73,73,73,73,73,73,73,73,73,73,73,73,73,73,73,73,73,73,73,73,73,73,73,73,73,73,73,73,73,73,73,73,73,73,73,73,73,73,73,73,73,73,73,73,61,61,61,0,0],"gold":1993,"neow_bonus":"THREE_ENEMY_KILL","is_daily":false,"chose_seed":false,"campfire_upgraded":7,"win_rate":0.0,"timestamp":1607822774,"path_taken":["M","WH","WH","M","WH","E","E","E","T","E","WH","?","E","WH","R","BOSS","M","WH","?","WH","?","R","E","R","T","WH","WH","?","WH","E","R","BOSS","M","M","WH","?","WH","NM","M","WH","T","?","?","E","R","?","R","BOSS","M","WH","WH","?","$","R","WH","M","T","?","WH","AVR","WH","WH","R","BOSS","M","?","WH","?","WH","NM","R","?","T","WH","?","WH","WH","E"],"items_purchased_type":[],"build_version":"2020-11-30","purchased_purges":0,"victory":false,"max_hp_per_floor":[70,70,70,70,70,70,70,70,70,70,70,70,70,70,70,70,70,70,70,73,73,73,73,73,73,73,73,73,73,73,73,73,73,73,73,73,73,73,73,73,73,73,73,73,73,73,73,73,73,73,73,73,73,73,73,73,73,73,73,73,73,73,73,73,73,73,73,73,73,73,73,73,73,73,73,73,73,73,73,73,73,73,73],"card_choices":[{"not_picked":["ReplayTheSpireMod:The Works","Replay:BasicMightCard"],"picked":"Draining Mist","floor":1},{"not_picked":["PiercingWail","Flying Knee"],"picked":"Backflip","floor":4},{"not_picked":["ReplayTheSpireMod:Trickstab","Calculated Gamble"],"picked":"Eviscerate","floor":6},{"not_picked":["Deadly Poison","Underhanded Strike"],"picked":"Quick Slash","floor":7},{"not_picked":["Bullet Time","Sneak Up"],"picked":"Hidden Blade","floor":8},{"not_picked":["Calculated Gamble","Acrobatics"],"picked":"Cloak And Dagger","floor":10},{"not_picked":["Quick Slash","Dagger Throw"],"picked":"Specialist","floor":13},{"not_picked":["Venomology","Feint"],"picked":"Adrenaline","floor":16},{"not_picked":["PiercingWail+1","Poisoned Stab"],"picked":"Blind","floor":18},{"not_picked":["Deflect","Hidden Blade"],"picked":"Blade Dance","floor":24},{"not_picked":["Finesse","Degenerate"],"picked":"Cloak And Dagger","floor":31},{"not_picked":["Tools of the Trade","Grand Finale"],"picked":"Envenom","floor":33},{"not_picked":["Backflip+1","PiercingWail","Degenerate+1"],"picked":"SKIP","floor":35},{"not_picked":["Dagger Spray","Bane+1"],"picked":"Dodge and Roll+1","floor":36},{"not_picked":["Enlightenment","Degenerate","PiercingWail+1"],"picked":"SKIP","floor":40},{"not_picked":["Bane","Impatience+1","Acrobatics+1"],"picked":"SKIP","floor":41},{"not_picked":["Slice","Reflex"],"picked":"Blade Dance","floor":44},{"not_picked":["ReplayTheSpireMod:Black Plague","infinitespire:SealOfDarkness+"],"picked":"infinitespire:Starlight","floor":45},{"not_picked":["ReplayTheSpireMod:Uncanny Aura+1","Replay:Dark Deal"],"picked":"Prepared","floor":46},{"not_picked":["Night Terror","Secret Weapon"],"picked":"Poisoned Strike","floor":50},{"not_picked":["Outmaneuver","Dagger Throw"],"picked":"Dagger Spray","floor":52},{"not_picked":["hubris:SlightOfHand","Acrobatics","Degenerate"],"picked":"SKIP","floor":59},{"not_picked":["hubris:SlightOfHand","Acrobatics","Degenerate"],"picked":"SKIP","floor":59},{"not_picked":["hubris:EnhanceAbility","ReplayTheSpireMod:Necrosis"],"picked":"Die Die Die","floor":67},{"not_picked":["Impatience","Purity","Quick Slash"],"picked":"SKIP","floor":69},{"not_picked":["Outmaneuver","Flying Knee+1"],"picked":"Mind Blast","floor":74}],"player_experience":93219,"relics_obtained":[{"floor":6,"key":"Sundial"},{"floor":7,"key":"Whetstone"},{"floor":8,"key":"halation:SwordOfLegend"},{"floor":9,"key":"infinitespire:Beetle Shell"},{"floor":10,"key":"Gambling Chip"},{"floor":13,"key":"ReplayTheSpireMod:Ninjato"},{"floor":24,"key":"halation:KoshaPiece"},{"floor":26,"key":"halation:SelfBoilingWater"},{"floor":31,"key":"Golden Egg"},{"floor":40,"key":"infinitespire:EmpoweringShard"},{"floor":43,"key":"War Paint"},{"floor":45,"key":"Du-Vu Doll"},{"floor":46,"key":"Girya"},{"floor":48,"key":"Art of War"},{"floor":60,"key":"infinitespire:Lucky Rock"},{"floor":74,"key":"Replay:Arrowhead"},{"floor":77,"key":"Molten Egg 2"}],"event_choices":[{"damage_healed":0,"gold_gain":0,"player_choice":"Disagree","damage_taken":0,"max_hp_gain":0,"max_hp_loss":0,"event_name":"conspire:LoneGhost","floor":12,"gold_loss":0},{"damage_healed":0,"gold_gain":0,"player_choice":"Ignored","damage_taken":0,"max_hp_gain":0,"max_hp_loss":0,"event_name":"Beggar","floor":22,"gold_loss":0},{"damage_healed":0,"gold_gain":0,"player_choice":"Ignored","damage_taken":0,"max_hp_gain":0,"max_hp_loss":0,"event_name":"Transmorgrifier","floor":38,"gold_loss":0},{"damage_healed":0,"gold_gain":0,"player_choice":"Ignored","damage_taken":0,"max_hp_gain":0,"max_hp_loss":0,"event_name":"Transmorgrifier","floor":55,"gold_loss":0},{"damage_healed":0,"gold_gain":0,"player_choice":"Ignored","damage_taken":0,"max_hp_gain":0,"max_hp_loss":0,"event_name":"Vampires","floor":70,"gold_loss":0},{"damage_healed":0,"gold_gain":0,"player_choice":"Obtained Relic","damage_taken":0,"relics_obtained":["Gremlin Food"],"max_hp_gain":0,"max_hp_loss":0,"event_name":"Addict","floor":72,"gold_loss":85},{"damage_healed":0,"gold_gain":0,"player_choice":"Ignored","damage_taken":0,"max_hp_gain":0,"max_hp_loss":0,"event_name":"The Mausoleum","floor":76,"gold_loss":0},{"damage_healed":0,"gold_gain":90,"player_choice":"GOLD ","damage_taken":12,"max_hp_gain":0,"max_hp_loss":0,"event_name":"Knowing Skull","floor":79,"potions_obtained":[],"gold_loss":0,"cards_obtained":[]}],"is_beta":false,"boss_relics":[{"not_picked":["Kintsugi","conspire:SeveredTorchhead"],"picked":"Ring of the Serpent"},{"not_picked":["aspiration:SecretTechniqueScroll","SlaversCollar"],"picked":"infinitespire:Cupcake"},{"not_picked":["hubris:BlackHole","Snecko Scales"],"picked":"hubris:CrackedHourglass"},{"not_picked":["Runic Pyramid","halation:PinkAlligatorPlush"],"picked":"hubris:TerracottaHorce"}],"items_purged_floors":[],"is_endless":true,"potions_floor_spawned":[1,7,10,18,31,36,40,45,46,59,69,74],"killed_by":"Slavers","ascension_level":0}}