{"host":"8fd4hymsqydhyymv","time":1607853658,"event":{"mods":["BaseMod","Become a monster ???","Bestiary","Better Altar","Better Match","Better Note","Better Sensory Stone","Better Skull","Better Third Choice","Block Reminder","Clockwork Mod","Colored Powertips","Custom Start","DeckTracker","Downfall","Infinite Spire","Lobotomy","Minty Spire (QoL Compilation)","Quick Restart","Rare Cards Sparkle","Shop Mod","StSLib","Swap Starting Deck Mod","Thieving Mod","Uncapped","Unceasing Turn Reminder","everything is the same but u backflip on backflip"],"gold_per_floor":[99,118,218,218,248,87,113,132,132,132,142,161,161,179,190,190,190],"floor_reached":16,"playtime":989,"items_purged":[],"score":102,"play_id":"12bb40cf-1f93-45f3-8ffd-476e5659843e","local_time":"20201213150058","is_ascension_mode":false,"campfire_choices":[{"data":"Slimebound:Split","floor":1,"key":"SMITH"},{"data":"Slimebound:Tackle","floor":4,"key":"SMITH"},{"data":"Slimebound:SplitBruiser","floor":10,"key":"SMITH"}],"circlet_count":0,"master_deck":["Slimebound:Strike_Slimebound","Slimebound:Strike_Slimebound+1","Slimebound:Strike_Slimebound","Slimebound:Tackle+1","Slimebound:Defend_Slimebound+1","Slimebound:Defend_Slimebound","Slimebound:Defend_Slimebound","Slimebound:Defend_Slimebound","Slimebound:Split+1","Slimebound:CorrosiveSpit","Slimebound:SplitBruiser","Slimebound:HauntingLick","Slimebound:SamplingLick+1","Slimebound:LeechEnergy","Slimebound:SplitMire","Slimebound:SamplingLick","Slimebound:SplitBruiser+1","expansioncontent:Corrupt","Slimebound:Schlurp","Slimebound:SplitMire","Regret","Slimebound:LevelUp","Slimebound:ProtectTheBoss"],"relics":["Slimebound:AbsorbEndCombat","Letter Opener","Strawberry"],"acts_visited":["Exordium"],"potions_floor_usage":[14,14],"damage_taken":[{"damage":11,"enemies":"Cultist","floor":2,"turns":3},{"damage":29,"enemies":"Lagavulin","floor":5,"turns":5},{"damage":18,"enemies":"downfall:FleeingMerchant","floor":6,"turns":4},{"damage":15,"enemies":"2 Louse","floor":8,"turns":2},{"damage":4,"enemies":"Small Slimes","floor":11,"turns":2},{"damage":14,"enemies":"Gremlin Gang","floor":12,"turns":3},{"damage":16,"enemies":"Large Slime","floor":14,"turns":2},{"damage":18,"enemies":"3 Louse","floor":15,"turns":2},{"damage":82,"enemies":"downfall:Defect","floor":16,"turns":4}],"seed_played":"-631613896601150692","potions_obtained":[{"floor":2,"key":"ThievingMod:ThievingPotion"},{"floor":11,"key":"DistilledChaos"},{"floor":14,"key":"Weak Potion"},{"floor":15,"key":"Weak Potion"}],"is_trial":false,"path_per_floor":["R","M","?","R","E","$","T","M","?","R","M","M","?","M","M","B"],"character_chosen":"SLIMEBOUND","items_purchased":["Slimebound:LeechEnergy","Slimebound:SplitMire","Slimebound:SamplingLick"],"campfire_rested":0,"item_purchase_floors":[6,6,6],"current_hp_per_floor":[66,65,65,65,54,54,61,62,62,62,66,60,60,68,64,0,0],"gold":190,"neow_bonus":"TEN_PERCENT_HP_BONUS","is_daily":false,"chose_seed":false,"campfire_upgraded":3,"win_rate":0.0,"timestamp":1607853658,"path_taken":["R","M","?","R","E","$","T","M","?","R","?","M","?","M","M","BOSS"],"items_purchased_type":["Card","Card","Card"],"build_version":"2020-11-30","purchased_purges":0,"victory":false,"max_hp_per_floor":[66,66,66,66,66,66,73,73,73,73,73,73,73,73,73,73,73],"card_choices":[{"not_picked":["Slimebound:BestDefense","Slimebound:FirmFortitude"],"picked":"Slimebound:SplitBruiser","floor":2},{"not_picked":["Slimebound:Overexert","Slimebound:SlimeSpikes"],"picked":"Slimebound:HauntingLick","floor":5},{"not_picked":["Slimebound:SlimeSpikes","Slimebound:FinishingTackle"],"picked":"Slimebound:SamplingLick","floor":6},{"not_picked":["Slimebound:ViciousTackle","Slimebound:SlimeSpikes"],"picked":"Slimebound:SplitBruiser","floor":8},{"not_picked":["Purity","Blind"],"picked":"expansioncontent:Corrupt","floor":9},{"not_picked":["Slimebound:LeechingTouch","Slimebound:ViciousTackle"],"picked":"Slimebound:Schlurp","floor":11},{"not_picked":["Slimebound:SamplingLick","Slimebound:SplitAcid"],"picked":"Slimebound:SplitMire","floor":12},{"not_picked":["Slimebound:SelfFormingGoo","Slimebound:SlimeSpikes"],"picked":"Slimebound:LevelUp","floor":14},{"not_picked":["Slimebound:SlimeSpikes","Slimebound:Schlurp"],"picked":"Slimebound:ProtectTheBoss","floor":15}],"player_experience":130681,"relics_obtained":[{"floor":5,"key":"Letter Opener"},{"floor":7,"key":"Strawberry"}],"event_choices":[{"damage_healed":0,"gold_gain":1,"player_choice":"1","damage_taken":0,"max_hp_gain":0,"max_hp_loss":0,"event_name":"betterStone:BetterStone","floor":9,"gold_loss":0}],"is_beta":false,"boss_relics":[],"items_purged_floors":[],"is_endless":false,"potions_floor_spawned":[2,11,14,15],"killed_by":"downfall:Defect","ascension_level":0}}