{"host":"3j7xx3dgykcuif7u","time":1607817703,"event":{"mods":["2.2 Compatiblity","Bard","BaseMod","Better Note","Better Third Choice","BetterRewards","Colored Map","Colored Powertips","Conspire","Custom Start","Downfall","Faster Ascension Climbing","Friendly Minions","GifTheSpireLib","Gremlin Skip","Hermit","Highlight Path","Hubris","Infinite Spire","Mad Scientist","Marisa????????","Mimic Mod","Minty Spire (QoL Compilation)","Permanent Neow","Quick Restart","RNG Fix","Relic Sorter","Relic Stats","Replay The Spire","Shop Mod","Somnambulant","StSLib","Stuff the Spire","SuperFastMode","The Blue Laboratory","The Construct","The Disciple","The Jungle","The Mystic","The Servant 0.9.4","vexMod"],"gold_per_floor":[114,114,189,200,275,275,300,314,314,331,357,357,357,102,102,179,179,199,211,9,21,39,39,64,64,64,83,111,127,70,85,85,159,159,174,174,192,205,91,91,118,118,144,177,177,177,177,177,177,177,177,177,23,54,54,54],"floor_reached":55,"playtime":6488,"items_purged":["Strike_G"],"score":1325,"play_id":"3d5e9e23-5894-401f-9eb5-eebb296991c9","local_time":"20201212180143","is_ascension_mode":true,"campfire_choices":[{"data":"Noxious Fumes","floor":6.0,"key":"SMITH"},{"floor":12.0,"key":"REST"},{"data":"Leg Sweep","floor":15.0,"key":"SMITH"},{"floor":23.0,"key":"REST"},{"floor":25.0,"key":"REST"},{"floor":32.0,"key":"REST"},{"data":"Fluid Movement","floor":40.0,"key":"SMITH"},{"floor":42.0,"key":"REST"},{"floor":45.0,"key":"REST"},{"floor":47.0,"key":"RECALL"},{"data":"Footwork","floor":49.0,"key":"SMITH"},{"data":"Wraith Form v2","floor":52.0,"key":"SMITH"}],"circlet_count":0,"master_deck":["AscendersBane","Strike_G","Strike_G","Strike_G","Defend_G","Defend_G+1","Defend_G","Defend_G","Defend_G+1","Survivor","Neutralize","Dagger Throw","Noxious Fumes+1","ReplayTheSpireMod:From All Sides","Leg Sweep+1","Deadly Poison+1","Corpse Explosion","Dagger Throw","ReplayTheSpireMod:Scrap Shanks","Burst","Dagger Throw+1","hubris:Sniper+1","StuffTheSpire:Shiver","Noxious Fumes+1","ReplayTheSpireMod:Exploit Weakness","Well Laid Plans","StuffTheSpire:Injection+1","Wraith Form v2+1","Replay:Fractal Strike","PiercingWail+1","infinitespire:Neurotoxin","Replay:Poison Smokescreen","Well Laid Plans+1","Backflip","PiercingWail","Fluid Movement+1","Footwork+1","Backflip+1","Replay:Bag of Tricks","Hidden Blade+1","StuffTheSpire:Python+1","Fluid Movement+1","Footwork+1","Acrobatics"],"relics":["Ring of the Snake","hubris:Icosahedron","Bird Faced Urn","OrangePellets","MerchantsRug","hubris:MedicalManual","vexMod:ScavengeHelm","Sozu","hubris:Towel","hubris:PeanutButter","PreservedInsect","Quantum Egg","Orrery","Simple Rune"],"acts_visited":["Exordium","TheCity","TheBeyond","TheEnding"],"potions_floor_usage":[],"damage_taken":[{"damage":15.0,"enemies":"Jaw Worm","floor":1.0,"turns":7.0},{"damage":0.0,"enemies":"2 Louse","floor":4.0,"turns":4.0},{"damage":0.0,"enemies":"Replay:BlueRogue","floor":7.0,"turns":8.0},{"damage":0.0,"enemies":"conspire:RoseBush","floor":8.0,"turns":2.0},{"damage":9.0,"enemies":"conspire:2 RoseBushes","floor":10.0,"turns":6.0},{"damage":20.0,"enemies":"Lagavulin","floor":11.0,"turns":6.0},{"damage":1.0,"enemies":"Hexaghost","floor":16.0,"turns":9.0},{"damage":15.0,"enemies":"Chosen","floor":18.0,"turns":6.0},{"damage":0.0,"enemies":"Shell Parasite","floor":19.0,"turns":1.0},{"damage":0.0,"enemies":"Snake Plant","floor":21.0,"turns":2.0},{"damage":18.0,"enemies":"Centurion and Healer","floor":22.0,"turns":4.0},{"damage":19.0,"enemies":"Nightmare","floor":24.0,"turns":7.0},{"damage":2.0,"enemies":"Sentry and Sphere","floor":27.0,"turns":3.0},{"damage":5.0,"enemies":"conspire:Head Lice","floor":28.0,"turns":7.0},{"damage":10.0,"enemies":"Snake Plant","floor":29.0,"turns":5.0},{"damage":9.0,"enemies":"Centurion and Healer","floor":31.0,"turns":6.0},{"damage":57.0,"enemies":"Automaton","floor":33.0,"turns":11.0},{"damage":23.0,"enemies":"3 Darklings","floor":35.0,"turns":6.0},{"damage":12.0,"enemies":"3 Shapes","floor":37.0,"turns":6.0},{"damage":0.0,"enemies":"Jaw Worm Horde","floor":38.0,"turns":1.0},{"damage":27.0,"enemies":"Reptomancer","floor":41.0,"turns":8.0},{"damage":30.0,"enemies":"Giant Head","floor":44.0,"turns":8.0},{"damage":41.0,"enemies":"infinitespire:MassOfShapes","floor":50.0,"turns":12.0},{"damage":24,"enemies":"Shield and Spear","floor":54,"turns":5},{"damage":0,"enemies":"The Heart","floor":55,"turns":1}],"seed_played":"-6490364769552724193","potions_obtained":[{"floor":4.0,"key":"blueLaboratory:BlinkPotion"},{"floor":7.0,"key":"sneckomod:MuddlingPotion"},{"floor":21.0,"key":"SpeedPotion"},{"floor":22.0,"key":"blueLaboratory:CorrosionFlask"},{"floor":29.0,"key":"ColorlessPotion"},{"floor":33.0,"key":"GhostInAJar"}],"is_trial":false,"path_per_floor":["M","?","?","M","?","R","E","M","T","M","E","R","?","$","R","B",null,"M","M","$","M","M","R","NM","R","T","M","E","M","$","M","R","B",null,"M","?","M","M","$","R","E","R","T","E","R","?","R","?","R","B",null,"R","$","E","B"],"character_chosen":"THE_SILENT","items_purchased":["ReplayTheSpireMod:Scrap Shanks","OrangePellets","MerchantsRug","StuffTheSpire:Shiver","Noxious Fumes+1","ReplayTheSpireMod:Exploit Weakness","Well Laid Plans+1","Footwork","Backflip+1","Quantum Egg","Orrery"],"campfire_rested":6,"item_purchase_floors":[14,14,20,20,20,20,30,39,39,53,53],"current_hp_per_floor":[48,48,37,37,31,31,31,31,31,22,2,20,20,20,20,23,53,40,40,40,40,24,42,27,45,45,43,46,40,40,37,55,10,50,33,33,33,33,33,33,20,38,38,24,42,42,42,42,42,15,51,51,51,47,47,47],"gold":54,"neow_bonus":"ONE_RARE_RELIC","is_daily":false,"chose_seed":false,"campfire_upgraded":5,"win_rate":0.0,"timestamp":1607817703,"path_taken":["M","?","?","M","?","R","E","M","T","M","E","R","?","$","R","BOSS","M","M","?","M","M","R","NM","R","T","M","E","M","?","M","R","BOSS","M","?","M","M","$","R","E","R","T","E","R","?","R","?","R","BOSS","R","$","E","BOSS"],"items_purchased_type":["Card","Relic","Relic","Card","Card","Card","Card","Card","Card","Relic","Relic"],"build_version":"2020-11-30","purchased_purges":1,"victory":false,"max_hp_per_floor":[63,63,63,63,63,63,63,63,63,63,63,63,63,63,63,63,63,63,63,63,63,63,63,63,63,63,63,63,63,63,63,63,63,63,63,63,63,63,63,63,63,63,63,63,63,63,63,63,63,63,63,63,63,63,63,63],"relic_stats":{"Sozu":2,"OrangePellets":[11],"counters":[25,140],"Bird Faced Urn":[112],"PreservedInsect":207,"obtain_stats":[{"MerchantsRug":20,"vexMod:ScavengeHelm":28,"Quantum Egg":53,"hubris:MedicalManual":24,"PreservedInsect":43,"Replay:Kaleidoscope":44,"hubris:Towel":36,"Akabeko":7,"Mercury Hourglass":26,"Sozu":34,"OrangePellets":14,"hubris:Icosahedron":48,"vexMod:HeadHunter":0,"Bird Faced Urn":11,"Orrery":53,"hubris:PeanutButter":41,"Simple Rune":54,"hubris:GrandSneckoEye":17,"Ring of the Snake":0},{"MerchantsRug":9,"vexMod:ScavengeHelm":14,"Quantum Egg":23,"hubris:MedicalManual":12,"PreservedInsect":21,"Replay:Kaleidoscope":22,"hubris:Towel":18,"Akabeko":3,"Mercury Hourglass":12,"Sozu":17,"OrangePellets":6,"hubris:Icosahedron":22,"vexMod:HeadHunter":0,"Bird Faced Urn":6,"Orrery":23,"hubris:PeanutButter":21,"Simple Rune":24,"hubris:GrandSneckoEye":7,"Ring of the Snake":0},{"MerchantsRug":48,"vexMod:ScavengeHelm":71,"Quantum Egg":134,"hubris:MedicalManual":61,"PreservedInsect":114,"Replay:Kaleidoscope":122,"hubris:Towel":99,"Akabeko":19,"Mercury Hourglass":61,"Sozu":93,"OrangePellets":33,"hubris:Icosahedron":122,"vexMod:HeadHunter":0,"Bird Faced Urn":33,"Orrery":134,"hubris:PeanutButter":114,"Simple Rune":139,"hubris:GrandSneckoEye":42,"Ring of the Snake":0}],"Ring of the Snake":[50]},"card_choices":[{"not_picked":["All Out Attack","StuffTheSpire:Repulse"],"picked":"Dagger Throw","floor":1.0},{"not_picked":["Blade Dance","Setup"],"picked":"Noxious Fumes","floor":4.0},{"not_picked":["ReplayTheSpireMod:Necrosis","Poison Darts"],"picked":"ReplayTheSpireMod:From All Sides","floor":7.0},{"not_picked":["Phantasmal Killer","StuffTheSpire:BumpUp"],"picked":"Leg Sweep","floor":7.0},{"not_picked":["PiercingWail","Blur"],"picked":"Deadly Poison","floor":8.0},{"not_picked":["Quick Slash","Leg Sweep","ReplayTheSpireMod:Tripwire"],"picked":"SKIP","floor":10.0},{"not_picked":["After Image","ReplayTheSpireMod:From All Sides"],"picked":"Corpse Explosion","floor":11.0},{"not_picked":["Atom Bomb","Cloak And Dagger"],"picked":"Dagger Throw","floor":11.0},{"not_picked":["Bullet Time","Malaise"],"picked":"Burst","floor":16.0},{"not_picked":["StuffTheSpire:Repulse","Prepared"],"picked":"Dagger Throw+1","floor":18.0},{"not_picked":["hubris:SlightOfHand+1","Masterful Stab"],"picked":"hubris:Sniper+1","floor":19.0},{"not_picked":["StuffTheSpire:BumpUp+1","Poisoned Stab"],"picked":"Well Laid Plans","floor":21.0},{"not_picked":["Sneak Up","Reflex"],"picked":"StuffTheSpire:Injection+1","floor":22.0},{"not_picked":["Bullet Time","Storm of Steel"],"picked":"Wraith Form v2","floor":24.0},{"not_picked":["infinitespire:UltimateForm","ReplayTheSpireMod:Haul"],"picked":"Replay:Fractal Strike","floor":24.0},{"not_picked":["Tools of the Trade","StuffTheSpire:DoubleShiv"],"picked":"PiercingWail+1","floor":24.0},{"not_picked":["Dagger Spray","hubris:SlightOfHand","StuffTheSpire:Injection"],"picked":"SKIP","floor":27.0},{"not_picked":["Storm of Steel","Venomology"],"picked":"infinitespire:Neurotoxin","floor":28.0},{"not_picked":["Sucker Punch","StuffTheSpire:Fury","Terror+1"],"picked":"SKIP","floor":28.0},{"not_picked":["Malaise","Sucker Punch"],"picked":"Replay:Poison Smokescreen","floor":29.0},{"not_picked":["Poisoned Stab","StuffTheSpire:Incantation"],"picked":"Backflip","floor":31.0},{"not_picked":["Blur","StuffTheSpire:BrimstoneBlast","Dagger Throw"],"picked":"SKIP","floor":35.0},{"not_picked":["Skewer+1","Flying Knee"],"picked":"PiercingWail","floor":37.0},{"not_picked":["Terror","Flying Knee+1"],"picked":"Fluid Movement","floor":38.0},{"not_picked":["Corpse Explosion","Envenom"],"picked":"Replay:Bag of Tricks","floor":41.0},{"not_picked":["Blade Dance","Backstab"],"picked":"Hidden Blade+1","floor":41.0},{"not_picked":["Venomology","infinitespire:Neurotoxin","ReplayTheSpireMod:From All Sides"],"picked":"SKIP","floor":44.0},{"not_picked":["Masterful Stab","Well Laid Plans","ReplayTheSpireMod:Necrosis"],"picked":"SKIP","floor":44.0},{"not_picked":["Prepared","Quick Slash"],"picked":"StuffTheSpire:Python+1","floor":53.0},{"not_picked":["Setup+1","Quick Slash+1"],"picked":"Fluid Movement+1","floor":53.0},{"not_picked":["Skewer","Escape Plan"],"picked":"Footwork+1","floor":53.0},{"not_picked":["Backflip","Replay:Poison Smokescreen"],"picked":"Acrobatics","floor":54}],"player_experience":931082,"relics_obtained":[{"floor":7.0,"key":"Akabeko"},{"floor":11.0,"key":"Bird Faced Urn"},{"floor":24.0,"key":"hubris:MedicalManual"},{"floor":26.0,"key":"Mercury Hourglass"},{"floor":28.0,"key":"vexMod:ScavengeHelm"},{"floor":41.0,"key":"hubris:PeanutButter"},{"floor":43.0,"key":"PreservedInsect"},{"floor":44.0,"key":"Replay:Kaleidoscope"},{"floor":54,"key":"Simple Rune"}],"event_choices":[{"cards_removed":["Strike_G"],"damage_healed":0.0,"max_hp_gain":0.0,"max_hp_loss":0.0,"gold_gain":0.0,"event_name":"Purifier","player_choice":"Purged","floor":2.0,"gold_loss":0.0,"damage_taken":0.0},{"damage_healed":0.0,"max_hp_gain":0.0,"max_hp_loss":0.0,"gold_gain":75.0,"event_name":"betterThird:BetterGoop","player_choice":"Gold","floor":3.0,"gold_loss":0.0,"damage_taken":11.0},{"damage_healed":0.0,"max_hp_gain":0.0,"max_hp_loss":0.0,"gold_gain":75.0,"event_name":"FaceTrader","player_choice":"Touch","floor":5.0,"gold_loss":0.0,"damage_taken":6.0},{"damage_healed":0.0,"max_hp_gain":0.0,"max_hp_loss":0.0,"gold_gain":0.0,"event_name":"OrinTheCat","player_choice":"Ignored","floor":46.0,"gold_loss":0.0,"damage_taken":0.0}],"is_beta":false,"boss_relics":[{"not_picked":["Replay:Fungal Core","Ectoplasm"],"picked":"hubris:GrandSneckoEye"},{"not_picked":["StuffTheSpire:RunicConfusion","vexMod:RockOfEvil"],"picked":"Sozu"}],"items_purged_floors":[14],"is_endless":false,"potions_floor_spawned":[4,7,21,22,29,33,37,41],"killed_by":"The Heart","ascension_level":13}}