{"host":"is2s59edl8twrhoj","time":1607902626,"event":{"mods":["BaseMod","Colored Map","Colored Powertips","DeckTracker","Minty Spire (QoL Compilation)","StSLib"],"gold_per_floor":[115,132,148,111,138,138,24,57,133,133,161,178,208,220,220,325,325,345,358,273,28,39,39,52,52,52,52,52,52,84,99,99,99,99],"floor_reached":33,"playtime":2020,"items_purged":["Strike_B","Strike_B"],"score":520,"play_id":"68e629b6-89fd-429f-921c-c000a8ead0fa","local_time":"20201213233706","is_ascension_mode":true,"campfire_choices":[{"data":"Conserve Battery","floor":6.0,"key":"SMITH"},{"data":"Auto Shields","floor":10.0,"key":"SMITH"},{"data":"Zap","floor":15.0,"key":"SMITH"},{"data":"Reinforced Body","floor":23,"key":"SMITH"},{"data":"Ball Lightning","floor":27,"key":"SMITH"},{"data":"Leap","floor":29,"key":"SMITH"},{"floor":32,"key":"REST"}],"circlet_count":0,"master_deck":["AscendersBane","Strike_B","Strike_B","Defend_B","Defend_B","Defend_B","Defend_B","Zap+1","Dualcast","Dramatic Entrance","Conserve Battery+1","Ball Lightning+1","Auto Shields+1","Reinforced Body+1","Leap+1","Conserve Battery+1","Loop+1","Ball Lightning"],"relics":["Cracked Core","Blood Vial","HornCleat","Blue Candle","Bottled Lightning","Odd Mushroom","Sozu","StoneCalendar","Lee\u0027s Waffle","Omamori","Tiny Chest"],"acts_visited":["Exordium","TheCity"],"potions_floor_usage":[16],"damage_taken":[{"damage":0.0,"enemies":"Cultist","floor":1.0,"turns":3.0},{"damage":0.0,"enemies":"2 Louse","floor":2.0,"turns":2.0},{"damage":7.0,"enemies":"Small Slimes","floor":3.0,"turns":2.0},{"damage":5.0,"enemies":"3 Sentries","floor":8.0,"turns":7.0},{"damage":7.0,"enemies":"Lagavulin","floor":11.0,"turns":6.0},{"damage":0.0,"enemies":"3 Louse","floor":12.0,"turns":2.0},{"damage":0.0,"enemies":"The Mushroom Lair","floor":13.0,"turns":4.0},{"damage":0.0,"enemies":"Blue Slaver","floor":14.0,"turns":3.0},{"damage":0,"enemies":"The Guardian","floor":16,"turns":14},{"damage":10,"enemies":"3 Byrds","floor":18,"turns":5},{"damage":22,"enemies":"Shell Parasite","floor":19,"turns":7},{"damage":10,"enemies":"Centurion and Healer","floor":22,"turns":7},{"damage":4,"enemies":"Snake Plant","floor":24,"turns":6},{"damage":15,"enemies":"Book of Stabbing","floor":30,"turns":7},{"damage":22,"enemies":"Cultist and Chosen","floor":31,"turns":7},{"damage":62,"enemies":"Champ","floor":33,"turns":9}],"seed_played":"-6216640789354189628","potions_obtained":[{"floor":8.0,"key":"SneckoOil"},{"floor":11.0,"key":"BlessingOfTheForge"},{"floor":13.0,"key":"PotionOfCapacity"}],"is_trial":false,"path_per_floor":["M","M","M","$","T","R","$","E","T","R","E","M","?","M","R","B",null,"M","M","?","$","M","R","M","?","T","R","?","R","E","M","R","B"],"character_chosen":"DEFECT","items_purchased":["Auto Shields","Reinforced Body","Lee\u0027s Waffle"],"campfire_rested":1,"item_purchase_floors":[4,7,21],"current_hp_per_floor":[68,68,61,61,61,61,61,58,58,58,53,55,57,59,59,61,72,64,44,44,82,72,72,70,54,54,54,54,54,41,21,47,0,0],"gold":99,"neow_bonus":"RANDOM_COLORLESS","is_daily":false,"chose_seed":false,"campfire_upgraded":6,"win_rate":0.0,"timestamp":1607902626,"path_taken":["M","?","M","?","?","R","$","E","T","R","E","M","?","M","R","BOSS","M","M","?","$","M","R","M","?","T","R","?","R","E","M","R","BOSS"],"items_purchased_type":["Card","Card","Relic"],"build_version":"2020-11-30","purchased_purges":2,"victory":false,"max_hp_per_floor":[75,75,75,75,75,75,75,75,75,75,75,75,75,75,75,75,75,75,75,75,82,82,82,82,87,87,87,87,87,87,87,87,87,87],"card_choices":[{"not_picked":["Finesse","Trip"],"picked":"Dramatic Entrance","floor":0.0},{"not_picked":["Cold Snap","Go for the Eyes"],"picked":"Conserve Battery","floor":1.0},{"not_picked":["Skim","Tempest","Barrage"],"picked":"SKIP","floor":2.0},{"not_picked":["Conserve Battery","Barrage"],"picked":"Ball Lightning","floor":3.0},{"not_picked":["Beam Cell","Stack"],"picked":"Leap","floor":8.0},{"not_picked":["Streamline","Beam Cell","Chaos"],"picked":"SKIP","floor":11.0},{"not_picked":["Rip and Tear","BootSequence","Fusion"],"picked":"SKIP","floor":12.0},{"not_picked":["Streamline","Sweeping Beam","Redo"],"picked":"SKIP","floor":14.0},{"not_picked":["Loop","Compile Driver","Streamline"],"picked":"SKIP","floor":18},{"not_picked":["Redo","Sunder","Tempest+1"],"picked":"SKIP","floor":19},{"not_picked":["Skim","Turbo+1"],"picked":"Conserve Battery+1","floor":22},{"not_picked":["Meteor Strike","Gash+1","Barrage"],"picked":"SKIP","floor":24},{"not_picked":["Conserve Battery","Doom and Gloom"],"picked":"Loop+1","floor":30},{"not_picked":["Cold Snap","Loop"],"picked":"Ball Lightning","floor":31}],"player_experience":610905,"relics_obtained":[{"floor":5.0,"key":"Blood Vial"},{"floor":8.0,"key":"HornCleat"},{"floor":9.0,"key":"Blue Candle"},{"floor":11.0,"key":"Bottled Lightning"},{"floor":13.0,"key":"Odd Mushroom"},{"floor":26,"key":"Omamori"},{"floor":30,"key":"Tiny Chest"}],"event_choices":[{"damage_healed":0.0,"max_hp_gain":0.0,"max_hp_loss":0.0,"gold_gain":0.0,"event_name":"Mushrooms","player_choice":"Fought Mushrooms","floor":13.0,"gold_loss":0.0,"damage_taken":0.0},{"damage_healed":0,"gold_gain":0,"player_choice":"Obtained Relic","damage_taken":0,"relics_obtained":["StoneCalendar"],"max_hp_gain":0,"max_hp_loss":0,"event_name":"Addict","floor":20,"gold_loss":85},{"damage_healed":0,"gold_gain":0,"player_choice":"Shed Blood","damage_taken":21,"max_hp_gain":5,"max_hp_loss":0,"event_name":"Forgotten Altar","floor":25,"gold_loss":0},{"damage_healed":0,"gold_gain":0,"player_choice":"Ignored","damage_taken":0,"max_hp_gain":0,"max_hp_loss":0,"event_name":"Cursed Tome","floor":28,"gold_loss":0}],"is_beta":false,"boss_relics":[{"not_picked":["SacredBark","Cursed Key"],"picked":"Sozu"}],"items_purged_floors":[7,21],"is_endless":false,"potions_floor_spawned":[8,11,13,19,24,30],"killed_by":"Champ","ascension_level":12}}