{"host":"fqb3xj84igex5en3","time":1607832495,"event":{"mods":["AchievementEnabler","Act Like it!","Alarm Clock","BaseMod","CapriCore","Chen","Colored Powertips","GifTheSpireLib","Marisa（F雨　魔理沙）","Minty Spire (QoL Compilation)","Quick Restart","Reimu（博丽灵梦）","Remilia（蕾米莉亚）","Replay The Spire","RumiaBox-露米娅的神秘盒子","StSLib","The Administrix","The Immortal","The Servant 0.9.4","Youmu（魂魄妖梦）","Yuyuko","【东方二次创作】八云紫mod","【功能Mod】混沌之环修复补丁"],"gold_per_floor":[109,121,121,121,121,199,4,16,41,57,57,7,19,19,19,124,124,135,135,150,207,112,1111,1111],"floor_reached":23,"playtime":1513,"items_purged":[],"score":239,"play_id":"9c87c72c-d3e8-4c08-a603-d8185242849c","local_time":"20201213120815","is_ascension_mode":false,"campfire_choices":[{"data":"Inflame","floor":11,"key":"SMITH"},{"data":"Seeing Red","floor":15,"key":"SMITH"}],"circlet_count":0,"master_deck":["Strike_R","Strike_R","Strike_R","Strike_R+1","Strike_R","Defend_R","Defend_R","Defend_R","Defend_R","Bash","Flex","Wild Strike","Clash","Intimidate","Impervious","Seeing Red+1","Shrug It Off","Shrug It Off","Heavy Blade","Warcry","Replay:Sluggish","Inflame+1","Iron Wave","Cleave","Fiend Fire","AbeCurse","Clash","Writhe","Pummel+1","Inflame","Infernal Blade+1","Replay:Undeath\u0027s Touch"],"relics":["Burning Blood","NeowsBlessing","Baka2","ReplayTheSpireMod:Ring of Challenge","Juzu Bracelet","Pet Ghost","Pear","Dream Catcher","Abe\u0027s Treasure","ReplayTheSpireMod:TigerMarble","ReplayTheSpireMod:Lightbulb"],"acts_visited":["Exordium","TheCity"],"potions_floor_usage":[14,16,16,18],"damage_taken":[{"damage":0.0,"enemies":"Jaw Worm","floor":1.0,"turns":1.0},{"damage":0.0,"enemies":"Small Slimes","floor":2.0,"turns":1.0},{"damage":6,"enemies":"Gremlin Nob","floor":6,"turns":3},{"damage":3,"enemies":"Cultist","floor":8,"turns":4},{"damage":10,"enemies":"Large Slime","floor":10,"turns":8},{"damage":1,"enemies":"Gremlin Gang","floor":13,"turns":3},{"damage":18,"enemies":"The Guardian","floor":16,"turns":6},{"damage":0,"enemies":"Spheric Guardian","floor":18,"turns":3},{"damage":31,"enemies":"2 Thieves","floor":20,"turns":4},{"damage":63,"enemies":"Replay:Snechameleon","floor":23,"turns":6}],"seed_played":"9065122138450676494","potions_obtained":[{"floor":2.0,"key":"Adrenaline Potion"},{"floor":8,"key":"Strength Potion"},{"floor":14,"key":"DuplicationPotion"},{"floor":14,"key":"Fruit Juice"},{"floor":14,"key":"CultistPotion"},{"floor":21,"key":"DistilledChaos"}],"is_trial":false,"path_per_floor":["M","M","?","?","?","E","$","M","T","M","R","?","M","?","R","B",null,"M","?","M","?","$","E"],"character_chosen":"IRONCLAD","items_purchased":["Pet Ghost","Warcry","Infernal Blade+1","Replay:Undeath\u0027s Touch"],"campfire_rested":0,"item_purchase_floors":[7,7,22,22],"current_hp_per_floor":[80,80,80,80,80,80,80,90,90,86,86,86,90,95,95,83,95,95,95,70,70,70,12,12],"gold":1111,"neow_bonus":"THREE_ENEMY_KILL","is_daily":false,"chose_seed":false,"campfire_upgraded":2,"win_rate":0.0,"timestamp":1607832495,"path_taken":["M","M","?","?","?","E","$","M","T","M","R","?","M","?","R","BOSS","M","?","M","?","$","E"],"items_purchased_type":["Relic","Card","Card","Card"],"build_version":"2020-11-30","purchased_purges":0,"victory":false,"max_hp_per_floor":[80,80,80,80,80,80,80,90,90,90,90,90,90,95,95,95,95,95,95,95,95,95,95,95],"card_choices":[{"not_picked":["Uppercut","Life Link"],"picked":"Flex","floor":1.0},{"not_picked":["ReplayTheSpireMod:Strike From Hell","Sever Soul"],"picked":"Wild Strike","floor":2.0},{"not_picked":["Sword Boomerang","Wild Strike"],"picked":"Seeing Red","floor":6},{"not_picked":["Rampage","Run Through"],"picked":"Shrug It Off","floor":6},{"not_picked":["True Grit","Hemokinesis"],"picked":"Shrug It Off","floor":6},{"not_picked":["Twin Strike","Uppercut"],"picked":"Heavy Blade","floor":6},{"not_picked":["Cleave","ReplayTheSpireMod:Limb From Limb"],"picked":"Inflame","floor":8},{"not_picked":["Dropkick","Pommel Strike"],"picked":"Iron Wave","floor":10},{"not_picked":["Fire Breathing","Heavy Blade"],"picked":"Cleave","floor":13},{"not_picked":["Reaper","Eclipse"],"picked":"Fiend Fire","floor":16},{"not_picked":["Twin Strike","Thunderclap"],"picked":"Clash","floor":18},{"not_picked":["Dark Embrace+1","Thunderclap"],"picked":"Pummel+1","floor":20},{"not_picked":["Uppercut","Whirlwind+1"],"picked":"Inflame","floor":21}],"player_experience":51118,"relics_obtained":[{"floor":1.0,"key":"Baka"},{"floor":2.0,"key":"Baka2"},{"floor":4.0,"key":"ReplayTheSpireMod:Ring of Challenge"},{"floor":6,"key":"Juzu Bracelet"},{"floor":8,"key":"Pear"},{"floor":9,"key":"Dream Catcher"},{"floor":21,"key":"ReplayTheSpireMod:Lightbulb"}],"event_choices":[{"damage_healed":0,"gold_gain":0,"player_choice":"3 cards matched","damage_taken":0,"max_hp_gain":0,"max_hp_loss":0,"event_name":"Match and Keep!","floor":5,"gold_loss":0,"cards_obtained":["Clash","Intimidate","Impervious"]},{"cards_removed":["Sickly"],"damage_healed":0,"gold_gain":0,"player_choice":"Card Removal","damage_taken":0,"max_hp_gain":0,"max_hp_loss":0,"event_name":"The Cleric","floor":12,"gold_loss":50},{"damage_healed":0,"gold_gain":0,"player_choice":"Got Potions","damage_taken":0,"max_hp_gain":0,"max_hp_loss":0,"event_name":"Lab","floor":14,"gold_loss":0},{"damage_healed":0,"gold_gain":0,"player_choice":"Opened","damage_taken":0,"relics_obtained":["ReplayTheSpireMod:TigerMarble"],"max_hp_gain":0,"max_hp_loss":0,"event_name":"The Mausoleum","floor":19,"gold_loss":0,"cards_obtained":["Writhe"]}],"is_beta":false,"boss_relics":[{"not_picked":["Replay:Drink Me","Busted Crown"],"picked":"Abe\u0027s Treasure"}],"items_purged_floors":[],"is_endless":false,"potions_floor_spawned":[2,8],"killed_by":"Replay:Snechameleon","ascension_level":0}}