{"host":"c70kelp781yiwf61","time":1607835894,"event":{"mods":["BaseMod","Minty Spire (QoL Compilation)","Reimu£®≤©¿ˆ¡È√Œ£©","Waifu the Spire"],"gold_per_floor":[111,128,152,152,152,186,151,169,169,169,180,190,223,237,237,332,332,349,349,349,349,349,364,364,376,423,423,431,6,6,26,26,6,6],"floor_reached":33,"playtime":1220,"items_purged":[],"score":334,"play_id":"cbffdaa2-6e74-4b7c-a010-86ec20322716","local_time":"20201213130454","is_ascension_mode":true,"campfire_choices":[{"data":"NB:ReiMu","floor":10,"key":"SMITH"},{"data":"InherentArray:ReiMu","floor":15,"key":"SMITH"},{"data":"Gathering:ReiMu","floor":24,"key":"SMITH"},{"data":"PrepareRite:ReiMu","floor":27,"key":"SMITH"},{"floor":32,"key":"REST"}],"circlet_count":0,"master_deck":["Strike_Lin:ReiMu+1","Defend_Lin:ReiMu+1","Defend_Lin:ReiMu+1","Defend_Lin:ReiMu+1","NB:ReiMu+1","Stagnation:ReiMu","SpringWay:ReiMu+1","Amulet:ReiMu","CeremonyResonance:ReiMu","Enchanting:ReiMu","InherentArray:ReiMu+1","Conquer:ReiMu","Intuition:ReiMu","PrayRite:ReiMu","FantasyBorder:ReiMu+1","UniversalSpiritual:ReiMu+1","BarrageOfMoneybags:ReiMu+1","Dreaming2:ReiMu+1","PrayRite:ReiMu","PrepareRite:ReiMu+1","Gathering:ReiMu+1","UniversalSpiritual:ReiMu+1","AlertArray:ReiMu","DependentForm:ReiMu","EmergencyTakeOff:ReiMu","SpreadBorder2:ReiMu+1"],"relics":["FlyPower:ReiMu","NeowsBlessing","Juzu Bracelet","Bag of Preparation","Incense Burner","Potion Belt","Astrolabe","Unceasing Top","Pocketwatch","Lantern","Bottled Lightning"],"acts_visited":["Exordium","TheCity"],"potions_floor_usage":[13,13,16,18,23,28,31,31,31,33,33],"damage_taken":[{"damage":0,"enemies":"Cultist","floor":1,"turns":1},{"damage":0,"enemies":"Small Slimes","floor":2,"turns":1},{"damage":0,"enemies":"Gremlin Nob","floor":6,"turns":1},{"damage":3,"enemies":"Jaw Worm","floor":8,"turns":4},{"damage":3,"enemies":"Looter","floor":11,"turns":4},{"damage":0,"enemies":"Exordium Thugs","floor":12,"turns":6},{"damage":4,"enemies":"Lagavulin","floor":13,"turns":4},{"damage":1,"enemies":"Red Slaver","floor":14,"turns":4},{"damage":36,"enemies":"Slime Boss","floor":16,"turns":13},{"damage":0,"enemies":"Shell Parasite","floor":18,"turns":4},{"damage":21,"enemies":"Slavers","floor":23,"turns":5},{"damage":1,"enemies":"Spheric Guardian","floor":25,"turns":3},{"damage":40,"enemies":"Gremlin Leader","floor":28,"turns":5},{"damage":0,"enemies":"Cultist and Chosen","floor":31,"turns":5},{"damage":23,"enemies":"Collector","floor":33,"turns":5}],"seed_played":"-3619694604189555857","potions_obtained":[{"floor":6,"key":"Block Potion"},{"floor":8,"key":"PinkPotion:ReiMu"},{"floor":12,"key":"GamblersBrew"},{"floor":13,"key":"Weak Potion"},{"floor":14,"key":"EssenceOfSteel"},{"floor":25,"key":"PinkPotion:ReiMu"},{"floor":30,"key":"Explosive Potion"},{"floor":30,"key":"BottledKami:ReiMu"},{"floor":30,"key":"GrandPatriotsElixir:ReiMu"},{"floor":31,"key":"Block Potion"}],"is_trial":false,"path_per_floor":["M","M","T","?","?","E","?","M","T","R","M","M","E","M","R","B",null,"M","?","?","?","?","E","R","M","T","R","E","$","?","M","R","B"],"character_chosen":"REIMU","items_purchased":["DependentForm:ReiMu","Bottled Lightning","SpeedPotion","EmergencyTakeOff:ReiMu"],"campfire_rested":1,"item_purchase_floors":[29,29,29,29],"current_hp_per_floor":[65,65,65,58,45,45,61,58,58,58,55,55,51,50,50,14,65,65,65,65,65,65,44,44,43,43,43,3,3,3,3,22,0,0],"gold":6,"neow_bonus":"THREE_ENEMY_KILL","is_daily":false,"chose_seed":false,"campfire_upgraded":4,"win_rate":0.0,"timestamp":1607835894,"path_taken":["M","M","?","?","?","E","?","M","T","R","M","M","E","M","R","BOSS","M","?","?","?","?","E","R","M","T","R","E","$","?","M","R","BOSS"],"items_purchased_type":["Card","Relic","Potion","Card"],"build_version":"2020-11-30","purchased_purges":0,"victory":false,"max_hp_per_floor":[65,65,65,65,65,65,65,65,65,65,65,65,65,65,65,65,65,65,65,65,65,65,65,65,65,65,65,65,65,65,65,65,65,65],"card_choices":[{"not_picked":["TightArray:ReiMu","Mountainwind:ReiMu"],"picked":"SpringWay:ReiMu","floor":1},{"not_picked":["CareerPray:ReiMu","OrbThrow:ReiMu"],"picked":"Amulet:ReiMu","floor":2},{"not_picked":["Meditation:ReiMu","FantasyMoon:ReiMu"],"picked":"CeremonyResonance:ReiMu","floor":6},{"not_picked":["SubAcupoint:ReiMu","Meditation:ReiMu"],"picked":"Enchanting:ReiMu","floor":8},{"not_picked":["SpreadBorder2:ReiMu","CollectionFlower2:ReiMu"],"picked":"InherentArray:ReiMu","floor":11},{"not_picked":["Enchanting:ReiMu","EmergencyTakeOff:ReiMu","SubcavityInstant:ReiMu"],"picked":"SKIP","floor":12},{"not_picked":["AirStrike:ReiMu","Meditation:ReiMu"],"picked":"Conquer:ReiMu","floor":13},{"not_picked":["TightArray:ReiMu","AlertArray:ReiMu"],"picked":"Intuition:ReiMu","floor":14},{"not_picked":["Shading:ReiMu","RunawayExorcism:ReiMu"],"picked":"PrayRite:ReiMu","floor":16},{"not_picked":["SpreadBorder2:ReiMu","PhosphorusFlame:ReiMu"],"picked":"Dreaming2:ReiMu+1","floor":18},{"not_picked":["Conquer:ReiMu","AirStrike:ReiMu+1"],"picked":"Gathering:ReiMu","floor":23},{"not_picked":["Meditation:ReiMu","SafetyPray:ReiMu"],"picked":"UniversalSpiritual:ReiMu+1","floor":25},{"not_picked":["CareerPray:ReiMu","TightArray:ReiMu"],"picked":"AlertArray:ReiMu","floor":28},{"not_picked":["LearningPray:ReiMu","YinYangSange:ReiMu"],"picked":"SpreadBorder2:ReiMu+1","floor":31}],"player_experience":132390,"relics_obtained":[{"floor":3,"key":"Juzu Bracelet"},{"floor":6,"key":"Bag of Preparation"},{"floor":9,"key":"Incense Burner"},{"floor":13,"key":"Potion Belt"},{"floor":23,"key":"Pocketwatch"},{"floor":28,"key":"Lantern"}],"event_choices":[{"cards_removed":["Strike_Lin:ReiMu"],"damage_healed":0,"gold_gain":0,"player_choice":"Card Removal","damage_taken":7,"max_hp_gain":0,"max_hp_loss":0,"event_name":"Golden Wing","floor":4,"gold_loss":0},{"damage_healed":0,"gold_gain":0,"player_choice":"Entered Light","damage_taken":13,"max_hp_gain":0,"max_hp_loss":0,"event_name":"Shining Light","floor":5,"gold_loss":0,"cards_upgraded":["SpringWay:ReiMu","Strike_Lin:ReiMu"]},{"damage_healed":16,"gold_gain":0,"player_choice":"Healed","damage_taken":0,"max_hp_gain":0,"max_hp_loss":0,"event_name":"The Cleric","floor":7,"gold_loss":35},{"damage_healed":0,"gold_gain":0,"player_choice":"Copied","damage_taken":0,"max_hp_gain":0,"max_hp_loss":0,"event_name":"Duplicator","floor":19,"gold_loss":0,"cards_obtained":["PrayRite:ReiMu"]},{"damage_healed":0,"gold_gain":0,"player_choice":"Read","damage_taken":0,"max_hp_gain":0,"max_hp_loss":0,"event_name":"The Library","floor":20,"gold_loss":0,"cards_obtained":["PrepareRite:ReiMu"]},{"damage_healed":0,"gold_gain":0,"player_choice":"Opened","damage_taken":0,"relics_obtained":["Unceasing Top"],"max_hp_gain":0,"max_hp_loss":0,"event_name":"The Mausoleum","floor":21,"gold_loss":0},{"damage_healed":0,"gold_gain":0,"player_choice":"Simplicity","damage_taken":0,"max_hp_gain":0,"max_hp_loss":0,"event_name":"Back to Basics","floor":22,"gold_loss":0,"cards_upgraded":["Defend_Lin:ReiMu","Defend_Lin:ReiMu","Defend_Lin:ReiMu"]},{"damage_healed":0,"gold_gain":0,"player_choice":"Got Potions","damage_taken":0,"max_hp_gain":0,"max_hp_loss":0,"event_name":"Lab","floor":30,"gold_loss":0}],"is_beta":false,"boss_relics":[{"not_picked":["Tiny House","SlaversCollar"],"picked":"Astrolabe"}],"items_purged_floors":[],"is_endless":false,"potions_floor_spawned":[6,8,12,13,14,25,31],"killed_by":"Collector","ascension_level":1}}