{"host":"o7ymgqw1bx1zbjaa","time":1607818778,"event":{"mods":["AchievementEnabler","BaseMod","Colored Map","Downfall","Highlight Path","Minty Spire (QoL Compilation)","Permanent Neow","Quick Restart","Random Character Button","Rare Cards Sparkle","Relic Stats","Replay The Spire","Spicy Shops","StSLib","The Blue Laboratory"],"gold_per_floor":[0,10,0,0,32,44,44,75,0,39,39,39,39,39,59,154,154,79,102,102,102,126,126,171,203,203,241,341,363,383,403,413,518,518,518,569,236,236,263,573,573,673,673,673],"floor_reached":43,"playtime":4624,"items_purged":[],"score":633,"play_id":"5f719403-7060-40c6-9ce2-c9115d8ff1b2","local_time":"20201212181938","is_ascension_mode":true,"campfire_choices":[{"data":"Apotheosis","floor":1.0,"key":"SMITH"},{"floor":4.0,"key":"RECALL"},{"floor":9.0,"key":"REST"},{"floor":18.0,"key":"REST"},{"data":"hexamod:FlamesFromBeyond","floor":21.0,"key":"SMITH"},{"floor":26.0,"key":"REST"},{"data":"hexamod:HexaLevel","floor":35.0,"key":"SMITH"},{"data":"hexamod:TurnItUp","floor":38.0,"key":"SMITH"}],"circlet_count":0,"master_deck":["hexamod:Strike","hexamod:Strike+1","hexamod:Strike","hexamod:Defend","hexamod:Defend","hexamod:Defend+1","hexamod:Defend","hexamod:Sear+1","hexamod:Float","Apotheosis+1","hexamod:FourthSeal","hexamod:SkipABeat+1","hexamod:ApocalypticArmor+1","hexamod:FirstSeal","hexamod:SecondSeal","hexamod:Rewind","Spreading Infection","hexamod:FlamesFromBeyond+1","hexamod:HexaLevel+1","hexamod:ThermalTransfer","hexamod:ThermalTransfer","Slimebound:CheckThePlaybook","hexamod:HeatCrush","hexamod:ThermalTransfer","hexamod:ThirdSeal","hexamod:TurnItUp+1","hexamod:FourthSeal","hexamod:SpectersWail","Hallucinations","hexamod:Sear","expansioncontent:YouAreMine","hexamod:PhantomCloak+1","hexamod:GhostLash","hexamod:HauntingEcho+1","hexamod:PhantomFireball","hexamod:RetreatToShadows+1","hexamod:SixthSeal","hexamod:WildfireWeapon","hexamod:DynamicBlow+1","hexamod:FastForward+1","hexamod:Again","hexamod:StepThrough"],"relics":["hexamod:SpiritBrand","Replay:Mystery Machine","Divine Protection","ReplayTheSpireMod:TigerMarble","downfall:HeartBlessingRed","Guardian:PocketSentry","Ring of Hypnosis","Ring of Fury","Gremlin Food","Philosopher\u0027s Stone","downfall:HeartBlessingGreen","Potion Belt","Centennial Puzzle","Letter Opener","downfall:GremlinSack","Runic Dome","Gambling Chip","downfall:GremlinWheel"],"acts_visited":["Exordium","TheCity","TheBeyond"],"potions_floor_usage":[],"damage_taken":[{"damage":0.0,"enemies":"Jaw Worm","floor":2.0,"turns":4.0},{"damage":0.0,"enemies":"downfall:FleeingMerchant","floor":3.0,"turns":4.0},{"damage":32.0,"enemies":"Gremlin Nob","floor":5.0,"turns":5.0},{"damage":2.0,"enemies":"Small Slimes","floor":6.0,"turns":4.0},{"damage":6.0,"enemies":"Lagavulin","floor":8.0,"turns":7.0},{"damage":0.0,"enemies":"Replay:BlueRogue","floor":10.0,"turns":6.0},{"damage":0.0,"enemies":"2 Louse","floor":15.0,"turns":3.0},{"damage":3.0,"enemies":"downfall:Ironclad","floor":16.0,"turns":7.0},{"damage":2.0,"enemies":"Chosen","floor":19.0,"turns":5.0},{"damage":23.0,"enemies":"3 Byrds","floor":22.0,"turns":5.0},{"damage":0.0,"enemies":"Book of Stabbing","floor":25.0,"turns":3.0},{"damage":0.0,"enemies":"Replay:Snechameleon","floor":27.0,"turns":4.0},{"damage":0.0,"enemies":"Replay:Snechameleon","floor":28.0,"turns":2.0},{"damage":0.0,"enemies":"Centurion and Healer","floor":29.0,"turns":5.0},{"damage":0.0,"enemies":"Cultist and Chosen","floor":30.0,"turns":4.0},{"damage":0.0,"enemies":"Snecko","floor":31.0,"turns":3.0},{"damage":10.0,"enemies":"Snake Plant","floor":32.0,"turns":3.0},{"damage":40.0,"enemies":"downfall:Watcher","floor":33.0,"turns":6.0},{"damage":20.0,"enemies":"2 Orb Walkers","floor":36.0,"turns":4.0},{"damage":24.0,"enemies":"3 Darklings","floor":39.0,"turns":7.0},{"damage":8.0,"enemies":"downfall:FleeingMerchant","floor":40.0,"turns":4.0},{"damage":0,"floor":42,"turns":2},{"damage":55,"enemies":"Nemesis","floor":43,"turns":6}],"seed_played":"-86109799121497622","potions_obtained":[{"floor":3.0,"key":"blueLaboratory:NullPotion"},{"floor":5.0,"key":"blueLaboratory:HeartbeatPotion"},{"floor":6.0,"key":"blueLaboratory:SavagePotion"},{"floor":6.0,"key":"Strength Potion"},{"floor":15.0,"key":"Flashbang"},{"floor":16.0,"key":"blueLaboratory:BottleOfRum"},{"floor":19.0,"key":"LifebloodPotion"},{"floor":20.0,"key":"Flashbang"},{"floor":20.0,"key":"blueLaboratory:ImpenetrablePotion"},{"floor":22.0,"key":"FearPotion"},{"floor":25.0,"key":"sneckomod:MuddlingPotion"},{"floor":25.0,"key":"Energy Potion"},{"floor":27.0,"key":"Energy Potion"},{"floor":28.0,"key":"Adrenaline Potion"},{"floor":28.0,"key":"blueLaboratory:Moonshine"},{"floor":29.0,"key":"BlessingOfTheForge"},{"floor":29.0,"key":"SkillPotion"},{"floor":30.0,"key":"blueLaboratory:CorrosionFlask"},{"floor":31.0,"key":"PowerPotion"},{"floor":32.0,"key":"blueLaboratory:PhilterOfMotion"},{"floor":36.0,"key":"Reflective Coating"},{"floor":40,"key":"hexamod:InfernoChargePotion"}],"is_trial":false,"path_per_floor":["R","M","$","R","E","M","T","E","R","E","?","?","?","T","M","B",null,"R","M","?","R","M","?","T","E","R","E","?","M","M","M","M","B",null,"R","?","?","R","M","$","T","?","E"],"character_chosen":"THE_SPIRIT","items_purchased":[],"campfire_rested":3,"item_purchase_floors":[],"current_hp_per_floor":[70,70,70,70,38,36,36,37,58,65,65,65,65,65,70,67,70,70,70,70,70,54,30,30,30,51,58,58,65,65,70,67,34,70,70,50,79,79,62,54,54,54,0,0],"gold":673,"neow_bonus":"RANDOM_COLORLESS_2","is_daily":false,"chose_seed":false,"campfire_upgraded":4,"win_rate":0.0,"timestamp":1607818778,"path_taken":["R","M","$","R","E","M","T","E","R","E","?","?","?","?","M","BOSS","R","?","?","R","?","?","T","E","R","E","?","?","M","M","M","BOSS","R","?","?","R","M","?","T","?","E"],"items_purchased_type":[],"build_version":"2020-11-30","purchased_purges":0,"victory":false,"max_hp_per_floor":[70,70,70,70,70,70,70,70,70,70,70,70,70,70,70,70,70,70,70,70,70,70,70,70,70,70,70,70,70,70,70,70,70,70,70,70,79,79,79,79,79,79,79,79],"relic_stats":{"Centennial Puzzle":[18],"counters":[23,101],"Gambling Chip":[9],"Letter Opener":[58],"obtain_stats":[{"Gremlin Food":14,"Potion Belt":24,"Divine Protection":7,"downfall:HeartBlessingRed":9,"Ring of Hypnosis":13,"downfall:HeartBlessingGreen":18,"Guardian:PocketSentry":10,"Letter Opener":27,"Replay:Mystery Machine":5,"Runic Dome":34,"Centennial Puzzle":25,"downfall:GremlinWheel":42,"downfall:GremlinSack":28,"Gambling Chip":36,"Ring of Fury":13,"Philosopher\u0027s Stone":17,"ReplayTheSpireMod:TigerMarble":8,"hexamod:SpiritBrand":0},{"Gremlin Food":6,"Potion Belt":10,"Divine Protection":4,"downfall:HeartBlessingRed":5,"Ring of Hypnosis":6,"downfall:HeartBlessingGreen":8,"Guardian:PocketSentry":6,"Letter Opener":12,"Replay:Mystery Machine":3,"Runic Dome":18,"Centennial Puzzle":11,"downfall:GremlinWheel":22,"downfall:GremlinSack":13,"Gambling Chip":19,"Ring of Fury":6,"Philosopher\u0027s Stone":8,"ReplayTheSpireMod:TigerMarble":5,"hexamod:SpiritBrand":0},{"Gremlin Food":30,"Potion Belt":50,"Divine Protection":17,"downfall:HeartBlessingRed":24,"Ring of Hypnosis":30,"downfall:HeartBlessingGreen":40,"Guardian:PocketSentry":30,"Letter Opener":57,"Replay:Mystery Machine":13,"Runic Dome":79,"Centennial Puzzle":53,"downfall:GremlinWheel":95,"downfall:GremlinSack":59,"Gambling Chip":82,"Ring of Fury":30,"Philosopher\u0027s Stone":40,"ReplayTheSpireMod:TigerMarble":24,"hexamod:SpiritBrand":0}]},"card_choices":[{"not_picked":["expansioncontent:DashGenerateEvil","HandOfGreed"],"picked":"Apotheosis","floor":0.0},{"not_picked":["hexamod:GhostLash","hexamod:FastForward"],"picked":"hexamod:FourthSeal","floor":2.0},{"not_picked":["hexamod:GhostLash","hexamod:ShieldOfDarkness"],"picked":"hexamod:SkipABeat","floor":3.0},{"not_picked":["hexamod:GhostShield","hexamod:EmpoweredFlame"],"picked":"hexamod:ApocalypticArmor","floor":5.0},{"not_picked":["hexamod:GhostOfSpireFuture","hexamod:RainOfEmbers"],"picked":"hexamod:FirstSeal","floor":6.0},{"not_picked":["hexamod:BacktrackSmack","hexamod:RetreatToShadows"],"picked":"hexamod:SecondSeal","floor":8.0},{"not_picked":["hexamod:BacktrackSmack","hexamod:GhostShield"],"picked":"hexamod:Rewind","floor":10.0},{"not_picked":["hexamod:GhostShield","hexamod:Hexaguard"],"picked":"hexamod:FlamesFromBeyond","floor":15.0},{"not_picked":["hexamod:VolcanoVisage","hexamod:TimeOfNeed"],"picked":"hexamod:HexaLevel","floor":16.0},{"not_picked":["hexamod:NightmareStrike","hexamod:BacktrackSmack"],"picked":"hexamod:ThermalTransfer","floor":19.0},{"not_picked":["hexamod:SwordOfDarkness","hexamod:InspiringFlames+1"],"picked":"hexamod:ThermalTransfer","floor":22.0},{"not_picked":["hexamod:SecondSeal","hexamod:GhostShield"],"picked":"hexamod:HeatCrush","floor":25.0},{"not_picked":["hexamod:UnleashSpirits","hexamod:NightmareStrike+1"],"picked":"hexamod:ThermalTransfer","floor":27.0},{"not_picked":["hexamod:PowerFromBeyond","hexamod:BacktrackSmack+1"],"picked":"hexamod:ThirdSeal","floor":28.0},{"not_picked":["hexamod:Hexaguard+1","hexamod:EtherealExpedition"],"picked":"hexamod:PhantomCloak+1","floor":29.0},{"not_picked":["hexamod:BacktrackSmack","hexamod:SwordOfDarkness"],"picked":"hexamod:GhostLash","floor":29.0},{"not_picked":["hexamod:GhostOfSpirePresent+1","hexamod:SecondSeal"],"picked":"hexamod:HauntingEcho+1","floor":30.0},{"not_picked":["hexamod:FourthSeal","hexamod:GhostOfSpirePresent"],"picked":"hexamod:PhantomFireball","floor":31.0},{"not_picked":["hexamod:Rewind","hexamod:BacktrackSmack"],"picked":"hexamod:RetreatToShadows+1","floor":32.0},{"not_picked":["hexamod:RainOfEmbers","hexamod:SwordOfDarkness","hexamod:FirstSeal"],"picked":"SKIP","floor":32.0},{"not_picked":["hexamod:EmpoweringStance","hexamod:VolcanoVisage"],"picked":"hexamod:SixthSeal","floor":33.0},{"not_picked":["hexamod:ApocalypticArmor","hexamod:UnleashSpirits"],"picked":"hexamod:WildfireWeapon","floor":33.0},{"not_picked":["hexamod:RainOfEmbers+1","hexamod:BacktrackSmack"],"picked":"hexamod:DynamicBlow+1","floor":36.0},{"not_picked":["hexamod:GhostShield","hexamod:AdvancingGuard"],"picked":"hexamod:FastForward+1","floor":39.0},{"not_picked":["hexamod:SuperheatedStrike","hexamod:SecondSeal"],"picked":"hexamod:Again","floor":39.0},{"not_picked":["hexamod:BacktrackSmack+1","hexamod:SwordOfDarkness+1"],"picked":"hexamod:StepThrough","floor":40}],"player_experience":381697,"relics_obtained":[{"floor":5.0,"key":"Replay:Mystery Machine"},{"floor":7.0,"key":"Divine Protection"},{"floor":8.0,"key":"ReplayTheSpireMod:TigerMarble"},{"floor":10.0,"key":"Guardian:PocketSentry"},{"floor":13.0,"key":"Ring of Hypnosis"},{"floor":13.0,"key":"Ring of Fury"},{"floor":14.0,"key":"Gremlin Food"},{"floor":24.0,"key":"Potion Belt"},{"floor":25.0,"key":"Centennial Puzzle"},{"floor":27.0,"key":"Letter Opener"},{"floor":28.0,"key":"downfall:GremlinSack"},{"floor":36.0,"key":"Gambling Chip"},{"floor":42,"key":"downfall:GremlinWheel"}],"event_choices":[{"damage_healed":0.0,"max_hp_gain":0.0,"max_hp_loss":0.0,"gold_gain":0.0,"event_name":"Lab","player_choice":"Got Potions","floor":20.0,"gold_loss":0.0,"damage_taken":0.0},{"damage_healed":0.0,"max_hp_gain":0.0,"max_hp_loss":0.0,"gold_gain":0.0,"event_name":"Mysterious Sphere","player_choice":"Fight","floor":36.0,"gold_loss":0.0,"damage_taken":0.0}],"is_beta":false,"boss_relics":[{"not_picked":["Tiny House","SlaversCollar"],"picked":"Philosopher\u0027s Stone"},{"not_picked":["Cursed Key","Calling Bell"],"picked":"Runic Dome"}],"items_purged_floors":[],"is_endless":false,"potions_floor_spawned":[6,8,15,16,25,28,29,31,36],"killed_by":"Nemesis","ascension_level":2}}