{"host":"9tzam4717zt8ei1o","time":1607849062,"event":{"mods":["BaseMod","Colored Map","Keyboard Shortcuts","Minty Spire (QoL Compilation)","Quick Restart","StSLib","SuperFastMode"],"gold_per_floor":[119,119,7,18,37,37,56,56,56,81,81,112,187,251,251,251,251],"floor_reached":16,"playtime":354,"items_purged":[],"score":162,"play_id":"9d636f18-3668-4ccf-a285-10e29b006998","local_time":"20201213174422","is_ascension_mode":true,"campfire_choices":[{"data":"Skewer","floor":6,"key":"SMITH"},{"data":"Terror","floor":8,"key":"SMITH"},{"floor":11,"key":"REST"},{"floor":15,"key":"REST"}],"circlet_count":0,"master_deck":["AscendersBane","Strike_G","Strike_G","Strike_G","Strike_G","Defend_G","Defend_G","Defend_G","Defend_G","Defend_G","Survivor","Neutralize","Skewer+1","Blur","Terror+1","Calculated Gamble","Backstab","Corpse Explosion"],"relics":["Ring of the Snake","Singing Bowl","Question Card","Molten Egg 2","Boot"],"acts_visited":["Exordium"],"potions_floor_usage":[14,14,16,16],"damage_taken":[{"damage":15.0,"enemies":"Cultist","floor":1.0,"turns":6.0},{"damage":1.0,"enemies":"Small Slimes","floor":4.0,"turns":4.0},{"damage":5,"enemies":"Jaw Worm","floor":5,"turns":3},{"damage":1,"enemies":"3 Louse","floor":7,"turns":5},{"damage":25,"enemies":"3 Sentries","floor":10,"turns":12},{"damage":8,"enemies":"Gremlin Nob","floor":12,"turns":3},{"damage":17,"enemies":"Gremlin Nob","floor":14,"turns":4},{"damage":28,"enemies":"Slime Boss","floor":16,"turns":8}],"seed_played":"-6406445024974769953","potions_obtained":[{"floor":0.0,"key":"Weak Potion"},{"floor":0.0,"key":"EssenceOfSteel"},{"floor":0.0,"key":"Swift Potion"},{"floor":14,"key":"LiquidBronze"}],"is_trial":false,"path_per_floor":["M","?","$","M","M","R","M","R","T","E","R","E","?","?","R","B"],"character_chosen":"THE_SILENT","items_purchased":["Skewer","Blur"],"campfire_rested":2,"item_purchase_floors":[3,3],"current_hp_per_floor":[48,48,48,47,42,42,41,41,41,16,37,31,20,5,27,0,0],"gold":251,"neow_bonus":"THREE_SMALL_POTIONS","is_daily":false,"chose_seed":false,"campfire_upgraded":2,"win_rate":0.0,"timestamp":1607849062,"path_taken":["M","?","$","M","M","R","M","R","T","E","R","E","?","?","R","BOSS"],"items_purchased_type":["Card","Card"],"build_version":"2020-11-30","purchased_purges":0,"victory":false,"max_hp_per_floor":[70,70,70,70,70,70,70,70,70,70,70,72,72,74,74,74,74],"card_choices":[{"not_picked":["Underhanded Strike","Prepared","Riddle With Holes"],"picked":"SKIP","floor":1.0},{"not_picked":["Blade Dance","Noxious Fumes"],"picked":"Terror","floor":4},{"not_picked":["Crippling Poison","Deadly Poison"],"picked":"Calculated Gamble","floor":5},{"not_picked":["Endless Agony","Outmaneuver"],"picked":"Backstab","floor":7},{"not_picked":["Crippling Poison","Riddle With Holes"],"picked":"Corpse Explosion","floor":10},{"not_picked":["Caltrops","Sucker Punch+1","Predator+1","Well Laid Plans"],"picked":"Singing Bowl","floor":12},{"not_picked":["Backflip","Acrobatics","Deflect","Cloak And Dagger"],"picked":"Singing Bowl","floor":14}],"player_experience":66875,"relics_obtained":[{"floor":9,"key":"Singing Bowl"},{"floor":10,"key":"Question Card"},{"floor":12,"key":"Molten Egg 2"},{"floor":14,"key":"Boot"}],"event_choices":[{"cards_removed":["Strike_G"],"damage_healed":0.0,"max_hp_gain":0.0,"max_hp_loss":0.0,"gold_gain":0.0,"event_name":"Living Wall","player_choice":"Forget","floor":2.0,"gold_loss":0.0,"damage_taken":0.0},{"damage_healed":0,"gold_gain":75,"player_choice":"Gather Gold","damage_taken":11,"max_hp_gain":0,"max_hp_loss":0,"event_name":"World of Goop","floor":13,"gold_loss":0},{"damage_healed":0,"gold_gain":0,"player_choice":"Searched \u00271\u0027 times","damage_taken":0,"max_hp_gain":0,"max_hp_loss":0,"event_name":"Dead Adventurer","floor":14,"gold_loss":0}],"is_beta":false,"boss_relics":[],"items_purged_floors":[],"is_endless":false,"potions_floor_spawned":[1,10,12,14],"killed_by":"Slime Boss","ascension_level":10}}