{"host":"m6aaltr68g9tvoay","time":1607885617,"event":{"mods":["AchievementEnabler","BaseMod","Colored Map","Minty Spire (QoL Compilation)","StSLib"],"gold_per_floor":[114,62,77,77,89,89,106,106,106,141,152,152,168,168,168,168,168],"floor_reached":16,"playtime":469,"items_purged":[],"score":199,"play_id":"d1d04484-d7cf-4967-b61d-fad720167f23","local_time":"20201213105337","is_ascension_mode":true,"campfire_choices":[{"data":"Accuracy","floor":6,"key":"SMITH"},{"data":"Riddle With Holes","floor":8,"key":"SMITH"},{"floor":12,"key":"REST"},{"data":"Backflip","floor":15,"key":"SMITH"}],"circlet_count":0,"master_deck":["AscendersBane","Strike_G","Strike_G","Strike_G","Strike_G","Strike_G","Defend_G","Defend_G","Defend_G","Defend_G","Defend_G","Survivor","Neutralize","Dagger Spray","Accuracy+1","Terror","Riddle With Holes+1","Adrenaline","Backflip+1"],"relics":["Ring of the Snake","Paper Crane","The Courier"],"acts_visited":["Exordium"],"potions_floor_usage":[10,11,16],"damage_taken":[{"damage":6,"enemies":"Cultist","floor":1,"turns":4},{"damage":5,"enemies":"Jaw Worm","floor":3,"turns":4},{"damage":2,"enemies":"Small Slimes","floor":5,"turns":4},{"damage":8,"enemies":"3 Louse","floor":7,"turns":3},{"damage":33,"enemies":"Gremlin Nob","floor":10,"turns":4},{"damage":24,"enemies":"Exordium Thugs","floor":11,"turns":5},{"damage":1,"enemies":"2 Fungi Beasts","floor":13,"turns":3},{"damage":27,"enemies":"Hexaghost","floor":16,"turns":9}],"seed_played":"2729589278023373888","potions_obtained":[{"floor":1,"key":"Fire Potion"},{"floor":5,"key":"Dexterity Potion"},{"floor":11,"key":"LiquidMemories"}],"is_trial":false,"path_per_floor":["M","$","M","?","M","R","M","R","T","E","M","R","M","?","R","B"],"character_chosen":"THE_SILENT","items_purchased":["Dagger Spray"],"campfire_rested":1,"item_purchase_floors":[2],"current_hp_per_floor":[59,59,54,72,70,70,62,62,62,29,5,26,25,25,25,0,0],"gold":168,"neow_bonus":"TEN_PERCENT_HP_BONUS","is_daily":false,"chose_seed":false,"campfire_upgraded":3,"win_rate":0.0,"timestamp":1607885617,"path_taken":["M","$","?","?","M","R","?","R","T","E","M","R","M","?","R","BOSS"],"items_purchased_type":["Card"],"build_version":"2020-11-30","purchased_purges":0,"victory":false,"max_hp_per_floor":[72,72,72,72,72,72,72,72,72,72,72,72,72,72,72,72,72],"card_choices":[{"not_picked":["Deadly Poison","Deflect"],"picked":"Terror","floor":1},{"not_picked":["Choke","Quick Slash"],"picked":"Accuracy","floor":3},{"not_picked":["Quick Slash","Bane"],"picked":"Terror","floor":5},{"not_picked":["Sucker Punch","Backflip"],"picked":"Riddle With Holes","floor":7},{"not_picked":["Tactician","Heel Hook"],"picked":"Adrenaline","floor":10},{"not_picked":["Dagger Spray","Setup","Calculated Gamble"],"picked":"SKIP","floor":11},{"not_picked":["Deadly Poison","Dodge and Roll"],"picked":"Backflip","floor":13}],"player_experience":1226891,"relics_obtained":[{"floor":9,"key":"Paper Crane"},{"floor":10,"key":"The Courier"}],"event_choices":[{"cards_removed":["Terror"],"damage_healed":18,"gold_gain":0,"player_choice":"Offered Uncommon","damage_taken":0,"max_hp_gain":0,"max_hp_loss":0,"event_name":"Bonfire Elementals","floor":4,"gold_loss":0},{"damage_healed":0,"gold_gain":0,"player_choice":"Ignored","damage_taken":0,"max_hp_gain":0,"max_hp_loss":0,"event_name":"Shining Light","floor":14,"gold_loss":0}],"is_beta":false,"boss_relics":[],"items_purged_floors":[],"is_endless":false,"potions_floor_spawned":[1,5,11],"killed_by":"Hexaghost","ascension_level":19}}