{"host":"Ian","time":1607865350,"event":{"mods":["BaseMod","Bestiary","Block Reminder","Colored Map","Highlight Path","Key Reminder","Minty Spire (QoL Compilation)","Relic Stats"],"gold_per_floor":[109,120,132,57,57,57,73,73,151,168,201,201,221,250,262,351,363,394,419,431,457,469,481,505,549,615,627,45,74,74,89,89,160,160,180,191,206,57,74,74,106,123,147,147,477,477,503,515,515,515,515],"floor_reached":50,"playtime":2809,"items_purged":["Normality"],"score":1318,"play_id":"16049942-d60e-4338-a9ae-ec8686159c01","local_time":"20201213131550","is_ascension_mode":true,"campfire_choices":[{"data":"Apotheosis","floor":6.0,"key":"SMITH"},{"floor":8.0,"key":"REST"},{"data":"Uppercut","floor":15.0,"key":"SMITH"},{"floor":23.0,"key":"REST"},{"floor":27.0,"key":"REST"},{"data":"Rupture","floor":30.0,"key":"SMITH"},{"data":"Brutality","floor":32.0,"key":"SMITH"},{"data":"Feel No Pain","floor":40.0,"key":"SMITH"},{"floor":44.0,"key":"REST"},{"data":"Juggernaut","floor":46.0,"key":"SMITH"},{"floor":49.0,"key":"RECALL"}],"circlet_count":0,"master_deck":["AscendersBane","Strike_R","Strike_R","Strike_R","Strike_R","Strike_R","Defend_R","Defend_R","Defend_R","Defend_R","Bash","Apotheosis+1","Pommel Strike","Cleave","Carnage","Metallicize+1","Uppercut+1","Berserk","Flame Barrier+1","Shockwave","Decay","Corruption","Brutality+1","Reaper","Corruption","Bloodletting","Rupture+1","Impervious","Feed","Feel No Pain+1","Feed","Burning Pact+1","Twin Strike+1","Offering","Sentinel","Juggernaut+1","Thunderclap","Pummel"],"relics":["Burning Blood","Orichalcum","Self Forming Clay","Pear","MawBank","SlaversCollar","Enchiridion","Pen Nib","Nunchaku","Orrery","PreservedInsect","Gambling Chip","Sozu","Regal Pillow","Old Coin","Bottled Flame"],"acts_visited":["Exordium","TheCity","TheBeyond"],"potions_floor_usage":[],"damage_taken":[{"damage":16.0,"enemies":"Small Slimes","floor":1.0,"turns":4.0},{"damage":14.0,"enemies":"Jaw Worm","floor":2.0,"turns":5.0},{"damage":0.0,"enemies":"Cultist","floor":3.0,"turns":3.0},{"damage":10.0,"enemies":"3 Louse","floor":7.0,"turns":3.0},{"damage":14.0,"enemies":"Exordium Wildlife","floor":10.0,"turns":4.0},{"damage":2.0,"enemies":"Gremlin Nob","floor":11.0,"turns":3.0},{"damage":12.0,"enemies":"Exordium Thugs","floor":13.0,"turns":3.0},{"damage":15.0,"enemies":"Lagavulin","floor":14.0,"turns":6.0},{"damage":24.0,"enemies":"The Guardian","floor":16.0,"turns":15.0},{"damage":14.0,"enemies":"3 Byrds","floor":18.0,"turns":6.0},{"damage":16.0,"enemies":"2 Thieves","floor":19.0,"turns":4.0},{"damage":23.0,"enemies":"3 Cultists","floor":21.0,"turns":5.0},{"damage":17.0,"enemies":"Chosen and Byrds","floor":24.0,"turns":7.0},{"damage":17.0,"enemies":"Book of Stabbing","floor":25.0,"turns":5.0},{"damage":20.0,"enemies":"Gremlin Leader","floor":29.0,"turns":6.0},{"damage":4.0,"enemies":"Snecko","floor":31.0,"turns":6.0},{"damage":32.0,"enemies":"Automaton","floor":33.0,"turns":6.0},{"damage":34.0,"enemies":"Orb Walker","floor":35.0,"turns":6.0},{"damage":71.0,"enemies":"3 Shapes","floor":36.0,"turns":6.0},{"damage":35.0,"enemies":"Maw","floor":37.0,"turns":6.0},{"damage":28.0,"enemies":"Transient","floor":39.0,"turns":6.0},{"damage":50.0,"enemies":"Reptomancer","floor":41.0,"turns":4.0},{"damage":9.0,"enemies":"Sphere and 2 Shapes","floor":42.0,"turns":4.0},{"damage":18.0,"enemies":"Giant Head","floor":45.0,"turns":4.0},{"damage":30.0,"enemies":"Reptomancer","floor":47.0,"turns":5.0},{"damage":54.0,"enemies":"3 Darklings","floor":48.0,"turns":4.0},{"damage":39,"enemies":"Donu and Deca","floor":50,"turns":3}],"seed_played":"-4244631474138612875","potions_obtained":[{"floor":1.0,"key":"SkillPotion"},{"floor":11.0,"key":"FearPotion"},{"floor":13.0,"key":"EssenceOfSteel"},{"floor":16.0,"key":"Dexterity Potion"},{"floor":24.0,"key":"DistilledChaos"},{"floor":31.0,"key":"SteroidPotion"},{"floor":33.0,"key":"GamblersBrew"}],"is_trial":false,"path_per_floor":["M","M","M","$","?","R","M","R","T","M","E","?","M","E","R","B",null,"M","M","?","M","?","R","M","E","T","R","$","E","R","M","R","B",null,"M","M","M","$","M","R","E","M","T","R","E","R","E","M","R","B"],"character_chosen":"IRONCLAD","items_purchased":["Orrery","Rupture","PreservedInsect","Impervious","Offering"],"campfire_rested":4,"item_purchase_floors":[28,28,28,28,38],"current_hp_per_floor":[58,50,56,56,21,21,17,39,39,31,45,45,39,30,30,12,67,59,49,28,11,11,36,25,14,14,39,39,49,49,58,58,84,88,70,65,85,85,73,73,46,59,59,104,96,96,76,28,28,0,0],"gold":515,"neow_bonus":"RANDOM_COLORLESS_2","is_daily":false,"chose_seed":false,"campfire_upgraded":6,"win_rate":0.0,"timestamp":1607865350,"path_taken":["M","M","M","$","?","R","M","R","T","M","E","?","?","E","R","BOSS","M","M","?","M","?","R","?","E","T","R","$","E","R","M","R","BOSS","M","M","M","$","M","R","E","M","T","R","E","R","E","M","R","BOSS"],"items_purchased_type":["Relic","Card","Relic","Card","Card"],"build_version":"2020-12-07","purchased_purges":1,"victory":false,"max_hp_per_floor":[75,75,75,75,75,75,75,75,75,75,85,85,85,85,85,85,85,85,85,85,85,85,85,85,85,85,85,85,85,85,85,85,89,89,89,97,101,101,101,101,101,104,104,104,108,108,112,112,112,112,112],"relic_stats":{"Sozu":5,"Nunchaku":[11],"Regal Pillow":14,"counters":[27,139],"Self Forming Clay":[330],"Gambling Chip":[47],"Pen Nib":[11],"PreservedInsect":305,"Orichalcum":[204],"MawBank":168,"obtain_stats":[{"Regal Pillow":41,"Pear":11,"Self Forming Clay":9,"Enchiridion":20,"Pen Nib":25,"PreservedInsect":28,"Orichalcum":5,"MawBank":14,"Burning Blood":0,"Old Coin":45,"Sozu":34,"keyreminder:keyreminder":43,"SlaversCollar":17,"Nunchaku":26,"Bottled Flame":47,"Gambling Chip":29,"Orrery":28},{"Regal Pillow":22,"Pear":6,"Self Forming Clay":4,"Enchiridion":11,"Pen Nib":14,"PreservedInsect":14,"Orichalcum":3,"MawBank":8,"Burning Blood":0,"Old Coin":24,"Sozu":17,"keyreminder:keyreminder":23,"SlaversCollar":9,"Nunchaku":14,"Bottled Flame":25,"Gambling Chip":15,"Orrery":14},{"Regal Pillow":119,"Pear":22,"Self Forming Clay":15,"Enchiridion":56,"Pen Nib":73,"PreservedInsect":73,"Orichalcum":12,"MawBank":31,"Burning Blood":0,"Old Coin":127,"Sozu":91,"keyreminder:keyreminder":123,"SlaversCollar":46,"Nunchaku":73,"Bottled Flame":132,"Gambling Chip":79,"Orrery":73}],"Burning Blood":156},"card_choices":[{"not_picked":["Metamorphosis","Master of Strategy"],"picked":"Apotheosis","floor":0.0},{"not_picked":["Flex","Seeing Red"],"picked":"Pommel Strike","floor":1.0},{"not_picked":["Warcry","Sever Soul"],"picked":"Cleave","floor":2.0},{"not_picked":["Pommel Strike","Body Slam","Seeing Red"],"picked":"SKIP","floor":3.0},{"not_picked":["Anger","Clash"],"picked":"Carnage","floor":7.0},{"not_picked":["Anger","Evolve","Heavy Blade"],"picked":"SKIP","floor":10.0},{"not_picked":["Reckless Charge","Iron Wave"],"picked":"Metallicize","floor":11.0},{"not_picked":["Dropkick","Sword Boomerang","Pommel Strike"],"picked":"SKIP","floor":13.0},{"not_picked":["Spot Weakness","Feel No Pain"],"picked":"Uppercut","floor":14.0},{"not_picked":["Demon Form","Double Tap"],"picked":"Berserk","floor":16.0},{"not_picked":["Sword Boomerang","Rage"],"picked":"Flame Barrier+1","floor":18.0},{"not_picked":["Headbutt","Flame Barrier","Perfected Strike"],"picked":"SKIP","floor":19.0},{"not_picked":["Rupture","Disarm"],"picked":"Shockwave","floor":21.0},{"not_picked":["Evolve","Iron Wave","Anger"],"picked":"SKIP","floor":24.0},{"not_picked":["Warcry","Wild Strike","Feel No Pain+1"],"picked":"SKIP","floor":25.0},{"not_picked":["Pommel Strike","Clash"],"picked":"Corruption","floor":28.0},{"not_picked":["True Grit","Ghostly Armor"],"picked":"Brutality","floor":28.0},{"not_picked":["Sentinel","Anger"],"picked":"Reaper","floor":28.0},{"not_picked":["True Grit","Heavy Blade"],"picked":"Corruption","floor":28.0},{"not_picked":["Metallicize","Second Wind"],"picked":"Bloodletting","floor":28.0},{"not_picked":["Sentinel","Anger+1"],"picked":"Feed","floor":29.0},{"not_picked":["Body Slam+1","Perfected Strike"],"picked":"Feel No Pain","floor":31.0},{"not_picked":["Bludgeon","Exhume"],"picked":"Feed","floor":33.0},{"not_picked":["Anger","Clash","Heavy Blade"],"picked":"SKIP","floor":35.0},{"not_picked":["Anger","Thunderclap"],"picked":"Burning Pact+1","floor":36.0},{"not_picked":["Searing Blow","Havoc"],"picked":"Twin Strike+1","floor":37.0},{"not_picked":["Seeing Red","Clash+1"],"picked":"Sentinel","floor":39.0},{"not_picked":["Feel No Pain","Warcry"],"picked":"Juggernaut","floor":41.0},{"not_picked":["Second Wind","Body Slam","Perfected Strike"],"picked":"SKIP","floor":42.0},{"not_picked":["Reckless Charge","True Grit+1"],"picked":"Thunderclap","floor":45.0},{"not_picked":["Perfected Strike","Whirlwind"],"picked":"Pummel","floor":47.0},{"not_picked":["Thunderclap","Rampage","Juggernaut"],"picked":"SKIP","floor":48.0}],"player_experience":2517217,"relics_obtained":[{"floor":9.0,"key":"Self Forming Clay"},{"floor":11.0,"key":"Pear"},{"floor":14.0,"key":"MawBank"},{"floor":20.0,"key":"Enchiridion"},{"floor":25.0,"key":"Pen Nib"},{"floor":26.0,"key":"Nunchaku"},{"floor":29.0,"key":"Gambling Chip"},{"floor":41.0,"key":"Regal Pillow"},{"floor":45.0,"key":"Old Coin"},{"floor":47.0,"key":"Bottled Flame"}],"event_choices":[{"damage_healed":0.0,"max_hp_gain":0.0,"max_hp_loss":0.0,"gold_gain":0.0,"event_name":"Scrap Ooze","player_choice":"Success","floor":5.0,"gold_loss":0.0,"damage_taken":35.0,"relics_obtained":["Orichalcum"]},{"damage_healed":0.0,"max_hp_gain":0.0,"max_hp_loss":0.0,"gold_gain":0.0,"event_name":"Accursed Blacksmith","player_choice":"Forge","floor":12.0,"gold_loss":0.0,"damage_taken":0.0,"cards_upgraded":["Metallicize"]},{"damage_healed":0.0,"max_hp_gain":0.0,"max_hp_loss":0.0,"gold_gain":0.0,"event_name":"Cursed Tome","player_choice":"Obtained Book","floor":20.0,"gold_loss":0.0,"damage_taken":21.0},{"damage_healed":0.0,"max_hp_gain":0.0,"max_hp_loss":0.0,"gold_gain":0.0,"event_name":"Forgotten Altar","player_choice":"Smashed Altar","floor":22.0,"gold_loss":0.0,"damage_taken":0.0,"cards_obtained":["Decay"]}],"is_beta":true,"boss_relics":[{"not_picked":["Runic Cube","Fusion Hammer"],"picked":"SlaversCollar"},{"not_picked":["SacredBark","Busted Crown"],"picked":"Sozu"}],"items_purged_floors":[4],"is_endless":false,"potions_floor_spawned":[1,11,13,16,18,24,31,33,35,39,41,45,48],"killed_by":"Donu and Deca","ascension_level":20}}