{"host":"kos1s9q8ffr8fqos","time":1607838112,"event":{"mods":["2.2 Compatiblity","AchievementEnabler","AlwaysNeverKeys","Astrologer","BaseMod","Bestiary","Better Altar","Better Match","Better Note","Better Sensory Stone","Better Skull","Better Third Choice","Better Vampires","Colored Map","Colored Powertips","Curses Come First","Hermit","Infinite Spire","Jorbs\u0027s Wanderer Trilogy","Minty Spire (QoL Compilation)","Quick Restart","Random Character Button","Relic Stats","Shop Mod","StSLib","The Blue Laboratory","The Disciple","The Hierophant"],"gold_per_floor":[115,129,129,147,4,4,29,29,29,58,78,109,27,132,132,230,230,246,161,174,189,189,216,216,241,268,268,284,62,62,75,75,178,178,178,195,213,18,37,37,0,35,84,84,84,126,176,1142,1142,1142],"floor_reached":51,"playtime":2656,"items_purged":["Strike_P","Defend_P","Defend_P"],"score":955,"play_id":"9fac8120-632a-4000-9794-28b56262dfab","local_time":"20201212234152","is_ascension_mode":true,"campfire_choices":[{"data":"Apotheosis","floor":6.0,"key":"SMITH"},{"floor":8.0,"key":"REST"},{"floor":15.0,"key":"REST"},{"floor":24.0,"key":"REST"},{"floor":27.0,"key":"REST"},{"floor":30.0,"key":"REST"},{"floor":32.0,"key":"REST"},{"floor":40.0,"key":"REST"},{"floor":45.0,"key":"REST"},{"floor":49,"key":"REST"}],"circlet_count":0,"master_deck":["AscendersBane","Strike_P","Strike_P","Strike_P","Defend_P+1","Defend_P+1","Eruption","Vigilance","Apotheosis+1","CutThroughFate","Crescendo","ClearTheMind","FlurryOfBlows+1","MasterReality","Perseverance","Study","DevaForm","Sanctity","MentalFortress","ConjureBlade","Fasting2","Fasting2","Finesse","Vault","SpiritShield","Magnetism","CutThroughFate+1","Wish","Wish"],"relics":["CultistMask","MerchantsRug"],"acts_visited":["Exordium","TheCity","TheBeyond"],"potions_floor_usage":[],"damage_taken":[{"damage":1.0,"enemies":"2 Louse","floor":1.0,"turns":3.0},{"damage":6.0,"enemies":"infinitespire:Voidling","floor":2.0,"turns":4.0},{"damage":0.0,"enemies":"Cultist","floor":4.0,"turns":3.0},{"damage":2.0,"enemies":"3 Sentries","floor":10.0,"turns":6.0},{"damage":0.0,"enemies":"3 Louse","floor":11.0,"turns":3.0},{"damage":20.0,"enemies":"Lagavulin","floor":12.0,"turns":5.0},{"damage":23.0,"enemies":"The Guardian","floor":16.0,"turns":10.0},{"damage":15.0,"enemies":"Spheric Guardian","floor":18.0,"turns":4.0},{"damage":0.0,"enemies":"Shell Parasite","floor":20.0,"turns":4.0},{"damage":3.0,"enemies":"Chosen and Byrds","floor":21.0,"turns":5.0},{"damage":10.0,"enemies":"Book of Stabbing","floor":23.0,"turns":5.0},{"damage":41.0,"enemies":"Slavers","floor":25.0,"turns":6.0},{"damage":0.0,"enemies":"3 Cultists","floor":28.0,"turns":5.0},{"damage":7.0,"enemies":"Cultist and Chosen","floor":31.0,"turns":4.0},{"damage":6.0,"enemies":"Automaton","floor":33.0,"turns":6.0},{"damage":0.0,"enemies":"3 Darklings","floor":35.0,"turns":1.0},{"damage":12.0,"enemies":"Orb Walker","floor":36.0,"turns":3.0},{"damage":14.0,"enemies":"4 Shapes","floor":37.0,"turns":7.0},{"damage":0.0,"enemies":"Jaw Worm Horde","floor":39.0,"turns":5.0},{"damage":7.0,"enemies":"Giant Head","floor":42.0,"turns":7.0},{"damage":16,"enemies":"3 Darklings","floor":46,"turns":5},{"damage":12,"enemies":"Sphere and 2 Shapes","floor":47,"turns":5},{"damage":0,"enemies":"infinitespire:MassOfShapes","floor":50,"turns":1}],"seed_played":"3597782541569636779","potions_obtained":[{"floor":1.0,"key":"Fruit Juice"},{"floor":11.0,"key":"Weak Potion"},{"floor":12.0,"key":"EssenceOfSteel"},{"floor":18.0,"key":"AttackPotion"},{"floor":23.0,"key":"blueLaboratory:BottleOfVodka"},{"floor":39.0,"key":"blueLaboratory:PolymorphPotion"},{"floor":46,"key":"PowerPotion"},{"floor":47,"key":"blueLaboratory:PolymorphPotion"}],"is_trial":false,"path_per_floor":["M","M","?","M","$","R","T","R","T","E","M","E","$","?","R","B",null,"M","?","M","M","?","E","R","E","T","R","M","$","R","M","R","B",null,"M","M","M","$","M","R","?","E","T","?","R","M","M","$","R","B",null],"character_chosen":"WATCHER","items_purchased":["Membership Card","MerchantsRug","Study","Finesse","MealTicket","SmokeBomb","SpiritShield","Magnetism"],"campfire_rested":9,"item_purchase_floors":[5,13,13,29,29,29,38,38],"current_hp_per_floor":[51,45,45,45,45,45,45,68,68,66,66,46,46,24,47,24,64,49,49,49,46,30,20,43,2,2,25,25,25,48,41,64,58,72,72,60,46,61,61,77,77,70,70,51,74,58,46,61,77,77],"gold":1142,"neow_bonus":"RANDOM_COLORLESS_2","is_daily":false,"chose_seed":false,"campfire_upgraded":1,"win_rate":0.0,"timestamp":1607838112,"path_taken":["M","M","?","?","$","R","?","R","T","E","M","E","$","?","R","BOSS","M","?","M","M","?","E","R","E","T","R","M","$","R","M","R","BOSS","M","M","M","$","M","R","?","E","T","?","R","M","M","$","R","BOSS"],"items_purchased_type":["Relic","Relic","Card","Card","Relic","Potion","Card","Card"],"build_version":"2020-11-30","purchased_purges":3,"victory":true,"max_hp_per_floor":[77,77,77,77,77,77,77,77,77,77,77,77,77,77,77,77,77,77,77,77,77,77,77,77,77,77,77,77,77,77,77,77,77,77,77,77,77,77,77,77,77,77,77,77,77,77,77,77,77,77],"relic_stats":{"counters":[23,107],"obtain_stats":[{"Potion Belt":42,"MerchantsRug":13,"Enchiridion":22,"Oddly Smooth Stone":25,"Yang":19,"StoneCalendar":23,"infinitespire:Beetle Shell":14,"Omamori":26,"War Paint":7,"Dream Catcher":10,"Nunchaku":43,"Molten Egg 2":9,"Philosopher\u0027s Stone":17,"MealTicket":29,"CultistMask":3,"Fusion Hammer":34,"Red Mask":41,"Membership Card":5,"Bottled Lightning":12,"PureWater":0},{"Potion Belt":20,"MerchantsRug":6,"Enchiridion":10,"Oddly Smooth Stone":12,"Yang":8,"StoneCalendar":11,"infinitespire:Beetle Shell":6,"Omamori":12,"War Paint":3,"Dream Catcher":4,"Nunchaku":20,"Molten Egg 2":3,"Philosopher\u0027s Stone":7,"MealTicket":13,"CultistMask":2,"Fusion Hammer":15,"Red Mask":19,"Membership Card":3,"Bottled Lightning":6,"PureWater":0},{"Potion Belt":96,"MerchantsRug":24,"Enchiridion":47,"Oddly Smooth Stone":58,"Yang":38,"StoneCalendar":52,"infinitespire:Beetle Shell":24,"Omamori":58,"War Paint":10,"Dream Catcher":16,"Nunchaku":96,"Molten Egg 2":10,"Philosopher\u0027s Stone":34,"MealTicket":63,"CultistMask":7,"Fusion Hammer":73,"Red Mask":89,"Membership Card":10,"Bottled Lightning":24,"PureWater":0}]},"card_choices":[{"not_picked":["Thinking Ahead","Secret Technique"],"picked":"Apotheosis","floor":0.0},{"not_picked":["EmptyFist","SashWhip"],"picked":"CutThroughFate","floor":1.0},{"not_picked":["SashWhip","Halt"],"picked":"Crescendo","floor":2.0},{"not_picked":["WheelKick","FlyingSleeves"],"picked":"ClearTheMind","floor":4.0},{"not_picked":["Evaluate","Tantrum+1"],"picked":"FlurryOfBlows+1","floor":10.0},{"not_picked":["WheelKick+1","ThirdEye"],"picked":"MasterReality","floor":11.0},{"not_picked":["CrushJoints+1","JustLucky+1"],"picked":"Perseverance","floor":12.0},{"not_picked":["Omniscience","Devotion"],"picked":"DevaForm","floor":16.0},{"not_picked":["Evaluate","Consecrate"],"picked":"Sanctity","floor":18.0},{"not_picked":["WreathOfFlame+1","FlurryOfBlows"],"picked":"MentalFortress","floor":20.0},{"not_picked":["Worship","PathToVictory"],"picked":"ConjureBlade","floor":21.0},{"not_picked":["ClearTheMind","EmptyFist"],"picked":"Fasting2","floor":23.0},{"not_picked":["EmptyBody","Alpha"],"picked":"Fasting2","floor":25.0},{"not_picked":["Halt","Protect","Crescendo"],"picked":"SKIP","floor":28.0},{"not_picked":["SignatureMove","CutThroughFate","Sanctity"],"picked":"SKIP","floor":31.0},{"not_picked":["Omniscience","LessonLearned"],"picked":"Vault","floor":33.0},{"not_picked":["PathToVictory","Halt","EmptyBody+1"],"picked":"SKIP","floor":36.0},{"not_picked":["PathToVictory","Halt","EmptyBody+1"],"picked":"SKIP","floor":36.0},{"not_picked":["FollowUp+1","PathToVictory","FlyingSleeves"],"picked":"SKIP","floor":37.0},{"not_picked":["Prostrate","Collect"],"picked":"CutThroughFate+1","floor":39.0},{"not_picked":["FollowUp","ClearTheMind"],"picked":"Wish","floor":42.0},{"not_picked":["infinitespire:Execution","infinitespire:Fortify"],"picked":"infinitespire:SealOfDarkness+","floor":44.0},{"not_picked":["Sanctity","Protect+1"],"picked":"Wish","floor":46},{"not_picked":["CrushJoints+1","JustLucky","Evaluate"],"picked":"SKIP","floor":47}],"player_experience":1220539,"relics_obtained":[{"floor":7.0,"key":"War Paint"},{"floor":9.0,"key":"Molten Egg 2"},{"floor":10.0,"key":"Dream Catcher"},{"floor":12.0,"key":"Bottled Lightning"},{"floor":22.0,"key":"Enchiridion"},{"floor":23.0,"key":"StoneCalendar"},{"floor":25.0,"key":"Oddly Smooth Stone"},{"floor":26.0,"key":"Omamori"},{"floor":42.0,"key":"Potion Belt"},{"floor":43.0,"key":"Nunchaku"}],"event_choices":[{"damage_healed":0.0,"max_hp_gain":0.0,"max_hp_loss":0.0,"gold_gain":0.0,"event_name":"FaceTrader","player_choice":"Trade","floor":3.0,"gold_loss":0.0,"damage_taken":0.0,"relics_obtained":["CultistMask"]},{"damage_healed":0.0,"max_hp_gain":0.0,"max_hp_loss":0.0,"gold_gain":105.0,"event_name":"betterSkull:BetterSkull","player_choice":"RE GO ","floor":14.0,"gold_loss":0.0,"damage_taken":25.0,"cards_upgraded":[],"relics_obtained":["infinitespire:Beetle Shell"]},{"damage_healed":0.0,"max_hp_gain":0.0,"max_hp_loss":0.0,"gold_gain":0.0,"event_name":"Addict","player_choice":"Obtained Relic","floor":19.0,"gold_loss":85.0,"damage_taken":0.0,"relics_obtained":["Yang"]},{"damage_healed":0.0,"max_hp_gain":0.0,"max_hp_loss":0.0,"gold_gain":0.0,"event_name":"Cursed Tome","player_choice":"Obtained Book","floor":22.0,"gold_loss":0.0,"damage_taken":16.0},{"damage_healed":0.0,"max_hp_gain":0.0,"max_hp_loss":0.0,"gold_gain":0.0,"event_name":"Tomb of Lord Red Mask","player_choice":"Paid","floor":41.0,"gold_loss":37.0,"damage_taken":0.0,"relics_obtained":["Red Mask"]}],"is_beta":false,"boss_relics":[{"not_picked":["Velvet Choker","Snecko Eye"],"picked":"Philosopher\u0027s Stone"},{"not_picked":["Cursed Key","Coffee Dripper"],"picked":"Fusion Hammer"}],"items_purged_floors":[13,29,38],"is_endless":false,"potions_floor_spawned":[1,11,12,18,20,23,35,39,46,47],"ascension_level":12}}