{"host":"qw1m3zcvi888b4j7","time":1607877413,"event":{"mods":["AchievementEnabler","BaseMod","Block Reminder","Colored Map","Colored Powertips","Consume Value Calculator","DeckTracker","Highlight Path","Minty Spire (QoL Compilation)","Quick Restart","Rare Cards Sparkle","Relic Sorter","Relic Stats"],"gold_per_floor":[116,116,116,137,150,184,184,203,203,168,168,25,25,53,53,176,176,191,191,209,209,209,248,272,272,298,310,345,396,408,47,47,178,178,194,258,258,274,274,274,309,328,352,386,48,73,73,48,48,48],"floor_reached":51,"playtime":2812,"items_purged":["Pain"],"score":764,"play_id":"3fd365dd-3c7f-4d43-bbac-e1564103dea2","local_time":"20201213173653","is_ascension_mode":false,"campfire_choices":[{"data":"Zap","floor":7.0,"key":"SMITH"},{"data":"Defragment","floor":11.0,"key":"SMITH"},{"floor":13.0,"key":"REST"},{"floor":15.0,"key":"REST"},{"data":"Dualcast","floor":25.0,"key":"SMITH"},{"data":"Buffer","floor":27.0,"key":"SMITH"},{"data":"Static Discharge","floor":30.0,"key":"SMITH"},{"data":"FTL","floor":32.0,"key":"SMITH"},{"data":"1","floor":40,"key":"LIFT"},{"data":"2","floor":47,"key":"LIFT"},{"data":"3","floor":49,"key":"LIFT"}],"circlet_count":0,"master_deck":["Strike_B+1","Strike_B+1","Strike_B+1","Strike_B+1","Defend_B+1","Defend_B+1","Defend_B+1","Zap+1","Dualcast+1","Gash","Defragment+1","Auto Shields","Go for the Eyes","Gash","Compile Driver","Buffer+1","Storm+1","Static Discharge+1","FTL+1","Loop+1","Go for the Eyes+1","Sweeping Beam+1","Leap","Static Discharge","Beam Cell","Electrodynamics","Sunder+1","Redo+1","Glacier","Machine Learning","Gash","Rebound+1","Self Repair","Madness","Redo","Turbo+1","Leap"],"relics":["Cracked Core","Torii","Golden Idol","Pen Nib","Tiny Chest","Medical Kit","Odd Mushroom","Runic Pyramid","StoneCalendar","WarpedTongs","Eternal Feather","MawBank","MealTicket","Juzu Bracelet","Nuclear Battery","Girya","Bottled Lightning","Thread and Needle","Orichalcum","TungstenRod","Boot"],"acts_visited":["TheCity","TheBeyond"],"potions_floor_usage":[50,50],"damage_taken":[{"damage":6.0,"enemies":"Jaw Worm","floor":1.0,"turns":3.0},{"damage":1.0,"enemies":"Cultist","floor":4.0,"turns":3.0},{"damage":1.0,"enemies":"Small Slimes","floor":5.0,"turns":3.0},{"damage":28.0,"enemies":"3 Sentries","floor":6.0,"turns":7.0},{"damage":8.0,"enemies":"Blue Slaver","floor":8.0,"turns":3.0},{"damage":23.0,"enemies":"The Mushroom Lair","floor":14.0,"turns":4.0},{"damage":40.0,"enemies":"Slime Boss","floor":16.0,"turns":9.0},{"damage":10.0,"enemies":"3 Byrds","floor":18.0,"turns":6.0},{"damage":1.0,"enemies":"Shell Parasite","floor":20.0,"turns":5.0},{"damage":27.0,"enemies":"Book of Stabbing","floor":23.0,"turns":5.0},{"damage":3.0,"enemies":"Snake Plant","floor":24.0,"turns":3.0},{"damage":17.0,"enemies":"Snecko","floor":28.0,"turns":5.0},{"damage":29.0,"enemies":"Slavers","floor":29.0,"turns":5.0},{"damage":19.0,"enemies":"Collector","floor":33.0,"turns":8.0},{"damage":0,"enemies":"Orb Walker","floor":35,"turns":4},{"damage":1,"enemies":"2 Orb Walkers","floor":36,"turns":3},{"damage":31,"enemies":"3 Shapes","floor":38,"turns":2},{"damage":26,"enemies":"Reptomancer","floor":41,"turns":4},{"damage":0,"enemies":"3 Darklings","floor":42,"turns":5},{"damage":0,"enemies":"Nemesis","floor":44,"turns":5},{"damage":0,"enemies":"Spire Growth","floor":46,"turns":5},{"damage":20,"enemies":"Time Eater","floor":50,"turns":8}],"seed_played":"7207415261226794676","potions_obtained":[{"floor":5.0,"key":"SkillPotion"},{"floor":14.0,"key":"PotionOfCapacity"},{"floor":24.0,"key":"Fruit Juice"},{"floor":29.0,"key":"Ancient Potion"},{"floor":33.0,"key":"Ancient Potion"},{"floor":42,"key":"EssenceOfSteel"},{"floor":46,"key":"BlessingOfTheForge"}],"is_trial":false,"path_per_floor":["M","?","?","M","M","E","R","M","T","?","R","$","R","?","R","B",null,"M","?","M","T","?","E","M","R","T","R","M","E","R","$","R","B",null,"M","?","?","M","T","R","E","M","T","E","$","M","R","$","R","B",null],"character_chosen":"DEFECT","items_purchased":["Medical Kit","Juzu Bracelet","Leap","Static Discharge","Beam Cell","Boot","Self Repair","Madness","Redo","Leap"],"campfire_rested":2,"item_purchase_floors":[12,31,31,31,31,45,45,45,45,48],"current_hp_per_floor":[62,45,45,44,43,15,15,7,7,24,24,24,44,21,41,1,68,58,58,57,57,57,30,32,44,44,56,39,10,22,37,52,33,73,73,72,72,41,41,56,30,30,30,30,45,55,73,73,73,60],"gold":48,"neow_bonus":"ONE_RARE_RELIC","is_daily":false,"chose_seed":false,"campfire_upgraded":6,"win_rate":0.0,"timestamp":1607877413,"path_taken":["M","?","?","M","M","E","R","?","T","?","R","$","R","?","R","BOSS","M","?","M","?","?","E","M","R","T","R","M","E","R","$","R","BOSS","M","?","?","M","?","R","E","M","T","E","$","M","R","?","R","BOSS"],"items_purchased_type":["Relic","Relic","Card","Card","Card","Relic","Card","Card","Card","Card"],"build_version":"2020-11-30","purchased_purges":1,"victory":true,"max_hp_per_floor":[68,68,68,68,68,68,68,68,68,68,68,68,68,68,68,68,68,68,68,68,68,68,68,73,73,73,73,73,73,73,73,73,73,73,73,73,73,73,73,73,73,73,73,73,73,73,73,73,73,73],"relic_stats":{"Torii":48,"counters":[22,103],"Golden Idol":174,"StoneCalendar":[115],"Eternal Feather":84,"Pen Nib":[17],"Juzu Bracelet":1,"Orichalcum":[42],"Medical Kit":[4],"MawBank":60,"Boot":[2],"WarpedTongs":[56],"Tiny Chest":2,"MealTicket":30,"obtain_stats":[{"Girya":36,"Torii":0,"Golden Idol":2,"StoneCalendar":21,"Eternal Feather":23,"Thread and Needle":41,"Pen Nib":6,"Juzu Bracelet":31,"Odd Mushroom":14,"Orichalcum":43,"Medical Kit":12,"MawBank":26,"Boot":45,"WarpedTongs":22,"Nuclear Battery":34,"Tiny Chest":9,"MealTicket":29,"Bottled Lightning":39,"Cracked Core":0,"TungstenRod":44,"Runic Pyramid":17},{"Girya":16,"Torii":0,"Golden Idol":1,"StoneCalendar":9,"Eternal Feather":10,"Thread and Needle":18,"Pen Nib":4,"Juzu Bracelet":13,"Odd Mushroom":6,"Orichalcum":19,"Medical Kit":5,"MawBank":11,"Boot":20,"WarpedTongs":9,"Nuclear Battery":14,"Tiny Chest":5,"MealTicket":13,"Bottled Lightning":17,"Cracked Core":0,"TungstenRod":20,"Runic Pyramid":7},{"Girya":74,"Torii":0,"Golden Idol":3,"StoneCalendar":43,"Eternal Feather":48,"Thread and Needle":80,"Pen Nib":16,"Juzu Bracelet":60,"Odd Mushroom":23,"Orichalcum":85,"Medical Kit":19,"MawBank":51,"Boot":90,"WarpedTongs":43,"Nuclear Battery":67,"Tiny Chest":19,"MealTicket":60,"Bottled Lightning":76,"Cracked Core":0,"TungstenRod":90,"Runic Pyramid":32}],"TungstenRod":4},"card_choices":[{"not_picked":["Rebound","White Noise"],"picked":"Gash","floor":1.0},{"not_picked":["Rebound","Capacitor"],"picked":"Defragment","floor":4.0},{"not_picked":["Blizzard","Stack"],"picked":"Auto Shields","floor":5.0},{"not_picked":["Rebound","Conserve Battery"],"picked":"Go for the Eyes","floor":6.0},{"not_picked":["Streamline","Go for the Eyes"],"picked":"Gash","floor":8.0},{"not_picked":["Stack","Steam Power"],"picked":"Compile Driver","floor":14.0},{"not_picked":["Echo Form","Multi-Cast"],"picked":"Buffer","floor":16.0},{"not_picked":["Stack+1","White Noise"],"picked":"Storm+1","floor":18.0},{"not_picked":["Conserve Battery+1","Capacitor+1"],"picked":"Static Discharge","floor":20.0},{"not_picked":["Capacitor","Hologram"],"picked":"FTL","floor":23.0},{"not_picked":["Steam","Rebound"],"picked":"Loop+1","floor":24.0},{"not_picked":["Rainbow","Gash+1"],"picked":"Go for the Eyes+1","floor":28.0},{"not_picked":["Capacitor","Leap"],"picked":"Sweeping Beam+1","floor":29.0},{"not_picked":["Fission","Multi-Cast"],"picked":"Electrodynamics","floor":33.0},{"not_picked":["Stack+1","Glacier"],"picked":"Sunder+1","floor":35},{"not_picked":["Lockon","Conserve Battery+1"],"picked":"Redo+1","floor":36},{"not_picked":["Doom and Gloom+1","Barrage"],"picked":"Glacier","floor":38},{"not_picked":["Streamline+1","Beam Cell"],"picked":"Machine Learning","floor":41},{"not_picked":["Steam","Hologram"],"picked":"Gash","floor":42},{"not_picked":["Blizzard+1","Sweeping Beam"],"picked":"Rebound+1","floor":44},{"not_picked":["Chill","Hologram+1"],"picked":"Turbo+1","floor":46}],"player_experience":36176,"relics_obtained":[{"floor":6.0,"key":"Pen Nib"},{"floor":9.0,"key":"Tiny Chest"},{"floor":14.0,"key":"Odd Mushroom"},{"floor":21.0,"key":"StoneCalendar"},{"floor":23.0,"key":"Eternal Feather"},{"floor":26.0,"key":"MawBank"},{"floor":29.0,"key":"MealTicket"},{"floor":36,"key":"Girya"},{"floor":39,"key":"Bottled Lightning"},{"floor":41,"key":"Thread and Needle"},{"floor":43,"key":"Orichalcum"},{"floor":44,"key":"TungstenRod"}],"event_choices":[{"damage_healed":0.0,"max_hp_gain":0.0,"max_hp_loss":0.0,"gold_gain":0.0,"event_name":"Golden Idol","player_choice":"Take Damage","floor":2.0,"gold_loss":0.0,"damage_taken":17.0,"relics_obtained":["Golden Idol"]},{"cards_removed":["Defend_B"],"damage_healed":0.0,"max_hp_gain":0.0,"max_hp_loss":0.0,"gold_gain":0.0,"event_name":"Purifier","player_choice":"Purged","floor":3.0,"gold_loss":0.0,"damage_taken":0.0},{"damage_healed":17.0,"max_hp_gain":0.0,"max_hp_loss":0.0,"gold_gain":0.0,"event_name":"The Cleric","player_choice":"Healed","floor":10.0,"gold_loss":35.0,"damage_taken":0.0},{"damage_healed":0.0,"max_hp_gain":0.0,"max_hp_loss":0.0,"gold_gain":0.0,"event_name":"Mushrooms","player_choice":"Fought Mushrooms","floor":14.0,"gold_loss":0.0,"damage_taken":0.0},{"damage_healed":0.0,"max_hp_gain":0.0,"max_hp_loss":0.0,"gold_gain":0.0,"event_name":"Back to Basics","player_choice":"Simplicity","floor":19.0,"gold_loss":0.0,"damage_taken":0.0,"cards_upgraded":["Strike_B","Strike_B","Strike_B","Strike_B","Defend_B","Defend_B","Defend_B"]},{"damage_healed":0.0,"max_hp_gain":0.0,"max_hp_loss":0.0,"gold_gain":0.0,"event_name":"Accursed Blacksmith","player_choice":"Rummage","floor":22.0,"gold_loss":0.0,"damage_taken":0.0,"relics_obtained":["WarpedTongs"],"cards_obtained":["Pain"]},{"damage_healed":0,"gold_gain":0,"player_choice":"Fight","damage_taken":0,"max_hp_gain":0,"max_hp_loss":0,"event_name":"Mysterious Sphere","floor":36,"gold_loss":0},{"damage_healed":0,"gold_gain":0,"player_choice":"Ignored","damage_taken":0,"max_hp_gain":0,"max_hp_loss":0,"event_name":"Tomb of Lord Red Mask","floor":37,"gold_loss":0}],"is_beta":false,"boss_relics":[{"not_picked":["Ectoplasm","Sozu"],"picked":"Runic Pyramid"},{"not_picked":["Busted Crown","Empty Cage"],"picked":"Nuclear Battery"}],"items_purged_floors":[31],"is_endless":false,"potions_floor_spawned":[5,14,24,29,33,42,46],"ascension_level":0}}