{"host":"foq4mrde4mssg7vt","time":1607834570,"event":{"mods":["AchievementEnabler","BaseMod","Colored Map","Colored Powertips","Highlight Path","Minty Spire (QoL Compilation)","Relic Stats","everything is the same but u backflip on backflip"],"gold_per_floor":[115,190,202,15,34,34,64,64,91,105,105,137,137,168,168,271,271,286,486,500,517,517,551,118,132,158,172,172,207,207,238,238,340,340,358,338,10,23,38,65,2,2,2,30,40,40,68,18,18,18,18,18,18,46,46],"floor_reached":56,"playtime":2461,"items_purged":["Strike_R","Strike_R","Strike_R","Defend_R"],"score":1705,"play_id":"2f85c87c-f684-4786-887a-7365b5bdb5c6","local_time":"20201213124250","is_ascension_mode":true,"campfire_choices":[{"data":"True Grit","floor":6.0,"key":"SMITH"},{"data":"Whirlwind","floor":8.0,"key":"SMITH"},{"data":"Perfected Strike","floor":11.0,"key":"SMITH"},{"floor":15.0,"key":"REST"},{"data":"Flame Barrier","floor":30.0,"key":"SMITH"},{"data":"Exhume","floor":32.0,"key":"SMITH"},{"floor":49.0,"key":"RECALL"},{"data":"Brutality","floor":52.0,"key":"SMITH"}],"circlet_count":0,"master_deck":["Strike_R+1","Strike_R+1","Defend_R","Defend_R","Defend_R","Bash+1","Flame Barrier+1","True Grit+1","Whirlwind+1","Inflame","Reaper","Demon Form","Sword Boomerang+1","Headbutt","Exhume+1","Reaper","Brutality+1","Rupture+1","Limit Break"],"relics":["Burning Blood","Membership Card","Happy Flower","Whetstone","Boot","Coffee Dripper","Champion Belt","InkBottle","Mercury Hourglass","DollysMirror","Akabeko","MutagenicStrength","Red Skull","Pear","Velvet Choker","Incense Burner","Mummified Hand","Shuriken","Smiling Mask","Potion Belt","Nunchaku","TungstenRod"],"acts_visited":["Exordium","TheCity","TheBeyond","TheEnding"],"potions_floor_usage":[55,55,55],"damage_taken":[{"damage":1.0,"enemies":"2 Louse","floor":1.0,"turns":4.0},{"damage":4.0,"enemies":"Small Slimes","floor":3.0,"turns":4.0},{"damage":5.0,"enemies":"Jaw Worm","floor":5.0,"turns":6.0},{"damage":23.0,"enemies":"Lagavulin","floor":7.0,"turns":5.0},{"damage":13.0,"enemies":"Lots of Slimes","floor":10.0,"turns":2.0},{"damage":24.0,"enemies":"Gremlin Nob","floor":12.0,"turns":4.0},{"damage":18.0,"enemies":"Lagavulin","floor":14.0,"turns":5.0},{"damage":40.0,"enemies":"The Guardian","floor":16.0,"turns":15.0},{"damage":12.0,"enemies":"Chosen","floor":18.0,"turns":4.0},{"damage":10.0,"enemies":"Spheric Guardian","floor":20.0,"turns":5.0},{"damage":28.0,"enemies":"Cultist and Chosen","floor":21.0,"turns":8.0},{"damage":85.0,"enemies":"Slavers","floor":23.0,"turns":7.0},{"damage":30.0,"enemies":"Centurion and Healer","floor":25.0,"turns":8.0},{"damage":2.0,"enemies":"Sentry and Sphere","floor":27.0,"turns":3.0},{"damage":35.0,"enemies":"Book of Stabbing","floor":29.0,"turns":3.0},{"damage":30.0,"enemies":"Gremlin Leader","floor":31.0,"turns":5.0},{"damage":21.0,"enemies":"Automaton","floor":33.0,"turns":6.0},{"damage":1.0,"enemies":"Orb Walker","floor":35.0,"turns":2.0},{"damage":0.0,"enemies":"3 Darklings","floor":38.0,"turns":1.0},{"damage":41.0,"enemies":"Writhing Mass","floor":39.0,"turns":6.0},{"damage":25.0,"enemies":"Giant Head","floor":40.0,"turns":7.0},{"damage":69.0,"enemies":"Nemesis","floor":44.0,"turns":7.0},{"damage":0.0,"enemies":"Sphere and 2 Shapes","floor":45.0,"turns":3.0},{"damage":70.0,"enemies":"Reptomancer","floor":47.0,"turns":7.0},{"damage":52.0,"enemies":"Time Eater","floor":50.0,"turns":4.0},{"damage":75.0,"enemies":"Shield and Spear","floor":54.0,"turns":6.0},{"damage":101,"enemies":"The Heart","floor":55,"turns":6}],"seed_played":"-2281806706052869505","potions_obtained":[{"floor":1.0,"key":"Energy Potion"},{"floor":10.0,"key":"Explosive Potion"},{"floor":12.0,"key":"Energy Potion"},{"floor":16.0,"key":"Strength Potion"},{"floor":21.0,"key":"PowerPotion"},{"floor":22.0,"key":"FairyPotion"},{"floor":23.0,"key":"Dexterity Potion"},{"floor":27.0,"key":"FearPotion"},{"floor":29.0,"key":"Weak Potion"},{"floor":31.0,"key":"FearPotion"},{"floor":40.0,"key":"Ancient Potion"},{"floor":45.0,"key":"BlessingOfTheForge"},{"floor":54.0,"key":"ElixirPotion"}],"is_trial":false,"path_per_floor":["M","?","M","$","M","R","E","R","T","M","R","E","?","E","R","B",null,"M","?","M","M","?","E","$","M","T","M","?","E","R","E","R","B",null,"M","?","$","M","M","E","$","T","T","E","M","?","E","$","R","B",null,"R","$","E","B",null],"character_chosen":"IRONCLAD","items_purchased":["Membership Card","Whirlwind","Exhume","InkBottle","Mercury Hourglass","DollysMirror","Incense Burner","Mummified Hand"],"campfire_rested":1,"item_purchase_floors":[4,4,24,24,24,24,37,37],"current_hp_per_floor":[77,66,68,68,69,69,52,52,52,45,45,27,27,15,39,11,63,72,72,68,56,56,52,52,80,80,80,80,69,69,90,90,75,86,90,90,90,90,90,90,90,90,90,40,90,90,83,83,83,85,89,89,89,58,16],"gold":46,"neow_bonus":"UPGRADE_CARD","is_daily":false,"chose_seed":false,"campfire_upgraded":6,"win_rate":0.0,"timestamp":1607834570,"path_taken":["M","?","M","$","M","R","E","R","T","M","R","E","?","E","R","BOSS","M","?","?","M","?","E","$","M","T","?","?","E","R","E","R","BOSS","M","?","$","?","M","E","?","?","T","E","M","?","E","?","R","BOSS","R","$","E","BOSS"],"items_purchased_type":["Relic","Card","Card","Relic","Relic","Relic","Relic","Relic"],"build_version":"2020-11-30","purchased_purges":4,"victory":true,"max_hp_per_floor":[80,80,80,80,80,80,80,80,80,80,80,80,80,80,80,80,80,80,80,80,80,80,80,80,80,80,80,80,80,80,90,90,90,90,90,90,90,90,90,90,90,90,90,90,90,90,90,90,90,90,90,90,90,90,90],"relic_stats":{"Happy Flower":[41],"counters":[27,143],"Whetstone":["Strike_R","Strike_R"],"Boot":[24],"Smiling Mask":25,"Burning Blood":128,"Mercury Hourglass":[252],"Nunchaku":[2],"Mummified Hand":[41],"Shuriken":[8],"Champion Belt":[16],"obtain_stats":[{"Potion Belt":44,"Pear":31,"Happy Flower":7,"Velvet Choker":34,"Incense Burner":37,"Whetstone":9,"Boot":14,"Smiling Mask":43,"Burning Blood":0,"Akabeko":26,"Mercury Hourglass":24,"Nunchaku":47,"DollysMirror":24,"Mummified Hand":37,"Shuriken":40,"MutagenicStrength":28,"Coffee Dripper":17,"Membership Card":4,"Champion Belt":23,"InkBottle":24,"Red Skull":29,"TungstenRod":54},{"Potion Belt":22,"Pear":16,"Happy Flower":4,"Velvet Choker":17,"Incense Burner":18,"Whetstone":4,"Boot":7,"Smiling Mask":21,"Burning Blood":0,"Akabeko":13,"Mercury Hourglass":12,"Nunchaku":24,"DollysMirror":12,"Mummified Hand":18,"Shuriken":21,"MutagenicStrength":14,"Coffee Dripper":8,"Membership Card":2,"Champion Belt":12,"InkBottle":12,"Red Skull":15,"TungstenRod":26},{"Potion Belt":117,"Pear":88,"Happy Flower":19,"Velvet Choker":94,"Incense Burner":96,"Whetstone":19,"Boot":30,"Smiling Mask":110,"Burning Blood":0,"Akabeko":77,"Mercury Hourglass":69,"Nunchaku":127,"DollysMirror":69,"Mummified Hand":96,"Shuriken":110,"MutagenicStrength":80,"Coffee Dripper":45,"Membership Card":8,"Champion Belt":69,"InkBottle":69,"Red Skull":83,"TungstenRod":137}],"InkBottle":[21],"TungstenRod":31},"card_choices":[{"not_picked":["Thunderclap","Burning Pact"],"picked":"Flame Barrier","floor":1.0},{"not_picked":["Seeing Red","Rupture"],"picked":"True Grit","floor":3.0},{"not_picked":["Searing Blow","Battle Trance"],"picked":"Perfected Strike","floor":5.0},{"not_picked":["Headbutt","Rupture"],"picked":"Inflame","floor":7.0},{"not_picked":["True Grit","Warcry","Flame Barrier"],"picked":"SKIP","floor":10.0},{"not_picked":["Flex","Power Through","Perfected Strike"],"picked":"SKIP","floor":12.0},{"not_picked":["Sentinel","Entrench"],"picked":"Reaper","floor":14.0},{"not_picked":["Double Tap","Immolate"],"picked":"Demon Form","floor":16.0},{"not_picked":["Body Slam","Cleave","Infernal Blade+1"],"picked":"SKIP","floor":18.0},{"not_picked":["Flex+1","Cleave"],"picked":"Sword Boomerang+1","floor":20.0},{"not_picked":["Anger","Warcry+1"],"picked":"Headbutt","floor":21.0},{"not_picked":["Iron Wave","Twin Strike","Immolate"],"picked":"SKIP","floor":23.0},{"not_picked":["Rage","Sentinel","Sword Boomerang+1"],"picked":"SKIP","floor":25.0},{"not_picked":["Thunderclap","Clothesline+1","Sentinel"],"picked":"SKIP","floor":27.0},{"not_picked":["Iron Wave+1","Cleave","Inflame"],"picked":"SKIP","floor":29.0},{"not_picked":["Exhume","Evolve+1","Warcry+1"],"picked":"SKIP","floor":31.0},{"not_picked":["Fiend Fire","Demon Form"],"picked":"Brutality","floor":33.0},{"not_picked":["Shrug It Off+1","Wild Strike"],"picked":"Rupture+1","floor":35.0},{"not_picked":["Perfected Strike","Intimidate+1","Clothesline+1"],"picked":"SKIP","floor":38.0},{"not_picked":["Twin Strike+1","Whirlwind","Carnage+1"],"picked":"SKIP","floor":39.0},{"not_picked":["Iron Wave","Perfected Strike","Wild Strike+1"],"picked":"SKIP","floor":40.0},{"not_picked":["Iron Wave+1","Sword Boomerang+1"],"picked":"Limit Break","floor":44.0},{"not_picked":["Blood for Blood+1","Dual Wield+1","Clash"],"picked":"SKIP","floor":45.0},{"not_picked":["Warcry","Whirlwind","Twin Strike"],"picked":"SKIP","floor":47.0},{"not_picked":["Wild Strike+1","Sentinel+1","Body Slam+1"],"picked":"SKIP","floor":54.0}],"player_experience":171663,"relics_obtained":[{"floor":7.0,"key":"Happy Flower"},{"floor":9.0,"key":"Whetstone"},{"floor":14.0,"key":"Boot"},{"floor":23.0,"key":"Champion Belt"},{"floor":26.0,"key":"Akabeko"},{"floor":29.0,"key":"Red Skull"},{"floor":31.0,"key":"Pear"},{"floor":40.0,"key":"Shuriken"},{"floor":43.0,"key":"Smiling Mask"},{"floor":44.0,"key":"Potion Belt"},{"floor":47.0,"key":"Nunchaku"},{"floor":54.0,"key":"TungstenRod"}],"event_choices":[{"damage_healed":0.0,"max_hp_gain":0.0,"max_hp_loss":0.0,"gold_gain":75.0,"event_name":"World of Goop","player_choice":"Gather Gold","floor":2.0,"gold_loss":0.0,"damage_taken":11.0},{"damage_healed":0.0,"max_hp_gain":0.0,"max_hp_loss":0.0,"gold_gain":0.0,"event_name":"Shining Light","player_choice":"Ignored","floor":13.0,"gold_loss":0.0,"damage_taken":0.0},{"damage_healed":0.0,"max_hp_gain":0.0,"max_hp_loss":0.0,"gold_gain":250.0,"event_name":"The Joust","player_choice":"Bet on Owner","floor":19.0,"gold_loss":50.0,"damage_taken":0.0},{"damage_healed":0.0,"max_hp_gain":0.0,"max_hp_loss":0.0,"gold_gain":0.0,"event_name":"Lab","player_choice":"Got Potions","floor":22.0,"gold_loss":0.0,"damage_taken":0.0},{"damage_healed":0.0,"max_hp_gain":0.0,"max_hp_loss":0.0,"gold_gain":0.0,"event_name":"Drug Dealer","player_choice":"Inject Mutagens","floor":28.0,"gold_loss":0.0,"damage_taken":0.0,"relics_obtained":["MutagenicStrength"]},{"damage_healed":0.0,"max_hp_gain":0.0,"max_hp_loss":0.0,"gold_gain":0.0,"event_name":"The Woman in Blue","player_choice":"Bought 1 Potion","floor":36.0,"gold_loss":0.0,"damage_taken":0.0},{"cards_removed":["Perfected Strike"],"damage_healed":0.0,"max_hp_gain":0.0,"max_hp_loss":0.0,"gold_gain":0.0,"event_name":"Falling","player_choice":"Removed Attack","floor":46.0,"gold_loss":0.0,"damage_taken":0.0}],"is_beta":false,"boss_relics":[{"not_picked":["SacredBark","Mark of Pain"],"picked":"Coffee Dripper"},{"not_picked":["Tiny House","Black Blood"],"picked":"Velvet Choker"}],"items_purged_floors":[24,37,41,48],"is_endless":false,"potions_floor_spawned":[1,10,12,16,21,23,27,29,31,35,38,40,45,54],"ascension_level":8}}