{"host":"f6tqpspb2ou2a4h5","time":1607826946,"event":{"mods":["2.2 Compatiblity","Ascension Unlocker","BaseMod","Colored Map","DeckTracker","Hermit","Highlight Path","KOR Keyword Fix","Keyboard Shortcuts","Minty Spire (QoL Compilation)","Permanent Neow","Quick Restart","Random Character Button","StSLib","SuperFastMode","The Poker Player","everything is the same but u backflip on backflip"],"gold_per_floor":[111,36,53,65,83,83,97,117,185,145,175,175,192,192,192,192,192],"floor_reached":16,"playtime":467,"items_purged":["Strike_G"],"score":183,"play_id":"2daa4a41-ed98-440d-aec1-3e7553d3020c","local_time":"20201213113546","is_ascension_mode":true,"campfire_choices":[{"data":"Concentrate","floor":6.0,"key":"SMITH"},{"floor":15,"key":"REST"}],"circlet_count":0,"master_deck":["AscendersBane","Strike_G","Strike_G","Strike_G+1","Strike_G+1","Defend_G","Defend_G","Defend_G","Defend_G","Defend_G","Survivor","Neutralize","Concentrate+1","Dagger Spray","Riddle With Holes","Well Laid Plans","Blade Dance","Acrobatics","Dagger Throw"],"relics":["Ring of the Snake","Whetstone","Eternal Feather","Golden Idol"],"acts_visited":["Exordium"],"potions_floor_usage":[7,8],"damage_taken":[{"damage":0.0,"enemies":"2 Louse","floor":1.0,"turns":3.0},{"damage":0.0,"enemies":"Jaw Worm","floor":3.0,"turns":5.0},{"damage":0.0,"enemies":"Cultist","floor":4.0,"turns":3.0},{"damage":4.0,"enemies":"Looter","floor":5.0,"turns":3.0},{"damage":25,"enemies":"Large Slime","floor":7,"turns":8},{"damage":0,"enemies":"3 Louse","floor":8,"turns":1},{"damage":8,"enemies":"Looter","floor":10,"turns":4},{"damage":8,"enemies":"Exordium Wildlife","floor":13,"turns":4},{"damage":28,"enemies":"Slime Boss","floor":16,"turns":6}],"seed_played":"-7786918054186994949","potions_obtained":[{"floor":3.0,"key":"Weak Potion"},{"floor":4.0,"key":"Explosive Potion"},{"floor":5.0,"key":"Poison Potion"},{"floor":8,"key":"LiquidMemories"}],"is_trial":false,"path_per_floor":["M","$","M","M","M","R","M","M","T","M","?","?","M","?","R","B"],"character_chosen":"THE_SILENT","items_purchased":[],"campfire_rested":1,"item_purchase_floors":[],"current_hp_per_floor":[59,59,59,59,55,55,30,30,30,22,22,22,14,14,41,13,13],"gold":192,"neow_bonus":"RANDOM_COMMON_RELIC","is_daily":false,"chose_seed":false,"campfire_upgraded":1,"win_rate":0.0,"timestamp":1607826946,"path_taken":["M","$","M","M","M","R","M","M","T","M","?","?","?","?","R","BOSS"],"items_purchased_type":[],"build_version":"2020-11-30","purchased_purges":1,"victory":false,"max_hp_per_floor":[66,66,66,66,66,66,66,66,66,66,66,66,66,60,60,60,60],"card_choices":[{"not_picked":["Poisoned Stab","Underhanded Strike"],"picked":"Concentrate","floor":1.0},{"not_picked":["Dodge and Roll","PiercingWail"],"picked":"Dagger Spray","floor":3.0},{"not_picked":["Expertise","Skewer"],"picked":"Riddle With Holes","floor":4.0},{"not_picked":["Prepared","Masterful Stab"],"picked":"Well Laid Plans","floor":5.0},{"not_picked":["PiercingWail","Dagger Spray"],"picked":"Blade Dance","floor":7},{"not_picked":["Venomology","Bane"],"picked":"Acrobatics","floor":8},{"not_picked":["Flying Knee","Slice","Bane"],"picked":"SKIP","floor":10},{"not_picked":["Prepared","Caltrops"],"picked":"Dagger Throw","floor":13}],"player_experience":10085,"relics_obtained":[{"floor":9,"key":"Eternal Feather"}],"event_choices":[{"damage_healed":0,"gold_gain":30,"player_choice":"Searched \u00271\u0027 times","damage_taken":0,"max_hp_gain":0,"max_hp_loss":0,"event_name":"Dead Adventurer","floor":11,"gold_loss":0},{"damage_healed":0,"gold_gain":30,"player_choice":"Searched \u00271\u0027 times","damage_taken":0,"max_hp_gain":0,"max_hp_loss":0,"event_name":"Dead Adventurer","floor":11,"gold_loss":0},{"damage_healed":0,"gold_gain":0,"player_choice":"0 cards matched","damage_taken":0,"max_hp_gain":0,"max_hp_loss":0,"event_name":"Match and Keep!","floor":12,"gold_loss":0,"cards_obtained":[]},{"damage_healed":0,"gold_gain":0,"player_choice":"Lose Max HP","damage_taken":0,"relics_obtained":["Golden Idol"],"max_hp_gain":0,"max_hp_loss":6,"event_name":"Golden Idol","floor":14,"gold_loss":0}],"is_beta":false,"boss_relics":[],"items_purged_floors":[2],"is_endless":false,"potions_floor_spawned":[3,4,5,8],"killed_by":"Slime Boss","ascension_level":19}}