{"host":"rbccvrvdyhsypb23","time":1607844717,"event":{"mods":["AchievementEnabler","Act Like it!","Aspiration","BaseMod","Better Third Choice","BetterRewards","Downfall","Friendly Minions","Ironclad Rager","KomeijiMod","Minty Spire (QoL Compilation)","Replay The Spire","Shade Mod","StSLib","The Blackbeard","The Mystic","Wandering Minibosses","vexMod"],"gold_per_floor":[113,132,132,144,144,171,197,253,263,8,8,8],"floor_reached":11,"playtime":490,"items_purged":[],"score":98,"play_id":"b5b69565-221c-48dd-ada1-c8e364fa7028","local_time":"20201213103157","is_ascension_mode":false,"campfire_choices":[],"circlet_count":0,"master_deck":["champ:Strike","champ:Strike","champ:Strike","champ:Strike","champ:Defend","champ:Defend","champ:Defend","champ:Defend","champ:Execute","champ:Taunt","champ:BringItOn","champ:Lariat","CommonCold","PartStrengthen","Slimebound:Prepare"],"relics":["champ:ChampionCrown","ThirstyCross","PrismaticShard","Strawberry","Lantern","HornCleat","Matryoshka"],"acts_visited":["Exordium"],"potions_floor_usage":[11,11],"damage_taken":[{"damage":8,"enemies":"Jaw Worm","floor":1,"turns":3},{"damage":0,"enemies":"2 Louse","floor":2,"turns":2},{"damage":5,"enemies":"Small Slimes","floor":4,"turns":3},{"damage":17,"enemies":"Gremlin Nob","floor":6,"turns":5},{"damage":50,"enemies":"Red Slaver","floor":9,"turns":9},{"damage":5,"enemies":"downfall:FleeingMerchant","floor":10,"turns":4},{"damage":46,"enemies":"Lagavulin","floor":11,"turns":5}],"seed_played":"-8114478711664698900","potions_obtained":[{"floor":2,"key":"Explosive Potion"},{"floor":6,"key":"CalmPotion"},{"floor":9,"key":"champ:CounterPotion"}],"is_trial":false,"path_per_floor":["M","M","?","M","?","E","T","?","M","$","E"],"character_chosen":"THE_CHAMP","items_purchased":["Matryoshka"],"campfire_rested":0,"item_purchase_floors":[10],"current_hp_per_floor":[96,96,96,96,96,91,91,65,30,30,0,0],"gold":8,"neow_bonus":"TEN_PERCENT_HP_BONUS","is_daily":false,"chose_seed":false,"campfire_upgraded":0,"win_rate":0.0,"timestamp":1607844717,"path_taken":["M","M","?","M","?","E","T","?","M","$","E"],"items_purchased_type":["Relic"],"build_version":"2020-11-30","purchased_purges":0,"victory":false,"max_hp_per_floor":[99,99,99,99,99,106,106,106,106,106,106,106],"card_choices":[{"not_picked":["champ:GladiatorsShout","champ:CrookedStrike"],"picked":"champ:BringItOn","floor":1},{"not_picked":["champ:GutPunch","champ:Haymaker"],"picked":"champ:Lariat","floor":2},{"not_picked":["champ:GladiatorsShout","champ:DancingMaster","champ:EndlessRage"],"picked":"SKIP","floor":4},{"not_picked":["NightDance","blackbeard:Toast","Guardian:Planning"],"picked":"SKIP","floor":6},{"not_picked":["Deflect","SenyouGoraku+1"],"picked":"PartStrengthen","floor":8},{"not_picked":["Sweeping Beam","GroundStardust+1"],"picked":"Slimebound:Prepare","floor":9},{"not_picked":["blackbeard:Recklessness","mysticmod:TomeOfSpells","Force Field"],"picked":"SKIP","floor":10}],"player_experience":932721,"relics_obtained":[{"floor":6,"key":"Strawberry"},{"floor":7,"key":"Lantern"},{"floor":8,"key":"HornCleat"}],"event_choices":[],"is_beta":false,"boss_relics":[],"items_purged_floors":[],"is_endless":false,"potions_floor_spawned":[2,6,9],"killed_by":"Lagavulin","ascension_level":0}}