{"host":"1rcu5ixl4icqax5v","time":1607877093,"event":{"mods":["BaseMod","Bestiary","Block Reminder","Colored Map","DeckTracker","Highlight Path","Minty Spire (QoL Compilation)","Quick Restart","Relic Sorter","Relic Stats"],"gold_per_floor":[116,130,147,166,176,206,216,216,216,216,216,227,227,255,255,357,357,377,377,392,392,6,38,51,51,78,78,42,72,89,89,89],"floor_reached":31,"playtime":2012,"items_purged":["Strike_P"],"score":362,"play_id":"4c03e7c0-c196-4e15-a1e9-f275b0ead831","local_time":"20201213193133","is_ascension_mode":false,"campfire_choices":[{"data":"Establishment","floor":10.0,"key":"SMITH"},{"data":"BattleHymn","floor":11.0,"key":"SMITH"},{"data":"Tantrum","floor":13.0,"key":"SMITH"},{"data":"Judgement","floor":15.0,"key":"SMITH"}],"circlet_count":0,"master_deck":["Strike_P","Strike_P","Strike_P","Defend_P","Defend_P+1","Defend_P","Defend_P","Eruption","Vigilance","Tantrum+1","Halt","Protect","FollowUp","EmptyMind","BattleHymn+1","Establishment+1","Judgement+1","PanicButton","LikeWater","ThirdEye","Vault+1","DeceiveReality+1","SandsOfTime","TalkToTheHand","Swivel","ClearTheMind","DeusExMachina","EmptyMind+1","Halt","Decay","Meditate"],"relics":["PureWater","Ginger","WingedGreaves","CaptainsWheel","Prayer Wheel","Philosopher\u0027s Stone","HornCleat","InkBottle","Pocketwatch","Dream Catcher","War Paint"],"acts_visited":["Exordium","TheCity"],"potions_floor_usage":[31],"damage_taken":[{"damage":0.0,"enemies":"2 Louse","floor":1.0,"turns":2.0},{"damage":0.0,"enemies":"Cultist","floor":2.0,"turns":2.0},{"damage":0.0,"enemies":"Jaw Worm","floor":3.0,"turns":1.0},{"damage":3.0,"enemies":"Red Slaver","floor":4.0,"turns":4.0},{"damage":4.0,"enemies":"Lots of Slimes","floor":5.0,"turns":4.0},{"damage":22.0,"enemies":"3 Sentries","floor":6.0,"turns":7.0},{"damage":8.0,"enemies":"2 Fungi Beasts","floor":7.0,"turns":3.0},{"damage":0.0,"enemies":"Red Slaver","floor":12.0,"turns":3.0},{"damage":0.0,"enemies":"Gremlin Nob","floor":14.0,"turns":2.0},{"damage":0.0,"enemies":"The Guardian","floor":16.0,"turns":9.0},{"damage":16.0,"enemies":"3 Byrds","floor":18.0,"turns":2.0},{"damage":14.0,"enemies":"Shell Parasite","floor":20.0,"turns":3.0},{"damage":25.0,"enemies":"Slavers","floor":23.0,"turns":6.0},{"damage":0.0,"enemies":"3 Cultists","floor":24.0,"turns":4.0},{"damage":26,"enemies":"Gremlin Leader","floor":29,"turns":5},{"damage":0,"enemies":"Snecko","floor":30,"turns":4},{"damage":3,"enemies":"Centurion and Healer","floor":31,"turns":1}],"seed_played":"-5147976071740576282","potions_obtained":[{"floor":1.0,"key":"BlessingOfTheForge"},{"floor":6.0,"key":"EntropicBrew"},{"floor":7.0,"key":"Explosive Potion"},{"floor":16.0,"key":"EssenceOfSteel"},{"floor":18.0,"key":"AttackPotion"},{"floor":23.0,"key":"SpeedPotion"}],"is_trial":false,"path_per_floor":["M","M","M","M","M","E","M","?","T","R","R","M","R","E","R","B",null,"M","T","M","?","$","E","M","$","T","?","$","E","M","M"],"character_chosen":"WATCHER","items_purchased":["CaptainsWheel","ClearTheMind","Meditate"],"campfire_rested":0,"item_purchase_floors":[22,22,28],"current_hp_per_floor":[79,79,79,76,72,55,47,47,47,47,47,47,47,47,47,47,84,68,68,54,54,54,29,29,29,29,29,29,3,3,0,0],"gold":89,"neow_bonus":"TEN_PERCENT_HP_BONUS","is_daily":false,"chose_seed":false,"campfire_upgraded":4,"win_rate":0.0,"timestamp":1607877093,"path_taken":["M","M","M","M","M","E","M","?","T","R","R","M","R","E","R","BOSS","M","?","M","?","$","E","?","?","T","?","$","E","M","M"],"items_purchased_type":["Relic","Card","Card"],"build_version":"2020-11-30","purchased_purges":1,"victory":false,"max_hp_per_floor":[79,79,79,79,79,84,84,84,84,84,84,84,84,84,84,84,84,84,84,84,84,84,84,84,84,84,84,84,84,84,84,84],"relic_stats":{"Dream Catcher":0,"counters":[17,62],"Prayer Wheel":4,"Ginger":[2],"War Paint":["Defend_P","Vault"],"obtain_stats":[{"CaptainsWheel":22,"Dream Catcher":26,"HornCleat":19,"Prayer Wheel":14,"Philosopher\u0027s Stone":17,"WingedGreaves":9,"Ginger":6,"PureWater":0,"War Paint":29,"InkBottle":21,"Pocketwatch":23},{"CaptainsWheel":12,"Dream Catcher":14,"HornCleat":11,"Prayer Wheel":9,"Philosopher\u0027s Stone":10,"WingedGreaves":7,"Ginger":6,"PureWater":0,"War Paint":15,"InkBottle":12,"Pocketwatch":13},{"CaptainsWheel":42,"Dream Catcher":52,"HornCleat":39,"Prayer Wheel":28,"Philosopher\u0027s Stone":37,"WingedGreaves":23,"Ginger":20,"PureWater":0,"War Paint":57,"InkBottle":42,"Pocketwatch":48}],"InkBottle":[8],"Pocketwatch":[2]},"card_choices":[{"not_picked":["Evaluate","CutThroughFate"],"picked":"Tantrum","floor":1.0},{"not_picked":["FearNoEvil","EmptyBody"],"picked":"Halt","floor":2.0},{"not_picked":["Indignation","EmptyFist"],"picked":"Protect","floor":3.0},{"not_picked":["Crescendo","FlyingSleeves"],"picked":"FollowUp","floor":4.0},{"not_picked":["Protect","JustLucky"],"picked":"EmptyMind","floor":5.0},{"not_picked":["Crescendo","FlurryOfBlows"],"picked":"BattleHymn","floor":6.0},{"not_picked":["ReachHeaven","Consecrate"],"picked":"Establishment","floor":7.0},{"not_picked":["SashWhip","Evaluate"],"picked":"LikeWater","floor":12.0},{"not_picked":["Establishment","JustLucky"],"picked":"ThirdEye","floor":14.0},{"not_picked":["DevaForm","Judgement"],"picked":"Vault","floor":16.0},{"not_picked":["Indignation","PathToVictory+1"],"picked":"DeceiveReality+1","floor":18.0},{"not_picked":["CutThroughFate","Vengeance+1"],"picked":"SandsOfTime","floor":18.0},{"not_picked":["JustLucky","Crescendo"],"picked":"TalkToTheHand","floor":20.0},{"not_picked":["Consecrate","PathToVictory"],"picked":"Swivel","floor":20.0},{"not_picked":["CrushJoints","Halt"],"picked":"DeusExMachina","floor":23.0},{"not_picked":["Crescendo","Protect"],"picked":"EmptyMind+1","floor":24.0},{"not_picked":["Swivel","SandsOfTime"],"picked":"Halt","floor":24.0},{"not_picked":["FollowUp","ThirdEye","BowlingBash"],"picked":"SKIP","floor":29},{"not_picked":["Halt","Worship","CarveReality"],"picked":"SKIP","floor":30},{"not_picked":["JustLucky","EmptyMind+1","CrushJoints"],"picked":"SKIP","floor":30}],"player_experience":596878,"relics_obtained":[{"floor":6.0,"key":"Ginger"},{"floor":9.0,"key":"WingedGreaves"},{"floor":14.0,"key":"Prayer Wheel"},{"floor":19.0,"key":"HornCleat"},{"floor":23.0,"key":"Pocketwatch"},{"floor":26.0,"key":"Dream Catcher"},{"floor":29,"key":"War Paint"}],"event_choices":[{"damage_healed":0.0,"max_hp_gain":0.0,"max_hp_loss":0.0,"gold_gain":0.0,"event_name":"Match and Keep!","player_choice":"2 cards matched","floor":8.0,"gold_loss":0.0,"damage_taken":0.0,"cards_obtained":["Judgement","PanicButton"]},{"damage_healed":0.0,"max_hp_gain":0.0,"max_hp_loss":0.0,"gold_gain":0.0,"event_name":"WeMeetAgain","player_choice":"Gave Potion","floor":21.0,"gold_loss":0.0,"damage_taken":0.0,"relics_obtained":["InkBottle"]},{"damage_healed":0.0,"max_hp_gain":0.0,"max_hp_loss":0.0,"gold_gain":0.0,"event_name":"Forgotten Altar","player_choice":"Smashed Altar","floor":27.0,"gold_loss":0.0,"damage_taken":0.0,"cards_obtained":["Decay"]}],"is_beta":false,"boss_relics":[{"not_picked":["Astrolabe","SlaversCollar"],"picked":"Philosopher\u0027s Stone"}],"items_purged_floors":[22],"is_endless":false,"potions_floor_spawned":[1,6,7,16,18,23],"killed_by":"Centurion and Healer","ascension_level":0}}