{"host":"ev0u5pyx0moiq7pp","time":1607897415,"event":{"mods":["Act Like it!","BaseMod","CapriCore","Challenge The Spire","Colored Map","Colored Powertips","Custom Start","DeckTracker","Elementarium","Energized Spire","Hubris","Koishi","Minty Spire (QoL Compilation)","Quick Restart","Random Character Button","Shop Mod","StSLib","Synergy Search","The Bladedancer","The Bug Knight","The Hierophant","The Immortal","The Necromancer","The Runesmith"],"gold_per_floor":[865,565,599,626,656,668,680,129,171,214,251,251,251,251,290,327,367,367,367],"floor_reached":18,"playtime":1876,"items_purged":[],"score":280,"play_id":"7c07026e-21d6-44f1-be12-c05013ba38f6","local_time":"20201213231015","daily_mods":["challengethespire:Bronze Difficulty","challengethespire:Modded Elite Rush","Uncertain Future"],"is_ascension_mode":false,"campfire_choices":[{"floor":7,"key":"REST"},{"floor":13,"key":"REST"},{"floor":14,"key":"REST"}],"circlet_count":0,"master_deck":["Strike_G","Strike_G","Strike_G","Strike_G","Strike_G","Defend_G","Defend_G+1","Defend_G","Defend_G","Defend_G","Survivor","Neutralize","Predator","Dagger Spray","Outmaneuver","Corpse Explosion","Bouncing Flask","hubris:DuctTapeCard+2","Bouncing Flask","Noxious Fumes","Catalyst","Blur","Terror","Dodge and Roll"],"relics":["Ring of the Snake","Black Star","Sling","PreservedInsect","Strawberry","Mercury Hourglass","Snake Skull","Ice Cream","Centennial Puzzle","Dead Branch","MawBank","Philosopher\u0027s Stone","Pear","hubris:DuctTape","CeramicFish","Mummified Hand","hubris:PeanutButter","War Paint","hubris:ToyBattleship","Potion Belt","Bottled Flame","Tough Bandages","White Beast Statue","Omamori","Runesmith:AutoHammer"],"acts_visited":["Exordium"],"potions_floor_usage":[2,15,16],"damage_taken":[{"damage":5,"enemies":"3 Sentries","floor":3,"turns":3},{"damage":19,"enemies":"HollowMod:MossKnight","floor":4,"turns":11},{"damage":10,"enemies":"Lagavulin","floor":5,"turns":4},{"damage":20,"enemies":"HollowMod:Nosk","floor":9,"turns":5},{"damage":19,"enemies":"Book of Stabbing","floor":10,"turns":4},{"damage":13,"enemies":"Gremlin Leader","floor":11,"turns":5},{"damage":30,"enemies":"Giant Head","floor":15,"turns":6},{"damage":26,"enemies":"HollowMod:StalkingDevout","floor":16,"turns":6},{"damage":15,"enemies":"Reptomancer","floor":17,"turns":7},{"damage":14,"enemies":"Shield and Spear","floor":18,"turns":2}],"seed_played":"-5831259038047975320","potions_obtained":[{"floor":3,"key":"DistilledChaos"},{"floor":4,"key":"ColorlessPotion"},{"floor":16,"key":"FearPotion"},{"floor":17,"key":"SpeedPotion"}],"is_trial":true,"path_per_floor":["$","$","E","E","E","T","R","$","E","E","E","T","R","R","E","E","E","E"],"character_chosen":"THE_SILENT","items_purchased":["PiercingWail","Predator","Dagger Spray","Fruit Juice","Strawberry","Bouncing Flask","Pear","hubris:DuctTape"],"campfire_rested":3,"item_purchase_floors":[1,1,2,2,2,8,8,8],"current_hp_per_floor":[70,82,77,58,48,48,72,82,62,43,30,30,57,84,54,28,13,0,0],"gold":367,"neow_bonus":"","is_daily":false,"chose_seed":false,"campfire_upgraded":0,"win_rate":0.0,"timestamp":1607897415,"path_taken":["$","$","E","E","E","T","R","$","E","E","E","T","R","R","E","E","E","E"],"items_purchased_type":["Card","Card","Card","Potion","Relic","Card","Relic","Relic"],"build_version":"2020-11-30","purchased_purges":0,"victory":false,"max_hp_per_floor":[70,82,82,82,82,82,82,92,92,92,92,92,92,92,92,92,92,92,92],"card_choices":[],"player_experience":564776,"relics_obtained":[{"floor":3,"key":"Mercury Hourglass"},{"floor":3,"key":"Snake Skull"},{"floor":4,"key":"Ice Cream"},{"floor":4,"key":"Centennial Puzzle"},{"floor":5,"key":"Dead Branch"},{"floor":5,"key":"MawBank"},{"floor":9,"key":"CeramicFish"},{"floor":9,"key":"Mummified Hand"},{"floor":10,"key":"hubris:PeanutButter"},{"floor":11,"key":"War Paint"},{"floor":11,"key":"hubris:ToyBattleship"},{"floor":15,"key":"Potion Belt"},{"floor":15,"key":"Bottled Flame"},{"floor":16,"key":"Tough Bandages"},{"floor":16,"key":"White Beast Statue"},{"floor":17,"key":"Omamori"},{"floor":17,"key":"Runesmith:AutoHammer"}],"event_choices":[],"is_beta":false,"boss_relics":[{"not_picked":["energizedSpire:RedRose","Fusion Hammer"],"picked":"Philosopher\u0027s Stone"}],"items_purged_floors":[],"is_endless":false,"potions_floor_spawned":[3,4,16,17],"killed_by":"Shield and Spear","ascension_level":0}}