{"host":"11728qvdvolffudn","time":1607881649,"event":{"mods":["BaseMod","Block Reminder","Colored Powertips","Custom Start","Displayed Cursed Tome","Highlight Path","Minty Spire (QoL Compilation)","Permanent Neow","Quick Restart","Rare Cards Sparkle","Relic Stats"],"gold_per_floor":[112,112,128,128,142,167,167,192,215,58,73,73,73,92,92,189,189,205,130,148,148,161,194,244,244,268,281,281,124,124,143,143,143,143],"floor_reached":33,"playtime":961,"items_purged":[],"score":275,"play_id":"37778c32-ede0-44fe-9f4b-9964c301dd09","local_time":"20201213174729","is_ascension_mode":false,"campfire_choices":[{"data":"Flex","floor":12,"key":"SMITH"},{"data":"Bash","floor":15,"key":"SMITH"},{"data":"Flex","floor":25,"key":"SMITH"},{"data":"Flex","floor":28,"key":"SMITH"},{"floor":32,"key":"REST"}],"circlet_count":0,"master_deck":["Strike_R","Strike_R+1","Strike_R","Defend_R","Defend_R","Defend_R+1","Defend_R","Bash+1","Immolate+1","Flex+1","Flex+1","Flex+1","Dropkick"],"relics":["Burning Blood","Vajra","Art of War","Bronze Scales","Red Skull","Brimstone","SlaversCollar","Self Forming Clay","Tiny Chest","Anchor"],"acts_visited":["Exordium","TheCity"],"potions_floor_usage":[20,20,23,33,33],"damage_taken":[{"damage":1,"enemies":"Cultist","floor":1,"turns":3},{"damage":3,"enemies":"2 Louse","floor":3,"turns":2},{"damage":0,"enemies":"Small Slimes","floor":5,"turns":3},{"damage":14,"enemies":"3 Sentries","floor":6,"turns":4},{"damage":10,"enemies":"Gremlin Nob","floor":8,"turns":3},{"damage":0,"enemies":"Blue Slaver","floor":11,"turns":2},{"damage":0,"enemies":"3 Louse","floor":14,"turns":2},{"damage":2,"enemies":"Slime Boss","floor":16,"turns":5},{"damage":12,"enemies":"Spheric Guardian","floor":18,"turns":3},{"damage":4,"enemies":"3 Byrds","floor":20,"turns":3},{"damage":7,"enemies":"Sentry and Sphere","floor":22,"turns":3},{"damage":29,"enemies":"Book of Stabbing","floor":23,"turns":3},{"damage":9,"enemies":"Snecko","floor":27,"turns":4},{"damage":30,"enemies":"Centurion and Healer","floor":31,"turns":4},{"damage":53,"enemies":"Champ","floor":33,"turns":7}],"seed_played":"-2641499545183337592","potions_obtained":[{"floor":1,"key":"FearPotion"},{"floor":5,"key":"Swift Potion"},{"floor":6,"key":"Block Potion"},{"floor":14,"key":"HeartOfIron"},{"floor":20,"key":"Dexterity Potion"},{"floor":22,"key":"Energy Potion"},{"floor":23,"key":"GamblersBrew"}],"is_trial":false,"path_per_floor":["M","?","M","?","M","E","?","E","T","$","M","R","$","M","R","B",null,"M","?","M","?","M","E","?","R","T","M","R","$","$","M","R","B"],"character_chosen":"IRONCLAD","items_purchased":["Brimstone","Anchor"],"campfire_rested":1,"item_purchase_floors":[10,29],"current_hp_per_floor":[80,64,67,67,73,65,65,61,61,61,67,67,67,73,73,77,80,74,74,76,76,75,52,52,52,52,49,49,49,49,25,49,0,0],"gold":143,"neow_bonus":"TRANSFORM_CARD","is_daily":false,"chose_seed":false,"campfire_upgraded":4,"win_rate":0.0,"timestamp":1607881649,"path_taken":["M","?","M","?","M","E","?","E","T","$","?","R","$","M","R","BOSS","M","?","M","?","M","E","?","R","T","?","R","?","$","M","R","BOSS"],"items_purchased_type":["Relic","Relic"],"build_version":"2020-11-30","purchased_purges":0,"victory":false,"max_hp_per_floor":[80,80,80,80,80,80,80,80,80,80,80,80,80,80,80,80,80,80,80,80,80,80,80,80,80,80,80,80,80,80,80,80,80,80],"relic_stats":{"counters":[15,51],"Self Forming Clay":[18],"Bronze Scales":[66],"Tiny Chest":0,"Art of War":[2],"obtain_stats":[{"SlaversCollar":17,"Anchor":29,"Brimstone":10,"Self Forming Clay":23,"Bronze Scales":8,"Vajra":6,"Tiny Chest":26,"Art of War":7,"Burning Blood":0,"Red Skull":9},{"SlaversCollar":8,"Anchor":13,"Brimstone":5,"Self Forming Clay":12,"Bronze Scales":5,"Vajra":4,"Tiny Chest":12,"Art of War":4,"Burning Blood":0,"Red Skull":5},{"SlaversCollar":24,"Anchor":40,"Brimstone":15,"Self Forming Clay":36,"Bronze Scales":15,"Vajra":12,"Tiny Chest":36,"Art of War":12,"Burning Blood":0,"Red Skull":15}],"Burning Blood":79},"card_choices":[{"not_picked":["Dropkick","Pommel Strike"],"picked":"Flex","floor":1},{"not_picked":["Dark Embrace","Feel No Pain","Clothesline"],"picked":"SKIP","floor":3},{"not_picked":["Entrench","Armaments"],"picked":"Flex","floor":5},{"not_picked":["Flame Barrier","Shockwave"],"picked":"Flex","floor":6},{"not_picked":["Dark Embrace","Rage","Iron Wave"],"picked":"SKIP","floor":8},{"not_picked":["Havoc","Flex","Anger"],"picked":"SKIP","floor":11},{"not_picked":["Uppercut","Perfected Strike","Heavy Blade"],"picked":"SKIP","floor":14},{"not_picked":["Perfected Strike","Armaments","Fire Breathing+1"],"picked":"SKIP","floor":18},{"not_picked":["Anger+1","Flame Barrier","Twin Strike"],"picked":"SKIP","floor":20},{"not_picked":["Heavy Blade","Carnage+1","Second Wind+1"],"picked":"SKIP","floor":22},{"not_picked":["Rage","Sentinel","Shockwave"],"picked":"SKIP","floor":23},{"not_picked":["Heavy Blade","Rampage","Searing Blow"],"picked":"SKIP","floor":27},{"not_picked":["Seeing Red","Havoc","Fire Breathing"],"picked":"SKIP","floor":31}],"player_experience":122498,"relics_obtained":[{"floor":6,"key":"Vajra"},{"floor":8,"key":"Bronze Scales"},{"floor":9,"key":"Red Skull"},{"floor":23,"key":"Self Forming Clay"},{"floor":26,"key":"Tiny Chest"}],"event_choices":[{"damage_healed":0,"gold_gain":0,"player_choice":"Entered Light","damage_taken":16,"max_hp_gain":0,"max_hp_loss":0,"event_name":"Shining Light","floor":2,"gold_loss":0,"cards_upgraded":["Defend_R","Strike_R"]},{"damage_healed":0,"gold_gain":0,"player_choice":"Grow","damage_taken":0,"max_hp_gain":0,"max_hp_loss":0,"event_name":"Living Wall","floor":4,"gold_loss":0,"cards_upgraded":["Immolate"]},{"damage_healed":0,"gold_gain":0,"player_choice":"Gave Potion","damage_taken":0,"relics_obtained":["Art of War"],"max_hp_gain":0,"max_hp_loss":0,"event_name":"WeMeetAgain","floor":7,"gold_loss":0},{"cards_removed":["Strike_R"],"damage_healed":0,"gold_gain":0,"player_choice":"Gave Gold","damage_taken":0,"max_hp_gain":0,"max_hp_loss":0,"event_name":"Beggar","floor":19,"gold_loss":75},{"damage_healed":0,"gold_gain":0,"player_choice":"Read","damage_taken":0,"max_hp_gain":0,"max_hp_loss":0,"event_name":"The Library","floor":21,"gold_loss":0,"cards_obtained":["Dropkick"]},{"damage_healed":0,"gold_gain":100,"player_choice":"Bet on Murderer","damage_taken":0,"max_hp_gain":0,"max_hp_loss":0,"event_name":"The Joust","floor":24,"gold_loss":50}],"is_beta":false,"boss_relics":[{"not_picked":["Tiny House","Runic Pyramid"],"picked":"SlaversCollar"}],"items_purged_floors":[],"is_endless":false,"potions_floor_spawned":[1,5,6,14,20,22,23],"killed_by":"Champ","ascension_level":0}}