{"host":"Ruben","time":1607882277,"event":{"mods":["AchievementEnabler","Aspiration","Bard","BaseMod","Beaked The Cultist","Better Altar","Better Match","Better Note","Better Sensory Stone","Better Skull","Better Third Choice","BetterRewards","CCEM","Clawfect","Colored Map","Conspire","Downfall","GifTheSpireLib","Googly Eyes","Halation","Hermit","Highlight Path","Hubris","Hunter ??","Infinite Spire","Jedi Mod","Jorbs\u0027s Wanderer Trilogy","Mad Scientist","Marisa????????","Mimic Mod","Minty Spire (QoL Compilation)","Permanent Neow","Replay The Spire","Shade Mod","Shop Mod","Spicy Shops","StSLib","Stuff the Spire","The Administrix","The Blackbeard","The Bug Knight","The Construct","The Cursed","The Disciple","The Gatherer","The Hierophant","The IronCluck","The Jungle","The Mystic","The Necromancer","The Problem Sleuth","The Runesmith","The Servant 0.9.4","The Spell Scribe","The Witch","Unceasing Turn Reminder","[IsaacMod]????","everything is the same but u backflip on backflip","slay the spire mod where everything is the same but ironclad has a cowboy hat"],"gold_per_floor":[118,118,52,64,84,118,118,146,146,13,13,41,54,71,71,173,173,207,207,22,22,38,67,93,93,118,118,118,165,206,255,255,364,364,423,459,466,466],"floor_reached":37,"playtime":3675,"items_purged":["Regret"],"score":1108,"play_id":"8f49bc6f-ed2b-4022-bd7e-9262636ffe4e","local_time":"20201213185757","is_ascension_mode":true,"campfire_choices":[{"data":"ReplayTheSpireMod:Muscle Training","floor":7,"key":"SMITH"},{"floor":11,"key":"REST"},{"data":"Anger","floor":11,"key":"SMITH"},{"floor":15,"key":"REST"},{"data":"conspire:Purge","floor":15,"key":"SMITH"},{"floor":25,"key":"REST"},{"data":"hubris:DuctTapeCard","floor":25,"key":"SMITH"},{"floor":28,"key":"REST"},{"data":"Rupture","floor":28,"key":"SMITH"},{"floor":32,"key":"REST"},{"data":"Searing Blow+1","floor":32,"key":"SMITH"}],"circlet_count":0,"master_deck":["Strike_R+1","Strike_R","Strike_R","Strike_R+1","Strike_R","Bash","Rupture+1","Perfected Strike","Anger+1","ReplayTheSpireMod:Muscle Training+1","Cleave","conspire:Purge+1","Replay:Undeath\u0027s Touch","Intimidate+1","Perfected Strike","Ghostly Armor+1","Double Tap+1","Entrench+1","Flex+1","hubris:DuctTapeCard+2","Sword Boomerang+1","Sword Boomerang","Anger","Searing Blow+2","Impervious+1","Demon Form","Body Slam","Heavy Blade+1"],"relics":["Burning Blood","HushsDoor","Happy Flower","SteamSale","infinitespire:Golems Mask","Blue Doll","infinitespire:Magic Flask","StuffTheSpire:Expresso","OrangePellets","jedi:cryingmask","Toxic Egg 2","ChampionBelt","hubris:Reverence","AnarchistCookbook","theJungle:Creamberry","hubris:DuctTape","HowToJump","Simple Rune","SalivaCoin","DoctorsRemote","conspire:DecoderRing","SharpPlug","Replay:Grab Bag","Cursed Key","Velvet Choker","Eternal Feather"],"acts_visited":["Exordium","Exordium","TheBeyond"],"potions_floor_usage":[24,24,35,36],"damage_taken":[{"damage":13,"enemies":"2 Louse","floor":1,"turns":3},{"damage":0,"enemies":"Small Slimes","floor":4,"turns":2},{"damage":6,"enemies":"Jaw Worm","floor":5,"turns":2},{"damage":23,"enemies":"3 Sentries","floor":6,"turns":8},{"damage":22,"enemies":"Lagavulin","floor":8,"turns":6},{"damage":23,"enemies":"3 Sentries","floor":12,"turns":4},{"damage":0,"enemies":"Red Slaver","floor":13,"turns":1},{"damage":6,"enemies":"Exordium Thugs","floor":14,"turns":3},{"damage":14,"enemies":"Slime Boss","floor":16,"turns":7},{"damage":22,"enemies":"theJungle:MamaSnecko","floor":18,"turns":4},{"damage":41,"enemies":"theJungle:Flameango_and_Byrd","floor":22,"turns":4},{"damage":18,"enemies":"theJungle:Cassacara","floor":23,"turns":5},{"damage":13,"enemies":"theJungle:MamaSnecko","floor":24,"turns":4},{"damage":11,"enemies":"theJungle:2_Phrogs","floor":29,"turns":5},{"damage":9,"enemies":"theJungle:Cassacara","floor":30,"turns":4},{"damage":11,"enemies":"theJungle:2_Phrogs","floor":31,"turns":5},{"damage":49,"enemies":"theJungle:FunGuy","floor":33,"turns":6},{"damage":38,"enemies":"Reptomancer","floor":35,"turns":5},{"damage":21,"enemies":"3 Shapes","floor":36,"turns":3},{"damage":40,"enemies":"Giant Head","floor":37,"turns":4}],"seed_played":"886870289774280242","potions_obtained":[{"floor":6,"key":"EssenceOfSteel"},{"floor":8,"key":"SteroidPotion"},{"floor":14,"key":"hexamod:EctoCoolerPotion"},{"floor":29,"key":"BlessingOfTheForge"},{"floor":30,"key":"Energy Potion"},{"floor":35,"key":"SteroidPotion"}],"is_trial":false,"path_per_floor":["M","?","$","M","M","E","R","E","T","$","R","E","M","M","R","B",null,"M","T","?","AVR","M","E","M","R","T","?","R","M","M","M","R","B",null,"M","M","M"],"character_chosen":"IRONCLAD","items_purchased":["Perfected Strike","OrangePellets","jedi:cryingmask","Replay:Undeath\u0027s Touch","Demon Form"],"campfire_rested":5,"item_purchase_floors":[3,10,10,10,34],"current_hp_per_floor":[73,73,73,79,79,62,62,46,46,46,70,53,59,59,80,72,78,62,62,62,62,27,15,8,32,32,17,41,36,33,28,52,9,59,27,12,0,0],"gold":466,"neow_bonus":"RANDOM_COMMON_RELIC","is_daily":false,"chose_seed":false,"campfire_upgraded":6,"win_rate":0.0,"timestamp":1607882277,"path_taken":["M","?","?","?","M","E","R","E","T","$","R","E","M","?","R","BOSS","M","?","?","AVR","?","E","?","R","T","?","R","M","M","M","R","BOSS","M","M","M"],"items_purchased_type":["Card","Relic","Relic","Card","Card"],"build_version":"2020-12-07","purchased_purges":1,"victory":false,"max_hp_per_floor":[80,80,80,80,80,80,80,80,80,80,80,80,80,80,80,80,80,80,80,80,80,80,80,80,80,80,80,80,80,80,80,80,80,76,76,76,76,76],"card_choices":[{"not_picked":["infinitespire:OneForAll","Perfected Strike"],"picked":"Rupture","floor":1},{"not_picked":["Defy Death","StuffTheSpire:Incineration"],"picked":"Anger","floor":4},{"not_picked":["Life Link","Clothesline"],"picked":"ReplayTheSpireMod:Muscle Training","floor":5},{"not_picked":["Second Wind","StuffTheSpire:RagingBull"],"picked":"Cleave","floor":6},{"not_picked":["Heavy Blade","Rage"],"picked":"conspire:Purge","floor":8},{"not_picked":["Flame Barrier+1","hubris:CleavingFinish"],"picked":"Intimidate+1","floor":12},{"not_picked":["Blood for Blood","Defy Death+1"],"picked":"Perfected Strike","floor":13},{"not_picked":["Life Link","Disarm+1"],"picked":"Ghostly Armor+1","floor":14},{"not_picked":["Exhume+1","StuffTheSpire:TitanForm"],"picked":"Double Tap+1","floor":16},{"not_picked":["StuffTheSpire:Incineration+1","conspire:ExplosiveBarrier+1"],"picked":"ReplayTheSpireMod:Strike From Hell","floor":18},{"not_picked":["Anger","Dropkick+1"],"picked":"Entrench+1","floor":22},{"not_picked":["Dark Embrace+1","Iron Wave"],"picked":"Flex+1","floor":23},{"not_picked":["Ghostly Armor+1","Immolate+1"],"picked":"Sword Boomerang+1","floor":24},{"not_picked":["Wild Strike","Dark Embrace+1"],"picked":"Sword Boomerang","floor":29},{"not_picked":["StuffTheSpire:RockThrow","Clash"],"picked":"Anger","floor":30},{"not_picked":["jedi:suffering+1","Entrench+1"],"picked":"Searing Blow+1","floor":31},{"not_picked":["conspire:Purge+1","hubris:StunningStrike+1"],"picked":"Impervious+1","floor":33},{"not_picked":["Armaments+1","Heavy Blade"],"picked":"Body Slam","floor":35},{"not_picked":["Wild Strike","StuffTheSpire:Slingshot"],"picked":"Heavy Blade+1","floor":36}],"player_experience":237982,"relics_obtained":[{"floor":6,"key":"Blue Doll"},{"floor":8,"key":"infinitespire:Magic Flask"},{"floor":9,"key":"StuffTheSpire:Expresso"},{"floor":12,"key":"Toxic Egg 2"},{"floor":18,"key":"hubris:Reverence"},{"floor":19,"key":"AnarchistCookbook"},{"floor":23,"key":"hubris:DuctTape"},{"floor":24,"key":"HowToJump"},{"floor":26,"key":"Simple Rune"},{"floor":29,"key":"DoctorsRemote"},{"floor":30,"key":"conspire:DecoderRing"},{"floor":31,"key":"SharpPlug"},{"floor":35,"key":"Eternal Feather"}],"event_choices":[{"damage_healed":0,"gold_gain":0,"player_choice":"Box","damage_taken":0,"relics_obtained":["infinitespire:Golems Mask"],"max_hp_gain":0,"max_hp_loss":0,"event_name":"Big Fish","floor":2,"gold_loss":0,"cards_obtained":["Regret"]}],"is_beta":true,"boss_relics":[{"not_picked":["conspire:RunicOctahedron","CCEMRelics:GreenEgg"],"picked":"ChampionBelt"},{"not_picked":[]},{"not_picked":["StuffTheSpire:Kangaroo","Astrolabe"],"picked":"Replay:Grab Bag"},{"not_picked":["halation:CatFaceCupcake","Ooze Armor"],"picked":"Cursed Key"},{"not_picked":["jedi:battlestandard","Fusion Hammer"],"picked":"Velvet Choker"},{"not_picked":[]}],"items_purged_floors":[3],"is_endless":false,"potions_floor_spawned":[6,8,14,18,29,30,33,35],"killed_by":"Giant Head","ascension_level":20}}