{"host":"kntpungskobv1jqb","time":1607869613,"event":{"mods":["BaseMod","Minty Spire (QoL Compilation)","Replay The Spire","StSLib","SuperFastMode"],"gold_per_floor":[111,286,62,72,72,72,91,91,91,102,133,147,147,0,0,75,75,89,101,101,120,35,35,45,45,45,45,56,56,56,56,56],"floor_reached":31,"playtime":789,"items_purged":["Doubt","Strike_R"],"score":425,"play_id":"7dccaabd-4682-45d2-ac8e-e12cfc980e11","local_time":"20201213222653","is_ascension_mode":true,"campfire_choices":[{"data":"The Bomb","floor":6,"key":"SMITH"},{"data":"Shrug It Off","floor":8,"key":"SMITH"},{"data":"Shrug It Off","floor":13,"key":"SMITH"},{"data":"Shrug It Off","floor":15,"key":"SMITH"},{"floor":23,"key":"REST"},{"floor":29,"key":"REST"}],"circlet_count":0,"master_deck":["AscendersBane","Strike_R","Strike_R","Strike_R","Strike_R","Defend_R","Defend_R","Defend_R","Defend_R","Bash","The Bomb+1","Shrug It Off+1","Shrug It Off+1","Reaper+1","Cleave+1","Shrug It Off+1","Shrug It Off","Brutality","Seeing Red","Impervious","Armaments","Burning Pact"],"relics":["Burning Blood","ReplayTheSpireMod:TigerMarble","Molten Egg 2","Bag of Marbles","Runic Cube","Pear","Pondfish Scales","Matryoshka"],"acts_visited":["Exordium","TheCity"],"potions_floor_usage":[16,16],"damage_taken":[{"damage":9,"enemies":"2 Louse","floor":1,"turns":3},{"damage":7,"enemies":"Jaw Worm","floor":4,"turns":2},{"damage":0,"enemies":"Cultist","floor":7,"turns":3},{"damage":8,"enemies":"Blue Slaver","floor":10,"turns":5},{"damage":21,"enemies":"Lagavulin","floor":11,"turns":7},{"damage":6,"enemies":"Red Slaver","floor":12,"turns":3},{"damage":29,"enemies":"The Guardian","floor":16,"turns":11},{"damage":39,"enemies":"Spheric Guardian","floor":18,"turns":7},{"damage":17,"enemies":"2 Thieves","floor":19,"turns":4},{"damage":18,"enemies":"3 Cultists","floor":21,"turns":4},{"damage":23,"enemies":"Chosen and Byrds","floor":24,"turns":7},{"damage":30,"enemies":"Centurion and Healer","floor":28,"turns":6},{"damage":20,"enemies":"Colosseum Slavers","floor":30,"turns":6},{"damage":37,"enemies":"Snake Plant","floor":31,"turns":6}],"seed_played":"-573995138406343420","potions_obtained":[{"floor":1,"key":"ElixirPotion"},{"floor":4,"key":"Energy Potion"},{"floor":11,"key":"Languid Potion"},{"floor":18,"key":"GamblersBrew"}],"is_trial":false,"path_per_floor":["M","?","$","M","$","R","M","R","T","M","E","M","R","$","R","B",null,"M","M","?","M","?","R","M","?","T","$","M","R","?","M"],"character_chosen":"IRONCLAD","items_purchased":["ReplayTheSpireMod:TigerMarble","Shrug It Off"],"campfire_rested":2,"item_purchase_floors":[3,14],"current_hp_per_floor":[65,65,65,64,64,64,68,68,68,66,51,51,51,51,51,31,59,26,15,25,30,30,53,36,36,36,36,22,45,31,0,0],"gold":56,"neow_bonus":"RANDOM_COLORLESS_2","is_daily":false,"chose_seed":false,"campfire_upgraded":4,"win_rate":0.0,"timestamp":1607869613,"path_taken":["M","?","$","M","?","R","M","R","T","?","E","M","R","$","R","BOSS","M","M","?","?","?","R","M","?","T","$","?","R","?","M"],"items_purchased_type":["Relic","Card"],"build_version":"2020-11-30","purchased_purges":2,"victory":false,"max_hp_per_floor":[68,68,68,68,68,68,68,68,68,68,68,68,68,68,68,68,68,68,68,78,78,78,78,78,78,78,78,78,78,78,78,78],"card_choices":[{"not_picked":["Panache","ReplayTheSpireMod:Brewmster"],"picked":"The Bomb","floor":0},{"not_picked":["Iron Wave","Perfected Strike"],"picked":"Shrug It Off","floor":1},{"not_picked":["Clash","Dark Embrace","Sword Boomerang"],"picked":"SKIP","floor":4},{"not_picked":["Body Slam","Clothesline"],"picked":"Shrug It Off","floor":7},{"not_picked":["Perfected Strike+1","Pommel Strike+1"],"picked":"Reaper+1","floor":10},{"not_picked":["Armaments","Sword Boomerang+1"],"picked":"Cleave+1","floor":11},{"not_picked":["Spot Weakness","Cleave+1"],"picked":"Shrug It Off","floor":12},{"not_picked":["Feed+1","Demonic Infusion"],"picked":"Brutality","floor":16},{"not_picked":["Clash+1","Sword Boomerang+1","ReplayTheSpireMod:Strike From Hell+1"],"picked":"SKIP","floor":18},{"not_picked":["Run Through+1","Clash+1"],"picked":"Seeing Red","floor":19},{"not_picked":["Havoc","Anger+1","Blood for Blood+1"],"picked":"SKIP","floor":21},{"not_picked":["Sword Boomerang+1","Rage"],"picked":"Impervious","floor":24},{"not_picked":["Perfected Strike+1","ReplayTheSpireMod:Strike From Hell+1"],"picked":"Burning Pact","floor":28}],"player_experience":458453,"relics_obtained":[{"floor":9,"key":"Molten Egg 2"},{"floor":11,"key":"Bag of Marbles"},{"floor":26,"key":"Matryoshka"}],"event_choices":[{"damage_healed":0,"gold_gain":175,"player_choice":"AGREE","damage_taken":0,"max_hp_gain":0,"max_hp_loss":0,"event_name":"Liars Game","floor":2,"gold_loss":0,"cards_obtained":["Doubt"]},{"damage_healed":0,"gold_gain":0,"player_choice":"Gave Potion","damage_taken":0,"relics_obtained":["Pear"],"max_hp_gain":0,"max_hp_loss":0,"event_name":"WeMeetAgain","floor":20,"gold_loss":0},{"damage_healed":0,"gold_gain":0,"player_choice":"Obtained Relic","damage_taken":0,"relics_obtained":["Pondfish Scales"],"max_hp_gain":0,"max_hp_loss":0,"event_name":"Addict","floor":22,"gold_loss":85},{"damage_healed":0,"gold_gain":0,"player_choice":"1 cards matched","damage_taken":0,"max_hp_gain":0,"max_hp_loss":0,"event_name":"Match and Keep!","floor":25,"gold_loss":0,"cards_obtained":["Armaments"]},{"damage_healed":0,"gold_gain":0,"player_choice":"Fight","damage_taken":0,"max_hp_gain":0,"max_hp_loss":0,"event_name":"Colosseum","floor":30,"gold_loss":0},{"damage_healed":0,"gold_gain":0,"player_choice":"Fled From Nobs","damage_taken":0,"max_hp_gain":0,"max_hp_loss":0,"event_name":"Colosseum","floor":30,"gold_loss":0}],"is_beta":false,"boss_relics":[{"not_picked":["SacredBark","Coffee Dripper"],"picked":"Runic Cube"}],"items_purged_floors":[3,14],"is_endless":false,"potions_floor_spawned":[1,4,11,18,30],"killed_by":"Snake Plant","ascension_level":14}}