{"host":"bjzqjr1ycgj8gt55","time":1607829194,"event":{"mods":["BaseMod","Better Altar","Better Match","Better Sensory Stone","Better Skull","Better Third Choice","Better Vampires","Block Reminder","Colored Map","Colored Powertips","Duelist Mod","GifTheSpireLib","Hermit","Hero for Fun","Infinite Spire","Jorbs\u0027s Wanderer Trilogy","Minty Spire (QoL Compilation)","Rare Cards Sparkle","Red Circlet Mod","Shade Mod","Shop Mod","Spicy Shops","StSLib","The Alterego","The Animator","The Bug Knight","The Cursed","The Disciple","The Forsaken","The Hierophant","The Jungle","The Necromancer","The Problem Sleuth","The Runesmith","TheVacant","Waifu the Spire","WarShipGirlsR/????R mod","everything is the same but u backflip on backflip","slay the spire mod where everything is the same but ironclad has a cowboy hat"],"gold_per_floor":[135,26,26,39,39,39,75,75,75,93,127,150,150,115,115,245,245,245,245,245,245,245,245,245,245,245,245,20,20,20,20,20,20,20,20,20,20,20,20,20,20,20,20,20,20,20,20,20,20,20],"floor_reached":51,"playtime":3587,"items_purged":["theDuelist:Sparks","theDuelist:Sparks","Injury","theDuelist:BlackBrachios"],"score":782,"play_id":"0c12243e-82a5-4eea-bed0-50a4e0b530c1","local_time":"20201212211314","is_ascension_mode":false,"campfire_choices":[{"data":"theDuelist:BlueEyes","floor":6,"key":"SMITH"},{"data":"theDuelist:CyberTwinDragon","floor":8,"key":"SMITH"},{"data":"theDuelist:BabyDragon","floor":15,"key":"SMITH"},{"data":"theDuelist:ChimeratechOverdragon","floor":23,"key":"SMITH"},{"data":"theDuelist:DragonPiper","floor":25,"key":"SMITH"},{"floor":32,"key":"REST"},{"floor":44,"key":"REST"},{"floor":47,"key":"REST"},{"floor":49,"key":"REST"}],"circlet_count":0,"master_deck":["theDuelist:BabyDragon+1","theDuelist:CaveDragon+1","theDuelist:CaveDragon+1","theDuelist:LesserDragon+1","theDuelist:LesserDragon+1","theDuelist:YamataDragon+1","theDuelist:CyberDragonVier+1","theDuelist:BlueEyes+1","theDuelist:Earthquake","theDuelist:CyberTwinDragon+1","theDuelist:TwinBarrelDragon+1","theDuelist:DragonMirror","theDuelist:ChimeratechOverdragon+1","theDuelist:SpiralSpearStrike","theDuelist:DragonPiper+1","theDuelist:CyberDragonDrei+1","infinitespire:Fortify","theDuelist:AutorokketDragon+1","theDuelist:BlueEyesUltimate+1","theDuelist:AncientRules+1","theDuelist:CaveDragon+1","theDuelist:FiveHeaded+1","theDuelist:Kabazauls","theDuelist:BerserkScales+1","theDuelist:MiraculousDescent+1","theDuelist:CaveDragon+1","theDuelist:BerserkScales","theDuelist:Berserking+1","theDuelist:ViceDragon+1"],"relics":["theDuelist:MillenniumPuzzle","theDuelist:CardPoolRelic","theDuelist:CardPoolBasicRelic","theDuelist:BoosterPackPoolRelic","theDuelist:CardPoolAddRelic","theDuelist:CardPoolMinusRelic","theDuelist:CardPoolSaveRelic","theDuelist:CardPoolOptionsRelic","NeowsBlessing","Golden Idol","theDuelist:MetronomeRelicB","infinitespire:WardingShard","CaptainsWheel","infinitespire:Lucky Rock","Ectoplasm","Eternal Feather","Bronze Scales","Pandora\u0027s Box","theDuelist:SummonAnchorRare","Sozu","Pen Nib","theDuelist:DuelistUrn","Lizard Tail","Ice Cream","Question Card","theSleuth:SaltedMelon","theSleuth:SaltedMelon"],"acts_visited":["Exordium","TheCity","TheBeyond"],"potions_floor_usage":[18,30,40,42],"damage_taken":[{"damage":0,"enemies":"2 Louse","floor":1,"turns":2},{"damage":0,"enemies":"Jaw Worm","floor":4,"turns":1},{"damage":0,"enemies":"Lagavulin","floor":7,"turns":1},{"damage":0,"enemies":"Small Slimes","floor":10,"turns":3},{"damage":14,"enemies":"Gremlin Nob","floor":11,"turns":4},{"damage":0,"enemies":"2 Fungi Beasts","floor":12,"turns":2},{"damage":55,"enemies":"Hexaghost","floor":16,"turns":10},{"damage":0,"enemies":"Shell Parasite","floor":18,"turns":2},{"damage":0,"enemies":"3 Byrds","floor":20,"turns":5},{"damage":13,"enemies":"theDuelist:KaibaA2","floor":24,"turns":8},{"damage":16,"enemies":"Cultist and Chosen","floor":27,"turns":6},{"damage":0,"enemies":"Sentry and Sphere","floor":29,"turns":4},{"damage":16,"enemies":"Centurion and Healer","floor":30,"turns":4},{"damage":1,"enemies":"Chosen and Byrds","floor":31,"turns":4},{"damage":69,"enemies":"Collector","floor":33,"turns":8},{"damage":19,"enemies":"3 Shapes","floor":35,"turns":4},{"damage":0,"enemies":"Orb Walker","floor":38,"turns":1},{"damage":9,"enemies":"3 Darklings","floor":39,"turns":4},{"damage":15,"enemies":"Giant Head","floor":40,"turns":8},{"damage":33,"enemies":"Sphere and 2 Shapes","floor":41,"turns":5},{"damage":0,"enemies":"Sphere and 2 Shapes","floor":42,"turns":6},{"damage":49,"enemies":"4 Shapes","floor":45,"turns":6},{"damage":0,"enemies":"Maw","floor":48,"turns":6},{"damage":66,"enemies":"Donu and Deca","floor":50,"turns":8}],"seed_played":"6321522811115895232","potions_obtained":[{"floor":1,"key":"theDuelist:DragonfirePotion"},{"floor":10,"key":"AttackPotion"},{"floor":16,"key":"DistilledChaos"},{"floor":18,"key":"LiquidMemories"},{"floor":27,"key":"theDuelist:BabyPotion"},{"floor":30,"key":"LiquidMemories"}],"is_trial":false,"path_per_floor":["M","$","?","M","?","R","E","R","T","M","E","M","?","?","R","B",null,"M","?","M","?","?","R","E","R","T","M","$","M","M","M","R","B",null,"M","?","AVR","M","M","E","M","?","T","R","M","?","R","M","R","B",null],"character_chosen":"THE_DUELIST","items_purchased":["theDuelist:BlueEyes"],"campfire_rested":4,"item_purchase_floors":[2],"current_hp_per_floor":[80,80,80,80,80,80,80,80,80,80,66,66,63,80,80,25,80,80,80,80,60,90,90,77,89,89,74,74,74,58,57,90,21,90,71,65,65,65,56,41,8,8,8,50,7,7,51,55,94,34],"gold":20,"neow_bonus":"THREE_ENEMY_KILL","is_daily":false,"chose_seed":false,"campfire_upgraded":5,"win_rate":0.0,"timestamp":1607829194,"path_taken":["M","$","?","M","?","R","E","R","T","M","E","M","?","?","R","BOSS","M","?","M","?","?","R","E","R","T","M","$","M","M","M","R","BOSS","M","?","AVR","M","?","E","M","?","T","R","M","?","R","M","R","BOSS"],"items_purchased_type":["Card"],"build_version":"2020-11-30","purchased_purges":4,"victory":true,"max_hp_per_floor":[80,80,80,80,80,80,80,80,80,80,80,80,80,80,80,80,80,80,80,80,80,90,90,90,90,90,90,90,90,90,90,90,90,90,90,90,90,90,90,90,90,90,90,90,90,90,92,92,94,94],"card_choices":[{"not_picked":["theDuelist:YamataDragon","theDuelist:ViceDragon","theDuelist:StarlightRoad","theDuelist:Mountain"],"picked":"theDuelist:CyberDragonVier","floor":1},{"not_picked":["theDuelist:Beatraptor","theDuelist:DefenseZone","theDuelist:DarkDriceratops","theDuelist:YamataDragon"],"picked":"theDuelist:Earthquake","floor":4},{"not_picked":["theDuelist:Kabazauls","theDuelist:BlackPtera","theDuelist:BlackBrachios","theDuelist:BarrelDragon"],"picked":"theDuelist:CyberTwinDragon","floor":7},{"not_picked":["theDuelist:BattleguardKing","theDuelist:Wiseman","theDuelist:SlotMachine","theDuelist:YamiForm"],"picked":"theDuelist:TheCreator","floor":10},{"not_picked":["theDuelist:MadSwordBeast","theDuelist:Hydrogeddon","theDuelist:CurseDragon","theDuelist:BlackPtera"],"picked":"theDuelist:TwinBarrelDragon","floor":11},{"not_picked":["theDuelist:RedEyes","theDuelist:RedHeadedOni","theDuelist:MadSwordBeast","theDuelist:BerserkerSoul"],"picked":"theDuelist:DragonMirror","floor":12},{"not_picked":["theDuelist:WingedDragonRa","theDuelist:SeismicShockwave","theDuelist:LostWorld","theDuelist:ArmedProtectorDragon"],"picked":"theDuelist:ChimeratechOverdragon","floor":16},{"not_picked":["theDuelist:CyberEmergency+1","theDuelist:DragonTreasure","theDuelist:DragonMirror","theDuelist:EvilMind"],"picked":"theDuelist:SpiralSpearStrike","floor":18},{"not_picked":["theDuelist:CurseDragon","theDuelist:CoralDragon+1","theDuelist:CyberDinosaur","theDuelist:Dracocension"],"picked":"theDuelist:CyberDragonDrei+1","floor":20},{"not_picked":["infinitespire:Punishment","infinitespire:Collect"],"picked":"infinitespire:Fortify","floor":21},{"not_picked":["theDuelist:MiraculousDescent","theDuelist:GalaxySoldier","theDuelist:CastleDragonSouls","theDuelist:CyberLaserDragon"],"picked":"theDuelist:AutorokketDragon","floor":24},{"not_picked":["theDuelist:SnowDragon","theDuelist:DreadnoughtDreadnoid","theDuelist:TrihornedDragon","theDuelist:Dracocension"],"picked":"theDuelist:BlueEyesUltimate","floor":27},{"not_picked":["theDuelist:RedEyes+1","theDuelist:ArmedDragon5","theDuelist:RedHeadedOni","theDuelist:BackgroundDragon","theDuelist:BlackBrutdrago"],"picked":"SKIP","floor":29},{"not_picked":["theDuelist:MadSwordBeast","theDuelist:WhiteNightDragon","theDuelist:FireDarts","theDuelist:VolcanicEruption"],"picked":"theDuelist:AncientRules+1","floor":30},{"not_picked":["theDuelist:Kabazauls+1","theDuelist:Freezadon","theDuelist:BlackPtera","theDuelist:Sabersaurus+1"],"picked":"theDuelist:CaveDragon+1","floor":31},{"not_picked":["theDuelist:WingedDragonRa","theDuelist:LostWorld+1","theDuelist:GaiaDragonChamp","theDuelist:DragonMastery"],"picked":"theDuelist:FiveHeaded+1","floor":33},{"not_picked":["theDuelist:LostWorld","theDuelist:ArmedProtectorDragon"],"picked":"theDuelist:BerserkScales+1","floor":35},{"not_picked":["theDuelist:DarkHorus+1","theDuelist:Anthrosaurus","theDuelist:MetalDragon+1","theDuelist:OneDayPeace+1"],"picked":"theDuelist:MiraculousDescent+1","floor":38},{"not_picked":["theDuelist:CurseDragon","theDuelist:SphereChaos","theDuelist:DefenseZone+2","theDuelist:Earthquake"],"picked":"theDuelist:CaveDragon","floor":39},{"not_picked":["theDuelist:SpiralSpearStrike+1","theDuelist:GravityLash","theDuelist:AxeDespair","theDuelist:ArtifactIgnition+1"],"picked":"theDuelist:BerserkScales","floor":40},{"not_picked":["theDuelist:WhiteNightDragon","theDuelist:FireDarts","theDuelist:SilverDragon+1","theDuelist:SilverWing+1"],"picked":"theDuelist:UltraEvolutionPill+1","floor":41},{"not_picked":["theDuelist:VolcanicEruption","theDuelist:ThreateningRoar","theDuelist:DragonCaptureJar","theDuelist:SeismicShockwave"],"picked":"theDuelist:Berserking+1","floor":42},{"not_picked":["theDuelist:MadFlameKaiju+1","theDuelist:SuperancientDinobeast+1","theDuelist:Destroyersaurus+1","theDuelist:FiendSkull","theDuelist:WingedDragonRa+1"],"picked":"SKIP","floor":45},{"not_picked":["theDuelist:SnowDragon","theDuelist:FrostflameDragon+1","theDuelist:Earthquake+1","theDuelist:TwinHeadedFire+1"],"picked":"theDuelist:ViceDragon+1","floor":48}],"player_experience":124797,"relics_obtained":[{"floor":7,"key":"theDuelist:MetronomeRelicB"},{"floor":9,"key":"infinitespire:WardingShard"},{"floor":11,"key":"CaptainsWheel"},{"floor":24,"key":"Eternal Feather"},{"floor":26,"key":"Bronze Scales"},{"floor":40,"key":"Pen Nib"},{"floor":42,"key":"theDuelist:DuelistUrn"},{"floor":42,"key":"Lizard Tail"},{"floor":42,"key":"Ice Cream"},{"floor":43,"key":"Question Card"}],"event_choices":[{"damage_healed":0,"gold_gain":0,"player_choice":"Take Wound","damage_taken":0,"relics_obtained":["Golden Idol"],"max_hp_gain":0,"max_hp_loss":0,"event_name":"Golden Idol","floor":3,"gold_loss":0,"cards_obtained":["Injury"]},{"damage_healed":0,"gold_gain":0,"player_choice":"Leave","duelist":true,"damage_taken":0,"max_hp_gain":0,"max_hp_loss":0,"event_name":"Relic Duplicator","floor":5,"gold_loss":0},{"damage_healed":0,"gold_gain":0,"player_choice":"Relic ","damage_taken":3,"max_hp_gain":0,"max_hp_loss":0,"event_name":"betterThird:BetterScrap","floor":13,"gold_loss":0,"cards_obtained":["Heel Hook"]},{"damage_healed":20,"gold_gain":0,"player_choice":"Healed","damage_taken":0,"max_hp_gain":0,"max_hp_loss":0,"event_name":"The Cleric","floor":14,"gold_loss":35},{"damage_healed":0,"gold_gain":0,"player_choice":"Read","damage_taken":0,"max_hp_gain":0,"max_hp_loss":0,"event_name":"The Library","floor":19,"gold_loss":0,"cards_obtained":["theDuelist:DragonPiper"]},{"cards_removed":["theDuelist:TheCreator"],"damage_healed":20,"gold_gain":0,"player_choice":"Offered Rare","damage_taken":0,"max_hp_gain":10,"max_hp_loss":0,"event_name":"Bonfire Elementals","floor":22,"gold_loss":0},{"damage_healed":0,"gold_gain":0,"player_choice":"Dig - random Duelist relic","duelist":true,"damage_taken":0,"max_hp_gain":0,"max_hp_loss":0,"event_name":"Aknamkanon\u0027s Tomb","floor":36,"gold_loss":0},{"damage_healed":0,"gold_gain":0,"player_choice":"Fight","duelist":true,"damage_taken":0,"max_hp_gain":0,"max_hp_loss":0,"event_name":"Battle City","floor":42,"gold_loss":0}],"is_beta":false,"boss_relics":[{"not_picked":["Snecko Eye","Runic Dome"],"picked":"Ectoplasm"},{"not_picked":["Metronome","Astrolabe"],"picked":"Pandora\u0027s Box"}],"items_purged_floors":[2,28,28,37],"is_endless":false,"potions_floor_spawned":[1,10,16,18,27,30,35,40,45,48],"ascension_level":0}}