{"host":"yk98keyoflza93y0","time":1607887847,"event":{"mods":["AchievementEnabler","BaseMod","BetterRewards","Card Forge","Colored Map","DeckTracker","Minty Spire (QoL Compilation)","Shop Mod","StSLib","SuperFastMode","The Poker Player"],"gold_per_floor":[110,110,110,121,729,762,837,862,862,862,893,968,1002,1061,1061,1163,1163,1173,271,284,294,307,341,341,376,376,404,404,404,432,449,449,544,544,558,508,518,538,552,586,139,171,220,248,248,278,278,278,278,278,278,278,622,653,653],"floor_reached":56,"playtime":2357,"items_purged":["PokerPlayerMod:Diamond1","PokerPlayerMod:Diamond2","PokerPlayerMod:Spade1","PokerPlayerMod:Club1","PokerPlayerMod:RoyalStrike","PokerPlayerMod:Diamond4"],"score":2330,"play_id":"ee353707-bc02-4b8a-968b-8f574ef58bb7","local_time":"20201214043047","is_ascension_mode":true,"metric_token":734,"campfire_choices":[{"floor":10.0,"key":"DIG"},{"floor":15.0,"key":"DIG"},{"floor":24.0,"key":"DIG"},{"floor":32.0,"key":"DIG"},{"floor":47.0,"key":"DIG"},{"floor":49,"key":"RECALL"},{"floor":52,"key":"DIG"}],"circlet_count":0,"master_deck":["PokerPlayerMod:Diamond6","PokerPlayerMod:Spade6","PokerPlayerMod:Club5","PokerPlayerMod:Heart5","PokerPlayerMod:TrumpStrike+1","PokerPlayerMod:BadJoker+1","PokerPlayerMod:Mulligan+1","PokerPlayerMod:Club5","PokerPlayerMod:Spade8","PokerPlayerMod:Diamond10+","PokerPlayerMod:Diamond6","PokerPlayerMod:Spade9","PokerPlayerMod:WildCard+1","PokerPlayerMod:ClubDance+1","PokerPlayerMod:FillThePot+1","PokerPlayerMod:Club10+","PokerPlayerMod:Raise+1","PokerPlayerMod:ItsShowtime+1","PokerPlayerMod:Diamond9","PokerPlayerMod:Manipulation+1","PokerPlayerMod:Diamond10+","PokerPlayerMod:ItsShowtime+1","PokerPlayerMod:Club10+"],"relics":["PokerPlayerMod:DeckCase","Hammer of Thor","Seething Fire","Anvil of the Gods","Prayer Wheel","Shovel","Mummified Hand","Strange Spoon","Boot","Turnip","Omamori","Frozen Eye","OrangePellets","PokerPlayerMod:CoolBox","Akabeko","Juzu Bracelet","Toxic Egg 2","Du-Vu Doll","Matryoshka","Tiny Chest","Cursed Key","Orrery","War Paint","Incense Burner","Bird Faced Urn","Molten Egg 2","Smiling Mask","Strawberry","Bottled Lightning","Frozen Egg 2","Darkstone Periapt","Orichalcum","Coffee Dripper","Bottled Flame","PokerPlayerMod:PenAndEraser","Question Card","Anchor","Oddly Smooth Stone","Dream Catcher","Ancient Tea Set","Ice Cream","PokerPlayerMod:FairLicense","Sundial","PokerPlayerMod:BrokenClock","PrismaticShard","PokerPlayerMod:JackpotMachine","Pen Nib"],"acts_visited":["Exordium","TheCity","TheBeyond","TheEnding"],"potions_floor_usage":[55],"damage_taken":[{"damage":0.0,"enemies":"Small Slimes","floor":1.0,"turns":1.0},{"damage":0.0,"enemies":"2 Louse","floor":4.0,"turns":1.0},{"damage":10.0,"enemies":"Lagavulin","floor":6.0,"turns":5.0},{"damage":0.0,"enemies":"Gremlin Nob","floor":8.0,"turns":1.0},{"damage":15.0,"enemies":"Lagavulin","floor":11.0,"turns":3.0},{"damage":0.0,"enemies":"Gremlin Nob","floor":13.0,"turns":1.0},{"damage":0.0,"enemies":"3 Sentries","floor":14.0,"turns":1.0},{"damage":12.0,"enemies":"Hexaghost","floor":16.0,"turns":5.0},{"damage":0.0,"enemies":"2 Thieves","floor":18.0,"turns":2.0},{"damage":0.0,"enemies":"Spheric Guardian","floor":20.0,"turns":1.0},{"damage":0.0,"enemies":"Centurion and Healer","floor":21.0,"turns":2.0},{"damage":0.0,"enemies":"3 Cultists","floor":22.0,"turns":2.0},{"damage":0.0,"enemies":"Book of Stabbing","floor":23.0,"turns":3.0},{"damage":0.0,"enemies":"Gremlin Leader","floor":25.0,"turns":2.0},{"damage":0.0,"enemies":"Slavers","floor":27.0,"turns":2.0},{"damage":0.0,"enemies":"Gremlin Leader","floor":30.0,"turns":1.0},{"damage":0.0,"enemies":"Shelled Parasite and Fungi","floor":31.0,"turns":1.0},{"damage":10.0,"enemies":"Collector","floor":33.0,"turns":4.0},{"damage":0.0,"enemies":"3 Shapes","floor":35.0,"turns":1.0},{"damage":0.0,"enemies":"3 Darklings","floor":37.0,"turns":2.0},{"damage":0.0,"enemies":"4 Shapes","floor":38.0,"turns":2.0},{"damage":0.0,"enemies":"Spire Growth","floor":39.0,"turns":2.0},{"damage":0.0,"enemies":"Nemesis","floor":40.0,"turns":1.0},{"damage":0.0,"enemies":"Giant Head","floor":42.0,"turns":3.0},{"damage":0.0,"enemies":"Reptomancer","floor":44.0,"turns":1.0},{"damage":0.0,"enemies":"Giant Head","floor":46.0,"turns":2.0},{"damage":45,"enemies":"Time Eater","floor":50,"turns":9},{"damage":0,"enemies":"Shield and Spear","floor":54,"turns":1},{"damage":38,"enemies":"The Heart","floor":55,"turns":4}],"seed_played":"-6760972292049372593","potions_obtained":[{"floor":6.0,"key":"AttackPotion"},{"floor":13.0,"key":"AttackPotion"},{"floor":14.0,"key":"EssenceOfSteel"},{"floor":16.0,"key":"DuplicationPotion"},{"floor":18.0,"key":"FearPotion"},{"floor":27.0,"key":"ColorlessPotion"},{"floor":37.0,"key":"PowerPotion"},{"floor":40.0,"key":"EntropicBrew"}],"is_trial":false,"path_per_floor":["M","?","?","M","$","E","?","E","T","R","E","?","E","?","R","B",null,"M","$","M","M","M","E","R","E","T","E","?","?","E","M","R","B",null,"M","$","M","M","M","E","$","E","T","E","?","E","R","T","R","B",null,"R","$","E","B",null],"character_chosen":"THE_POKER_PLAYER","items_purchased":["Mummified Hand","Strange Spoon","Boot","Omamori","Frozen Eye","PokerPlayerMod:Diamond10+","OrangePellets","PokerPlayerMod:Club10+","Orrery","War Paint","Incense Burner","PokerPlayerMod:PenAndEraser","Question Card","PrismaticShard","PokerPlayerMod:JackpotMachine","PokerPlayerMod:Club10+"],"campfire_rested":0,"item_purchase_floors":[0,0,0,0,0,5,5,19,19,19,19,41,41,53,53,53],"current_hp_per_floor":[52,42,42,44,44,38,27,27,27,27,12,12,12,12,12,4,52,52,52,52,52,52,52,52,52,59,59,49,49,49,49,49,39,64,64,64,64,64,64,64,64,64,64,64,64,64,64,70,70,25,70,70,70,70,44],"gold":653,"neow_bonus":"","is_daily":false,"chose_seed":false,"campfire_upgraded":0,"win_rate":0.0,"timestamp":1607887847,"path_taken":["M","?","?","M","$","E","?","E","T","R","E","?","E","?","R","BOSS","M","$","M","M","M","E","R","E","T","E","?","?","E","M","R","BOSS","M","$","M","M","M","E","$","E","T","E","?","E","R","?","R","BOSS","R","$","E","BOSS"],"items_purchased_type":["Relic","Relic","Relic","Relic","Relic","Undefined","Relic","Undefined","Relic","Relic","Relic","Relic","Relic","Relic","Relic","Undefined"],"build_version":"2020-11-30","purchased_purges":6,"victory":true,"max_hp_per_floor":[52,52,52,52,52,52,52,52,52,52,52,52,52,52,52,52,52,52,52,52,52,52,52,52,52,59,59,64,64,64,64,64,64,64,64,64,64,64,64,64,64,64,64,64,64,64,64,70,70,70,70,70,70,70,70],"card_choices":[{"not_picked":["PokerPlayerMod:ClubDance","PokerPlayerMod:SpadeStrike"],"picked":"PokerPlayerMod:Club5","floor":1.0},{"not_picked":["PokerPlayerMod:Diamond2","PokerPlayerMod:ClubStrike","PokerPlayerMod:Raise"],"picked":"SKIP","floor":1.0},{"not_picked":["PokerPlayerMod:ClubDance","PokerPlayerMod:PoorCopy"],"picked":"PokerPlayerMod:Spade8","floor":4.0},{"not_picked":["PokerPlayerMod:MagicTrick","PokerPlayerMod:SpadeStrike","PokerPlayerMod:Spade4"],"picked":"SKIP","floor":4.0},{"not_picked":["PokerPlayerMod:SecondChance","PokerPlayerMod:Spade4"],"picked":"PokerPlayerMod:RoyalStrike","floor":6.0},{"not_picked":["PokerPlayerMod:Diamond2","PokerPlayerMod:DartThrow","PokerPlayerMod:CloakAndDiamond"],"picked":"SKIP","floor":8.0},{"not_picked":["PokerPlayerMod:Diamond4","PokerPlayerMod:DiamondStrike"],"picked":"PokerPlayerMod:Diamond6","floor":11.0},{"not_picked":["PokerPlayerMod:Diamond3","PokerPlayerMod:DamnStraight"],"picked":"PokerPlayerMod:Spade9","floor":13.0},{"not_picked":["PokerPlayerMod:Spade8","PokerPlayerMod:TheDieIsCast+1"],"picked":"PokerPlayerMod:WildCard+1","floor":16.0},{"not_picked":["PokerPlayerMod:FlyingCard","PokerPlayerMod:Extraction+1"],"picked":"PokerPlayerMod:ClubDance+1","floor":18.0},{"not_picked":["PokerPlayerMod:Trickery","PokerPlayerMod:Spade1"],"picked":"PokerPlayerMod:FillThePot+1","floor":18.0},{"not_picked":["PokerPlayerMod:Diamond5","PokerPlayerMod:HiddenCard+1"],"picked":"PokerPlayerMod:Raise+1","floor":19.0},{"not_picked":["PokerPlayerMod:Diamond3","PokerPlayerMod:Heart5","PokerPlayerMod:SpadeStrike"],"picked":"SKIP","floor":20.0},{"not_picked":["PokerPlayerMod:Diamond3","PokerPlayerMod:CloakAndDiamond+1","PokerPlayerMod:Club4"],"picked":"SKIP","floor":20.0},{"not_picked":["PokerPlayerMod:Diamond1","PokerPlayerMod:Heart3","PokerPlayerMod:Extraction+1"],"picked":"SKIP","floor":21.0},{"not_picked":["PokerPlayerMod:Diamond1","PokerPlayerMod:Club4","PokerPlayerMod:Diamond2"],"picked":"SKIP","floor":21.0},{"not_picked":["PokerPlayerMod:Spade2","PokerPlayerMod:ClubDance+1"],"picked":"PokerPlayerMod:ItsShowtime+1","floor":22.0},{"not_picked":["PokerPlayerMod:Spade1","PokerPlayerMod:Club2","PokerPlayerMod:Raise+1"],"picked":"SKIP","floor":22.0},{"not_picked":["PokerPlayerMod:Heart4","PokerPlayerMod:FlyingCard"],"picked":"PokerPlayerMod:Diamond9","floor":23.0},{"not_picked":["PokerPlayerMod:Spade2","PokerPlayerMod:Diamond1"],"picked":"PokerPlayerMod:Manipulation+1","floor":25.0},{"not_picked":["PokerPlayerMod:CloakAndDiamond+1","PokerPlayerMod:Club3","PokerPlayerMod:Configure+1"],"picked":"SKIP","floor":27.0},{"not_picked":["PokerPlayerMod:Club2","PokerPlayerMod:Extraction+1","PokerPlayerMod:Harden+1"],"picked":"SKIP","floor":30.0},{"not_picked":["PokerPlayerMod:Diamond3","PokerPlayerMod:PoorCopy+1","PokerPlayerMod:Configure+1"],"picked":"SKIP","floor":31.0},{"not_picked":["PokerPlayerMod:Sharpen+1","PokerPlayerMod:Diamond1","PokerPlayerMod:Raise+1"],"picked":"SKIP","floor":31.0},{"not_picked":["PokerPlayerMod:Spade7","PokerPlayerMod:WasteCollection+1"],"picked":"PokerPlayerMod:ItsShowtime+1","floor":33.0},{"not_picked":["PokerPlayerMod:Club4","PokerPlayerMod:Diamond4","PokerPlayerMod:SpadeStrike+1"],"picked":"SKIP","floor":35.0},{"not_picked":["PokerPlayerMod:Fold+1","PokerPlayerMod:PoorCopy+1","PokerPlayerMod:Heart1"],"picked":"SKIP","floor":35.0},{"not_picked":["PokerPlayerMod:Club2","PokerPlayerMod:Club1","PokerPlayerMod:Spade8"],"picked":"SKIP","floor":37.0},{"not_picked":["PokerPlayerMod:Diamond3","PokerPlayerMod:Raise+1","PokerPlayerMod:Spade4"],"picked":"SKIP","floor":37.0},{"not_picked":["PokerPlayerMod:Spade1","PokerPlayerMod:Club1","PokerPlayerMod:Diamond1"],"picked":"SKIP","floor":38.0},{"not_picked":["PokerPlayerMod:ClubDance+1","PokerPlayerMod:Heart3","PokerPlayerMod:Diamond4"],"picked":"SKIP","floor":38.0},{"not_picked":["PokerPlayerMod:Configure+1","PokerPlayerMod:Heart3","PokerPlayerMod:FlyingCard+1"],"picked":"SKIP","floor":39.0},{"not_picked":["PokerPlayerMod:Fold+1","PokerPlayerMod:ClubsClub+1","PokerPlayerMod:Diamond3"],"picked":"SKIP","floor":39.0},{"not_picked":["PokerPlayerMod:FakeSymbols+1","PokerPlayerMod:StackedDeck+1","PokerPlayerMod:Club2"],"picked":"SKIP","floor":40.0},{"not_picked":["PokerPlayerMod:FakeSymbols+1","PokerPlayerMod:StackedDeck+1","PokerPlayerMod:Club2"],"picked":"SKIP","floor":40.0},{"not_picked":["PokerPlayerMod:Spade4","PokerPlayerMod:Heart4","PokerPlayerMod:PoorCopy+1","PokerPlayerMod:CloakAndDiamond+1"],"picked":"SKIP","floor":42.0},{"not_picked":["PokerPlayerMod:Spade5","PokerPlayerMod:MagicTrick+1","PokerPlayerMod:Overdeal+1","PokerPlayerMod:Spade6"],"picked":"SKIP","floor":44.0},{"not_picked":["PokerPlayerMod:Sharpen+1","PokerPlayerMod:PoorCopy+1","PokerPlayerMod:JackOfSpades+1","PokerPlayerMod:Diamond4"],"picked":"SKIP","floor":46.0},{"not_picked":["PokerPlayerMod:Spade8","Dark Shackles+1","JustLucky+1","PokerPlayerMod:Spade6"],"picked":"SKIP","floor":54}],"player_experience":1471459,"relics_obtained":[{"floor":6.0,"key":"PokerPlayerMod:CoolBox"},{"floor":8.0,"key":"Akabeko"},{"floor":10.0,"key":"Juzu Bracelet"},{"floor":11.0,"key":"Toxic Egg 2"},{"floor":13.0,"key":"Du-Vu Doll"},{"floor":14.0,"key":"Matryoshka"},{"floor":15.0,"key":"Tiny Chest"},{"floor":23.0,"key":"Bird Faced Urn"},{"floor":24.0,"key":"Molten Egg 2"},{"floor":25.0,"key":"Smiling Mask"},{"floor":26.0,"key":"Strawberry"},{"floor":26.0,"key":"Bottled Lightning"},{"floor":27.0,"key":"Frozen Egg 2"},{"floor":30.0,"key":"Darkstone Periapt"},{"floor":32.0,"key":"Orichalcum"},{"floor":40.0,"key":"Bottled Flame"},{"floor":42.0,"key":"Anchor"},{"floor":43.0,"key":"Oddly Smooth Stone"},{"floor":43.0,"key":"Dream Catcher"},{"floor":44.0,"key":"Ancient Tea Set"},{"floor":46.0,"key":"Ice Cream"},{"floor":47.0,"key":"PokerPlayerMod:FairLicense"},{"floor":48.0,"key":"Sundial"},{"floor":52,"key":"PokerPlayerMod:BrokenClock"},{"floor":54,"key":"Pen Nib"}],"event_choices":[{"damage_healed":0.0,"max_hp_gain":0.0,"max_hp_loss":0.0,"gold_gain":0.0,"event_name":"Shining Light","player_choice":"Entered Light","floor":2.0,"gold_loss":0.0,"damage_taken":10.0,"cards_upgraded":["PokerPlayerMod:Spade5","PokerPlayerMod:Mulligan"]},{"damage_healed":0.0,"max_hp_gain":0.0,"max_hp_loss":0.0,"gold_gain":0.0,"event_name":"Living Wall","player_choice":"Grow","floor":3.0,"gold_loss":0.0,"damage_taken":0.0,"cards_upgraded":["PokerPlayerMod:TrumpStrike"]},{"damage_healed":0.0,"max_hp_gain":0.0,"max_hp_loss":0.0,"gold_gain":75.0,"event_name":"World of Goop","player_choice":"Gather Gold","floor":7.0,"gold_loss":0.0,"damage_taken":11.0},{"damage_healed":0.0,"max_hp_gain":0.0,"max_hp_loss":0.0,"gold_gain":75.0,"event_name":"Golden Wing","player_choice":"Gained Gold","floor":12.0,"gold_loss":0.0,"damage_taken":0.0},{"damage_healed":0.0,"max_hp_gain":0.0,"max_hp_loss":0.0,"gold_gain":0.0,"event_name":"Dead Adventurer","player_choice":"Searched \u00271\u0027 times","floor":14.0,"gold_loss":0.0,"damage_taken":0.0},{"damage_healed":0.0,"max_hp_gain":5.0,"max_hp_loss":0.0,"gold_gain":0.0,"event_name":"Forgotten Altar","player_choice":"Shed Blood","floor":28.0,"gold_loss":0.0,"damage_taken":15.0},{"damage_healed":0.0,"max_hp_gain":0.0,"max_hp_loss":0.0,"gold_gain":0.0,"event_name":"The Library","player_choice":"Read","floor":29.0,"gold_loss":0.0,"damage_taken":0.0,"cards_obtained":["PokerPlayerMod:Diamond10"]},{"damage_healed":0.0,"max_hp_gain":0.0,"max_hp_loss":0.0,"gold_gain":0.0,"event_name":"Tomb of Lord Red Mask","player_choice":"Ignored","floor":45.0,"gold_loss":0.0,"damage_taken":0.0}],"is_beta":false,"boss_relics":[{"not_picked":["PokerPlayerMod:AceCard","SlaversCollar"],"picked":"Cursed Key"},{"not_picked":["Calling Bell","Tiny House"],"picked":"Coffee Dripper"}],"items_purged_floors":[0,5,19,36,41,53],"is_endless":false,"potions_floor_spawned":[6,13,14,16,18,21,22,27,30,31,37,40,42,54],"ascension_level":4}}