{"host":"2se5dq1do2gp0x9k","time":1607820430,"event":{"mods":["AchievementEnabler","BaseMod","Block Reminder","Colored Map","Colored Powertips","Minty Spire (QoL Compilation)","Relic Stats","StSLib","SuperFastMode"],"gold_per_floor":[168,179,254,273,293,293,293,293,318,318,335,364,364,379,379,379,379],"floor_reached":16,"playtime":446,"items_purged":[],"score":204,"play_id":"ed56b673-ea69-4aec-8263-d13798b95ba4","local_time":"20201212164710","is_ascension_mode":true,"campfire_choices":[{"data":"Sweeping Beam","floor":6,"key":"SMITH"},{"floor":8,"key":"REST"},{"data":"Multi-Cast","floor":10,"key":"SMITH"},{"floor":15,"key":"REST"}],"circlet_count":0,"master_deck":["AscendersBane","Strike_B","Strike_B","Strike_B","Strike_B","Defend_B","Defend_B+1","Defend_B","Defend_B","Zap","Dualcast","Gash","Cold Snap","Sweeping Beam+1","Chill","Multi-Cast+1","Ball Lightning","Compile Driver","Coolheaded"],"relics":["Tiny House","Boot","Omamori","Matryoshka","Symbiotic Virus"],"acts_visited":["Exordium"],"potions_floor_usage":[12,12,16],"damage_taken":[{"damage":7,"enemies":"Jaw Worm","floor":1,"turns":4},{"damage":4,"enemies":"Small Slimes","floor":2,"turns":3},{"damage":9,"enemies":"Cultist","floor":4,"turns":4},{"damage":8,"enemies":"Exordium Wildlife","floor":5,"turns":7},{"damage":9,"enemies":"Blue Slaver","floor":11,"turns":4},{"damage":6,"enemies":"Lagavulin","floor":12,"turns":8},{"damage":7,"enemies":"3 Louse","floor":14,"turns":4},{"damage":33,"enemies":"Slime Boss","floor":16,"turns":6}],"seed_played":"7401301880019169001","potions_obtained":[{"floor":0,"key":"SmokeBomb"},{"floor":4,"key":"FearPotion"},{"floor":11,"key":"Block Potion"},{"floor":12,"key":"Swift Potion"},{"floor":14,"key":"SpeedPotion"}],"is_trial":false,"path_per_floor":["M","M","?","M","M","R","?","R","T","R","M","E","?","M","R","B"],"character_chosen":"DEFECT","items_purchased":[],"campfire_rested":2,"item_purchase_floors":[],"current_hp_per_floor":[62,58,47,38,30,30,4,26,26,26,17,11,11,4,26,0,0],"gold":379,"neow_bonus":"BOSS_RELIC","is_daily":false,"chose_seed":false,"campfire_upgraded":2,"win_rate":0.0,"timestamp":1607820430,"path_taken":["M","M","?","M","M","R","?","R","T","R","M","E","?","M","R","BOSS"],"items_purchased_type":[],"build_version":"2020-11-30","purchased_purges":0,"victory":false,"max_hp_per_floor":[76,76,76,76,76,76,76,76,76,76,76,76,76,76,76,76,76],"relic_stats":{"counters":[8,40],"Boot":[8],"obtain_stats":[{"Tiny House":0,"Matryoshka":12,"Omamori":9,"Cracked Core":0,"Boot":7,"Symbiotic Virus":13},{"Tiny House":0,"Matryoshka":6,"Omamori":4,"Cracked Core":0,"Boot":4,"Symbiotic Virus":6},{"Tiny House":0,"Matryoshka":30,"Omamori":18,"Cracked Core":0,"Boot":18,"Symbiotic Virus":30}]},"card_choices":[{"not_picked":["Sweeping Beam","Melter"],"picked":"Gash","floor":0},{"not_picked":["Double Energy","Defragment"],"picked":"Cold Snap","floor":1},{"not_picked":["Heatsinks","Capacitor"],"picked":"Sweeping Beam","floor":2},{"not_picked":["Doom and Gloom","Cold Snap"],"picked":"Chill","floor":4},{"not_picked":["Turbo","Fusion"],"picked":"Multi-Cast","floor":5},{"not_picked":["Sweeping Beam","Redo"],"picked":"Ball Lightning","floor":11},{"not_picked":["Recycle","Darkness"],"picked":"Compile Driver","floor":12},{"not_picked":["Reinforced Body","Recycle"],"picked":"Coolheaded","floor":14}],"player_experience":3605333,"relics_obtained":[{"floor":9,"key":"Omamori"},{"floor":12,"key":"Matryoshka"}],"event_choices":[{"damage_healed":0,"gold_gain":75,"player_choice":"Gather Gold","damage_taken":11,"max_hp_gain":0,"max_hp_loss":0,"event_name":"World of Goop","floor":3,"gold_loss":0},{"damage_healed":0,"gold_gain":0,"player_choice":"Success","damage_taken":26,"relics_obtained":["Boot"],"max_hp_gain":0,"max_hp_loss":0,"event_name":"Scrap Ooze","floor":7,"gold_loss":0},{"damage_healed":0,"gold_gain":0,"player_choice":"Searched \u00271\u0027 times","damage_taken":0,"relics_obtained":["Symbiotic Virus"],"max_hp_gain":0,"max_hp_loss":0,"event_name":"Dead Adventurer","floor":13,"gold_loss":0}],"is_beta":false,"boss_relics":[],"items_purged_floors":[],"is_endless":false,"potions_floor_spawned":[4,11,12,14],"killed_by":"Slime Boss","ascension_level":20}}