{"host":"pvf7uj918he10jir","time":1607832452,"event":{"mods":["AchievementEnabler","BaseMod","Colored Map","Colored Powertips","Highlight Path","Minty Spire (QoL Compilation)","Relic Stats","Slay the Relics Exporter","everything is the same but u backflip on backflip"],"gold_per_floor":[16,33,108,124,140,140,169,169,196,210,245,260,292,292,292,292,292],"floor_reached":16,"playtime":1063,"items_purged":[],"score":140,"play_id":"e7526877-ef8c-415d-883c-26ca5f748db0","local_time":"20201212230732","is_ascension_mode":true,"campfire_choices":[{"data":"Armaments","floor":6,"key":"SMITH"},{"floor":8,"key":"REST"},{"floor":15,"key":"REST"}],"circlet_count":0,"master_deck":["Strike_R","Strike_R","Strike_R","Strike_R","Strike_R","Defend_R","Defend_R","Defend_R","Defend_R","Bash","Feed","Armaments+1","Dropkick","Iron Wave","Immolate","Double Tap"],"relics":["Burning Blood","Anchor","Nunchaku","Bag of Preparation","Bird Faced Urn","Golden Idol"],"acts_visited":["Exordium"],"potions_floor_usage":[11,16,16,16],"damage_taken":[{"damage":6,"enemies":"Cultist","floor":1,"turns":4},{"damage":7,"enemies":"Jaw Worm","floor":2,"turns":3},{"damage":8,"enemies":"2 Louse","floor":4,"turns":4},{"damage":42,"enemies":"Exordium Wildlife","floor":5,"turns":10},{"damage":30,"enemies":"Gremlin Nob","floor":7,"turns":5},{"damage":11,"enemies":"Blue Slaver","floor":10,"turns":4},{"damage":27,"enemies":"3 Sentries","floor":11,"turns":12},{"damage":0,"enemies":"Exordium Thugs","floor":12,"turns":3},{"damage":24,"enemies":"Gremlin Nob","floor":13,"turns":4},{"damage":43,"enemies":"The Guardian","floor":16,"turns":8}],"seed_played":"-8333906521243766581","potions_obtained":[{"floor":2,"key":"Explosive Potion"},{"floor":4,"key":"Weak Potion"},{"floor":7,"key":"DuplicationPotion"},{"floor":11,"key":"GamblersBrew"},{"floor":12,"key":"FearPotion"}],"is_trial":false,"path_per_floor":["M","M","?","M","M","R","E","R","T","M","E","M","E","?","R","B"],"character_chosen":"IRONCLAD","items_purchased":[],"campfire_rested":2,"item_purchase_floors":[],"current_hp_per_floor":[83,85,74,75,42,42,18,45,45,40,23,32,14,14,41,0,0],"gold":292,"neow_bonus":"THREE_RARE_CARDS","is_daily":false,"chose_seed":false,"campfire_upgraded":1,"win_rate":0.0,"timestamp":1607832452,"path_taken":["M","?","?","M","M","R","E","R","T","M","E","M","E","?","R","BOSS"],"items_purchased_type":[],"build_version":"2020-11-30","purchased_purges":0,"victory":false,"max_hp_per_floor":[83,86,86,89,92,92,92,92,92,92,96,99,99,92,92,92,92],"relic_stats":{"Nunchaku":[5],"counters":[10,57],"Golden Idol":0,"Bird Faced Urn":[0],"Bag of Preparation":[6],"obtain_stats":[{"Anchor":7,"Nunchaku":9,"Golden Idol":14,"Bird Faced Urn":13,"Bag of Preparation":11,"Burning Blood":0},{"Anchor":5,"Nunchaku":5,"Golden Idol":9,"Bird Faced Urn":9,"Bag of Preparation":7,"Burning Blood":0},{"Anchor":26,"Nunchaku":26,"Golden Idol":49,"Bird Faced Urn":49,"Bag of Preparation":42,"Burning Blood":0}],"Burning Blood":54},"card_choices":[{"not_picked":["Corruption","Limit Break"],"picked":"Feed","floor":0},{"not_picked":["Anger","Sever Soul","Dual Wield"],"picked":"SKIP","floor":1},{"not_picked":["Flex","Havoc","Thunderclap"],"picked":"SKIP","floor":2},{"not_picked":["True Grit","Sever Soul"],"picked":"Armaments","floor":4},{"not_picked":["Feed","Reckless Charge","Fire Breathing"],"picked":"SKIP","floor":5},{"not_picked":["Havoc","Burning Pact"],"picked":"Dropkick","floor":7},{"not_picked":["Wild Strike","Twin Strike"],"picked":"Iron Wave","floor":10},{"not_picked":["Hemokinesis","Ghostly Armor"],"picked":"Immolate","floor":11},{"not_picked":["Rage","Wild Strike","Perfected Strike"],"picked":"SKIP","floor":12},{"not_picked":["Shrug It Off","Sentinel"],"picked":"Double Tap","floor":13}],"player_experience":90965,"relics_obtained":[{"floor":7,"key":"Anchor"},{"floor":9,"key":"Nunchaku"},{"floor":11,"key":"Bag of Preparation"},{"floor":13,"key":"Bird Faced Urn"}],"event_choices":[{"damage_healed":0,"gold_gain":75,"player_choice":"Gather Gold","damage_taken":11,"max_hp_gain":0,"max_hp_loss":0,"event_name":"World of Goop","floor":3,"gold_loss":0},{"damage_healed":0,"gold_gain":0,"player_choice":"Lose Max HP","damage_taken":0,"relics_obtained":["Golden Idol"],"max_hp_gain":0,"max_hp_loss":7,"event_name":"Golden Idol","floor":14,"gold_loss":0}],"is_beta":false,"boss_relics":[],"items_purged_floors":[],"is_endless":false,"potions_floor_spawned":[2,4,7,11,12],"killed_by":"The Guardian","ascension_level":3}}