{"host":"nj06ypb01n3s9mn8","time":1607898856,"event":{"mods":["2.2 Compatiblity","BaseMod","Colored Map","Downfall","Highlight Path","Marisa????????","Minty Spire (QoL Compilation)","Replay The Spire","StSLib","The Animator","The Bug Knight","The Necromancer","The Servant 0.9.4","Waifu the Spire"],"gold_per_floor":[99,99,99,130,130,155,209,359,370,400,413,120,143,243,257,257,257],"floor_reached":16,"playtime":1259,"items_purged":[],"score":193,"play_id":"6c94c327-d2d6-432b-ac8c-c11a54473944","local_time":"20201213193416","is_ascension_mode":false,"campfire_choices":[{"data":"hexamod:TimeWarp","floor":5,"key":"SMITH"}],"circlet_count":0,"master_deck":["hexamod:Strike","hexamod:Strike","hexamod:Strike","hexamod:Strike","hexamod:Defend","hexamod:Defend+1","hexamod:Sear","hexamod:Float","hexamod:HauntingEcho+1","hexamod:TimeWarp+1","hexamod:ThirdSeal","hexamod:Hexaguard","hexamod:EtherealExpedition+1","hexamod:FastForward","hexamod:FifthSeal","hexamod:InspiringFlames","hexamod:FifthSeal","hexamod:SecondSeal","hexamod:FastForward","hexamod:SixthSeal","hexamod:StepThrough+1","hexamod:GhostShield","hexamod:Again","hexamod:FourthSeal","hexamod:PhantomCloak"],"relics":["hexamod:SpiritBrand","downfall:HeartsMalice","ReplayTheSpireMod:TigerMarble","Oddly Smooth Stone","Replay:Bottled Snecko","DollysMirror"],"acts_visited":["Exordium"],"potions_floor_usage":[14,14,16],"damage_taken":[{"damage":0,"enemies":"Jaw Worm","floor":2,"turns":1},{"damage":0,"enemies":"Gremlin Nob","floor":4,"turns":1},{"damage":0,"enemies":"Lagavulin","floor":6,"turns":1},{"damage":0,"enemies":"Cultist","floor":9,"turns":2},{"damage":0,"enemies":"Gremlin Nob","floor":10,"turns":3},{"damage":0,"enemies":"Small Slimes","floor":11,"turns":3},{"damage":4,"enemies":"downfall:FleeingMerchant","floor":12,"turns":4},{"damage":7,"enemies":"Exordium Wildlife","floor":13,"turns":4},{"damage":18,"enemies":"downfall:Heads","floor":14,"turns":5},{"damage":8,"enemies":"Red Slaver","floor":15,"turns":4},{"damage":60,"enemies":"downfall:Ironclad","floor":16,"turns":9}],"seed_played":"1048506442753218441","potions_obtained":[{"floor":4,"key":"Dexterity Potion"},{"floor":6,"key":"Explosive Potion"},{"floor":11,"key":"ColorlessPotion"}],"is_trial":false,"path_per_floor":["R_BF","M","?","E","R","E","T","?","M","E","M","$","M","?","M","B"],"character_chosen":"THE_SPIRIT","items_purchased":["DollysMirror","hexamod:SecondSeal","hexamod:FastForward"],"campfire_rested":0,"item_purchase_floors":[12,12,12],"current_hp_per_floor":[70,70,70,70,70,70,70,70,70,70,70,66,59,41,33,0,0],"gold":257,"neow_bonus":"THREE_ENEMY_KILL","is_daily":false,"chose_seed":false,"campfire_upgraded":1,"win_rate":0.0,"timestamp":1607898856,"path_taken":["R_BF","M","?","E","R","E","T","?","M","E","?","?","M","?","M","BOSS"],"items_purchased_type":["Relic","Card","Card"],"build_version":"2020-11-29","purchased_purges":0,"victory":false,"max_hp_per_floor":[70,70,70,70,70,70,70,70,70,70,70,70,70,70,70,70,70],"card_choices":[{"not_picked":["hexamod:SwordOfDarkness","hexamod:NightmareStrike","hexamod:Firestarter"],"picked":"SKIP","floor":2},{"not_picked":["hexamod:GhostOfSpireFuture","hexamod:GhostShield"],"picked":"hexamod:TimeWarp","floor":4},{"not_picked":["hexamod:ShieldOfDarkness","hexamod:RecurringNightmare","hexamod:HauntingEcho"],"picked":"SKIP","floor":6},{"not_picked":["hexamod:FourthSeal","hexamod:HauntingEcho"],"picked":"hexamod:ThirdSeal","floor":9},{"not_picked":["hexamod:AdvancingGuard","hexamod:HeatCrush"],"picked":"hexamod:GhostOfSpirePresent","floor":10},{"not_picked":["hexamod:RetreatToShadows","hexamod:HeatShield"],"picked":"hexamod:Hexaguard","floor":10},{"not_picked":["hexamod:ShieldOfDarkness","hexamod:AdvancingGuard"],"picked":"hexamod:EtherealExpedition","floor":11},{"not_picked":["hexamod:NightmareStrike","hexamod:NightmareGuise"],"picked":"hexamod:FastForward","floor":11},{"not_picked":["hexamod:ThirdSeal","hexamod:FastForward"],"picked":"hexamod:FifthSeal","floor":12},{"not_picked":["hexamod:BurningTouch","hexamod:ShieldOfDarkness"],"picked":"hexamod:InspiringFlames","floor":12},{"not_picked":["hexamod:ThirdSeal","hexamod:FourthSeal"],"picked":"hexamod:SixthSeal","floor":13},{"not_picked":["hexamod:ShieldOfDarkness","hexamod:ThermalTransfer"],"picked":"hexamod:StepThrough","floor":13},{"not_picked":["hexamod:ShieldOfDarkness","hexamod:CatchUp","hexamod:RecurringNightmare"],"picked":"SKIP","floor":13},{"not_picked":["hexamod:ShieldOfDarkness","hexamod:GhostOfSpirePresent"],"picked":"hexamod:GhostShield","floor":14},{"not_picked":["hexamod:ThirdSeal","hexamod:SecondSeal"],"picked":"hexamod:FourthSeal","floor":15},{"not_picked":["hexamod:AdvancingGuard","hexamod:GhostLash"],"picked":"hexamod:PhantomCloak","floor":15}],"player_experience":29983,"relics_obtained":[{"floor":4,"key":"HollowMod:PaleOreRelic"},{"floor":6,"key":"ReplayTheSpireMod:TigerMarble"},{"floor":7,"key":"Oddly Smooth Stone"},{"floor":10,"key":"Replay:Bottled Snecko"}],"event_choices":[],"is_beta":false,"boss_relics":[],"items_purged_floors":[],"is_endless":false,"potions_floor_spawned":[4,6,11,13],"killed_by":"downfall:Ironclad","ascension_level":0}}