{"host":"reretk0dz0kj8f1n","time":1607871451,"event":{"mods":["BaseMod","Lobotomy","Minty Spire (QoL Compilation)","StSLib"],"gold_per_floor":[111,111,111,128,146,178,234,267,279,317,329,370,416,440,452,569,631,655,942,1014,1045,1057,1098,1125,1137,1137],"floor_reached":25,"playtime":1462,"items_purged":[],"score":350,"play_id":"e868bd6c-ca6f-4545-83b6-0a61deeb8eb3","local_time":"20201213235731","is_ascension_mode":true,"campfire_choices":[{"floor":11,"key":"REST"},{"data":"Calculated Gamble","floor":15,"key":"SMITH"}],"circlet_count":0,"master_deck":["Strike_G","Strike_G","Strike_G","Strike_G","Strike_G","Defend_G","Defend_G","Defend_G","Defend_G","Defend_G","Survivor","Neutralize","Crippling Poison+1","PiercingWail","VoidDream","Backstab","MHz","Expertise","Choke","Calculated Gamble+1","Catalyst+1","Tools of the Trade","Backflip","Regret","Backflip","Prepared","CherryBlossoms","Deadly Poison+1","QueenOfHatred"],"relics":["Ring of the Snake","CogitoBucket","RabbitCall","Bag of Marbles","WingedGreaves","Bag of Preparation","MawBank","Meat on the Bone","Strawberry","PreservedInsect","Pear","ChangeAnything","Tiny House","Shuriken","AdjustmentMirror"],"acts_visited":["Exordium","TheCity"],"potions_floor_usage":[7,7,8,21,21,24],"damage_taken":[{"damage":0,"enemies":"Small Slimes","floor":1,"turns":3},{"damage":2,"enemies":"2 Louse","floor":4,"turns":2},{"damage":0,"enemies":"Cultist","floor":5,"turns":3},{"damage":1,"enemies":"3 Sentries","floor":6,"turns":4},{"damage":14,"enemies":"3 Sentries","floor":7,"turns":7},{"damage":12,"enemies":"Gremlin Nob","floor":8,"turns":4},{"damage":5,"enemies":"3 Sentries","floor":10,"turns":7},{"damage":19,"enemies":"Lagavulin","floor":12,"turns":7},{"damage":0,"enemies":"Gremlin Nob","floor":13,"turns":2},{"damage":0,"enemies":"Looter","floor":14,"turns":2},{"damage":30,"enemies":"The Guardian","floor":16,"turns":10},{"damage":2,"enemies":"Spheric Guardian","floor":18,"turns":5},{"damage":10,"enemies":"3 Byrds","floor":20,"turns":5},{"damage":40,"enemies":"Sentry and Sphere","floor":21,"turns":7},{"damage":17,"enemies":"Slavers","floor":23,"turns":5},{"damage":28,"enemies":"Snake Plant","floor":24,"turns":8},{"damage":19,"enemies":"Book of Stabbing","floor":25,"turns":5}],"seed_played":"-1781475951396371580","potions_obtained":[{"floor":4,"key":"Fire Potion"},{"floor":6,"key":"EssenceOfSteel"},{"floor":7,"key":"SkillPotion"},{"floor":12,"key":"Ancient Potion"},{"floor":17,"key":"AttackPotion"},{"floor":20,"key":"AttackPotion"},{"floor":23,"key":"ColorlessPotion"},{"floor":24,"key":"GamblersBrew"}],"is_trial":false,"path_per_floor":["M","?","?","M","M","E","?","E","T","E","R","E","E","M","R","B",null,"M","?","M","M","?","E","M","E"],"character_chosen":"THE_SILENT","items_purchased":[],"campfire_rested":1,"item_purchase_floors":[],"current_hp_per_floor":[70,45,45,43,43,42,28,16,16,30,53,46,56,56,56,38,92,90,90,80,52,34,29,13,0,0],"gold":1137,"neow_bonus":"","is_daily":false,"chose_seed":false,"campfire_upgraded":1,"win_rate":0.0,"timestamp":1607871451,"path_taken":["M","?","?","M","?","E","?","E","T","E","R","E","E","M","R","BOSS","M","?","?","M","?","E","M","E"],"items_purchased_type":[],"build_version":"2020-11-30","purchased_purges":0,"victory":false,"max_hp_per_floor":[70,70,70,70,70,70,70,70,70,77,77,77,87,87,87,87,92,92,92,92,92,97,97,97,97,97],"card_choices":[{"not_picked":["BodiesMountain","BeautyBeast","VoidDream"],"picked":"Singing Bowl","floor":1},{"not_picked":["All Out Attack","Outmaneuver"],"picked":"Crippling Poison","floor":1},{"not_picked":["OSAHOGD","PunishingBird","Scorched"],"picked":"Singing Bowl","floor":4},{"not_picked":["Deadly Poison","Finisher","Dodge and Roll"],"picked":"SKIP","floor":4},{"not_picked":["Yin","QueenBee","SnowQueen"],"picked":"Singing Bowl","floor":5},{"not_picked":["Setup","Blade Dance","Distraction"],"picked":"SKIP","floor":5},{"not_picked":["CrumblingArmor","Murderer","BlackSwan"],"picked":"Singing Bowl","floor":6},{"not_picked":["Dodge and Roll","Dagger Throw","Deflect"],"picked":"SKIP","floor":6},{"not_picked":["Wellcheers","Scorched","ShyLook"],"picked":"Singing Bowl","floor":7},{"not_picked":["Deflect","Bane"],"picked":"PiercingWail","floor":7},{"not_picked":["Bloodbath","Scorched","Alriune"],"picked":"Singing Bowl","floor":8},{"not_picked":["DreamingCurrent","Scarecrow"],"picked":"VoidDream","floor":8},{"not_picked":["Cloak And Dagger","Sucker Punch"],"picked":"Backstab","floor":8},{"not_picked":["FairyFestival","QueenBee","BeautyBeast"],"picked":"Singing Bowl","floor":10},{"not_picked":["Yin","ShyLook"],"picked":"MHz","floor":10},{"not_picked":["Blade Dance","Underhanded Strike"],"picked":"Expertise","floor":10},{"not_picked":["CherryBlossoms","BeautyBeast","Bloodbath"],"picked":"Singing Bowl","floor":12},{"not_picked":["Poisoned Stab","Accuracy"],"picked":"Choke","floor":12},{"not_picked":["Scorched","MeatLantern","Murderer"],"picked":"Singing Bowl","floor":13},{"not_picked":["Prepared","Cloak And Dagger"],"picked":"Calculated Gamble","floor":13},{"not_picked":["Rudolta","Funeral","MeatLantern"],"picked":"Singing Bowl","floor":14},{"not_picked":["Bane","Bullet Time"],"picked":"Catalyst","floor":14},{"not_picked":["Variant","WallGazer","OSAHOGD"],"picked":"Singing Bowl","floor":16},{"not_picked":["Envenom","Unload"],"picked":"Tools of the Trade","floor":16},{"not_picked":["Funeral","Porccubus","Bloodbath"],"picked":"Singing Bowl","floor":18},{"not_picked":["Endless Agony","Blur+1"],"picked":"Backflip","floor":18},{"not_picked":["CherryBlossoms","BigBadWolf","RedShoes"],"picked":"Singing Bowl","floor":20},{"not_picked":["Dagger Spray","Poisoned Stab"],"picked":"Backflip","floor":20},{"not_picked":["Scarecrow","Bloodbath","BigBird"],"picked":"Singing Bowl","floor":21},{"not_picked":["Outmaneuver","Flying Knee"],"picked":"Prepared","floor":21},{"not_picked":["Bloodbath","LongBird","LaLuna"],"picked":"Singing Bowl","floor":23},{"not_picked":["Woodsman","Yin"],"picked":"CherryBlossoms","floor":23},{"not_picked":["Flying Knee","Finisher+1"],"picked":"Deadly Poison+1","floor":23},{"not_picked":["Murderer","NakedNest","WallGazer"],"picked":"Singing Bowl","floor":24},{"not_picked":["BeautyBeast","QueenBee"],"picked":"QueenOfHatred","floor":24},{"not_picked":["Slice","Riddle With Holes","Skewer+1"],"picked":"SKIP","floor":24}],"player_experience":212768,"relics_obtained":[{"floor":6,"key":"WingedGreaves"},{"floor":7,"key":"Bag of Preparation"},{"floor":8,"key":"MawBank"},{"floor":9,"key":"Meat on the Bone"},{"floor":10,"key":"Strawberry"},{"floor":12,"key":"PreservedInsect"},{"floor":13,"key":"Pear"},{"floor":23,"key":"Shuriken"}],"event_choices":[{"damage_healed":0,"gold_gain":0,"player_choice":"Success","damage_taken":25,"relics_obtained":["Bag of Marbles"],"max_hp_gain":0,"max_hp_loss":0,"event_name":"Scrap Ooze","floor":2,"gold_loss":0},{"damage_healed":0,"gold_gain":0,"player_choice":"Upgraded","damage_taken":0,"max_hp_gain":0,"max_hp_loss":0,"event_name":"Upgrade Shrine","floor":3,"gold_loss":0,"cards_upgraded":["Crippling Poison"]},{"damage_healed":0,"gold_gain":0,"player_choice":"Searched \u00272\u0027 times","damage_taken":0,"max_hp_gain":0,"max_hp_loss":0,"event_name":"Dead Adventurer","floor":7,"gold_loss":0},{"damage_healed":0,"gold_gain":275,"player_choice":"Desecrate","damage_taken":0,"max_hp_gain":0,"max_hp_loss":0,"event_name":"Golden Shrine","floor":19,"gold_loss":0,"cards_obtained":["Regret"]},{"damage_healed":0,"gold_gain":0,"player_choice":"Shed Blood","damage_taken":23,"max_hp_gain":5,"max_hp_loss":0,"event_name":"Forgotten Altar","floor":22,"gold_loss":0}],"is_beta":false,"boss_relics":[{"not_picked":["Runic Pyramid","Velvet Choker"],"picked":"Tiny House"}],"items_purged_floors":[],"is_endless":false,"potions_floor_spawned":[4,6,7,12,20,23,24],"killed_by":"Book of Stabbing","ascension_level":1}}