{"host":"qrt7o4dq2qslzw13","time":1607883090,"event":{"mods":["AchievementEnabler","BaseMod","Colored Map","Colored Powertips","Minty Spire (QoL Compilation)","Quick Restart","Rare Cards Sparkle","StSLib","SuperFastMode"],"gold_per_floor":[109,19,19,19,36,36,69,69,69,79,111,128,128,128,128,206,206,216,216,175,188,39,39,52,62,87,87,102,102,102,102],"floor_reached":30,"playtime":756,"items_purged":[],"score":493,"play_id":"757c06b8-5660-440d-a3af-e9e68f3ada8e","local_time":"20201213131130","is_ascension_mode":true,"campfire_choices":[{"floor":6.0,"key":"REST"},{"floor":8.0,"key":"REST"},{"floor":13.0,"key":"REST"},{"floor":15.0,"key":"REST"},{"floor":23.0,"key":"REST"},{"floor":27.0,"key":"REST"}],"circlet_count":0,"master_deck":["AscendersBane","Defend_R","Defend_R","Defend_R","Defend_R","Bash","Mayhem","Shrug It Off","Rampage","Shrug It Off","Thunderclap","Shrug It Off","Iron Wave","Flex","Pain","Limit Break","Pommel Strike+1","Twin Strike+1","Armaments","Discovery","Perfected Strike","Carnage","Perfected Strike","Shockwave","Bite","Bite","Bite","Bite","Bite"],"relics":["Black Blood","Eternal Feather","StrikeDummy","White Beast Statue","Kunai","WarpedTongs","Oddly Smooth Stone"],"acts_visited":["Exordium","TheCity"],"potions_floor_usage":[30],"damage_taken":[{"damage":15.0,"enemies":"Small Slimes","floor":1.0,"turns":3.0},{"damage":7.0,"enemies":"2 Louse","floor":5.0,"turns":2.0},{"damage":47.0,"enemies":"3 Sentries","floor":7.0,"turns":9.0},{"damage":1.0,"enemies":"Cultist","floor":10.0,"turns":3.0},{"damage":48.0,"enemies":"Gremlin Nob","floor":11.0,"turns":5.0},{"damage":8.0,"enemies":"Gremlin Gang","floor":12.0,"turns":5.0},{"damage":51.0,"enemies":"The Guardian","floor":16.0,"turns":11.0},{"damage":18.0,"enemies":"Spheric Guardian","floor":18.0,"turns":8.0},{"damage":45.0,"enemies":"2 Thieves","floor":20.0,"turns":5.0},{"damage":22.0,"enemies":"Snake Plant","floor":21.0,"turns":4.0},{"damage":19.0,"enemies":"Snecko","floor":24.0,"turns":7.0},{"damage":44.0,"enemies":"Cultist and Chosen","floor":25.0,"turns":7.0},{"damage":35.0,"enemies":"Centurion and Healer","floor":28.0,"turns":7.0},{"damage":40,"enemies":"Book of Stabbing","floor":30,"turns":5}],"seed_played":"-3200524615136024716","potions_obtained":[{"floor":5.0,"key":"PowerPotion"},{"floor":10.0,"key":"SkillPotion"},{"floor":11.0,"key":"AttackPotion"},{"floor":12.0,"key":"EssenceOfSteel"},{"floor":16.0,"key":"Swift Potion"},{"floor":18.0,"key":"GamblersBrew"},{"floor":20.0,"key":"Fire Potion"},{"floor":21.0,"key":"BloodPotion"},{"floor":24.0,"key":"SteroidPotion"},{"floor":25.0,"key":"Block Potion"},{"floor":28.0,"key":"CultistPotion"}],"is_trial":false,"path_per_floor":["M","$","?","?","M","R","E","R","T","M","E","M","R","?","R","B",null,"M","$","M","M","$","R","M","M","T","R","M","?","E"],"character_chosen":"IRONCLAD","items_purchased":["Rampage","Discovery","Perfected Strike"],"campfire_rested":6,"item_purchase_floors":[2,22,22],"current_hp_per_floor":[59,59,52,34,33,64,23,54,54,59,17,15,46,46,75,30,64,58,58,25,15,15,67,60,28,28,65,42,42,9,9],"gold":102,"neow_bonus":"RANDOM_COLORLESS_2","is_daily":false,"chose_seed":false,"campfire_upgraded":0,"win_rate":0.0,"timestamp":1607883090,"path_taken":["M","$","?","?","M","R","E","R","T","M","E","M","R","?","R","BOSS","M","$","?","M","$","R","M","M","T","R","?","?","E"],"items_purchased_type":["Card","Card","Card"],"build_version":"2020-11-30","purchased_purges":0,"victory":false,"max_hp_per_floor":[75,75,75,75,75,75,75,75,75,75,75,75,75,75,75,75,75,75,75,75,75,75,75,75,75,75,75,75,52,52,52],"card_choices":[{"not_picked":["HandOfGreed","Metamorphosis"],"picked":"Mayhem","floor":0.0},{"not_picked":["Sword Boomerang","Headbutt"],"picked":"Shrug It Off","floor":1.0},{"not_picked":["Sever Soul","Warcry"],"picked":"Shrug It Off","floor":5.0},{"not_picked":["Headbutt","Bloodletting"],"picked":"Thunderclap","floor":7.0},{"not_picked":["Rampage","Disarm"],"picked":"Shrug It Off","floor":10.0},{"not_picked":["Dropkick","Second Wind"],"picked":"Iron Wave","floor":11.0},{"not_picked":["Sword Boomerang","Berserk"],"picked":"Flex","floor":12.0},{"not_picked":["Juggernaut","Feed"],"picked":"Limit Break","floor":16.0},{"not_picked":["Perfected Strike","True Grit"],"picked":"Pommel Strike+1","floor":18.0},{"not_picked":["Shrug It Off","Wild Strike"],"picked":"Twin Strike+1","floor":20.0},{"not_picked":["Thunderclap","Iron Wave"],"picked":"Armaments","floor":21.0},{"not_picked":["Clash","Uppercut"],"picked":"Carnage","floor":24.0},{"not_picked":["Clash","Sword Boomerang"],"picked":"Perfected Strike","floor":25.0},{"not_picked":["Evolve","Rage"],"picked":"Shockwave","floor":28.0}],"player_experience":444799,"relics_obtained":[{"floor":7.0,"key":"StrikeDummy"},{"floor":9.0,"key":"White Beast Statue"},{"floor":11.0,"key":"Kunai"},{"floor":26.0,"key":"Oddly Smooth Stone"}],"event_choices":[{"cards_removed":["Normality"],"damage_healed":0.0,"max_hp_gain":0.0,"max_hp_loss":0.0,"gold_gain":0.0,"event_name":"Golden Wing","player_choice":"Card Removal","floor":3.0,"gold_loss":0.0,"damage_taken":7.0},{"damage_healed":0.0,"max_hp_gain":0.0,"max_hp_loss":0.0,"gold_gain":0.0,"event_name":"Scrap Ooze","player_choice":"Success","floor":4.0,"gold_loss":0.0,"damage_taken":18.0,"relics_obtained":["Eternal Feather"]},{"damage_healed":0.0,"max_hp_gain":0.0,"max_hp_loss":0.0,"gold_gain":0.0,"event_name":"Accursed Blacksmith","player_choice":"Rummage","floor":14.0,"gold_loss":0.0,"damage_taken":0.0,"relics_obtained":["WarpedTongs"],"cards_obtained":["Pain"]},{"damage_healed":0.0,"max_hp_gain":0.0,"max_hp_loss":23.0,"gold_gain":0.0,"event_name":"Vampires","player_choice":"Became a vampire","floor":29.0,"gold_loss":0.0,"damage_taken":0.0,"cards_obtained":["Bite","Bite","Bite","Bite","Bite"]}],"is_beta":false,"boss_relics":[{"not_picked":["Ectoplasm","Velvet Choker"],"picked":"Black Blood"}],"items_purged_floors":[],"is_endless":false,"potions_floor_spawned":[5,10,11,12,16,18,20,21,24,25,28],"killed_by":"Book of Stabbing","ascension_level":19}}