{"host":"r5m27m0hu9mtdi9d","time":1607837822,"event":{"mods":["AchievementEnabler","BaseMod","Colored Map","Colored Powertips","Highlight Path","Minty Spire (QoL Compilation)"],"gold_per_floor":[116,129,146,146,159,159,178,212,261,41,61,61,61,75,75,171,171,191,191,191,64,81,81,100,118,118,130,158,170,182,182],"floor_reached":30,"playtime":3518,"items_purged":["Strike_G","Strike_G+1"],"score":451,"play_id":"2c607347-ad11-4908-ad6a-9c1460ba3ecd","local_time":"20201213003702","is_ascension_mode":true,"campfire_choices":[{"data":"Predator","floor":6.0,"key":"SMITH"},{"data":"Skewer","floor":12.0,"key":"SMITH"},{"data":"Footwork","floor":15.0,"key":"SMITH"},{"data":"Catalyst","floor":23.0,"key":"SMITH"},{"data":"Concentrate","floor":27.0,"key":"SMITH"},{"data":"After Image","floor":29.0,"key":"SMITH"}],"circlet_count":0,"master_deck":["Strike_G+1","Strike_G+1","Strike_G+1","Defend_G+1","Defend_G+1","Defend_G+1","Defend_G+1","Survivor","Neutralize","Doppelganger","Backflip","Deadly Poison","Outmaneuver","Predator+1","Skewer+1","Concentrate+1","Blur","Caltrops","Footwork+1","After Image+1","CurseOfTheBell","Dodge and Roll","Catalyst+1","Escape Plan","PiercingWail","Deadly Poison+1","Tactician"],"relics":["Ring of the Snake","Pantograph","PreservedInsect","Membership Card","Sundial","Calling Bell","Blood Vial","Shuriken","Thread and Needle","Enchiridion","MawBank"],"acts_visited":["Exordium","TheCity"],"potions_floor_usage":[30],"damage_taken":[{"damage":0.0,"enemies":"Small Slimes","floor":1.0,"turns":3.0},{"damage":1.0,"enemies":"Cultist","floor":2.0,"turns":5.0},{"damage":7.0,"enemies":"Jaw Worm","floor":3.0,"turns":5.0},{"damage":0.0,"enemies":"2 Fungi Beasts","floor":5.0,"turns":5.0},{"damage":0.0,"enemies":"3 Louse","floor":7.0,"turns":3.0},{"damage":20.0,"enemies":"3 Sentries","floor":8.0,"turns":8.0},{"damage":0.0,"enemies":"Large Slime","floor":11.0,"turns":9.0},{"damage":2.0,"enemies":"Blue Slaver","floor":14.0,"turns":6.0},{"damage":6.0,"enemies":"Slime Boss","floor":16.0,"turns":8.0},{"damage":1.0,"enemies":"Shell Parasite","floor":18.0,"turns":7.0},{"damage":1.0,"enemies":"3 Byrds","floor":22.0,"turns":6.0},{"damage":7.0,"enemies":"Shelled Parasite and Fungi","floor":24.0,"turns":13.0},{"damage":36.0,"enemies":"3 Cultists","floor":25.0,"turns":6.0},{"damage":1.0,"enemies":"Centurion and Healer","floor":28.0,"turns":5.0},{"damage":14,"enemies":"Snake Plant","floor":30,"turns":2}],"seed_played":"-2879217332657119206","potions_obtained":[{"floor":5.0,"key":"LiquidMemories"},{"floor":8.0,"key":"FearPotion"},{"floor":16.0,"key":"PowerPotion"},{"floor":18.0,"key":"Energy Potion"},{"floor":25.0,"key":"Strength Potion"}],"is_trial":false,"path_per_floor":["M","M","M","?","M","R","M","E","T","$","M","R","?","M","R","B",null,"M","?","?","$","M","R","M","M","T","R","M","R","M"],"character_chosen":"THE_SILENT","items_purchased":["Membership Card","Blur","Catalyst","Escape Plan"],"campfire_rested":0,"item_purchase_floors":[10,10,21,21],"current_hp_per_floor":[63,62,55,55,55,55,55,35,35,35,35,35,17,15,15,34,61,62,62,46,46,47,47,42,8,8,8,9,9,0,0],"gold":182,"neow_bonus":"ONE_RANDOM_RARE_CARD","is_daily":false,"chose_seed":false,"campfire_upgraded":6,"win_rate":0.0,"timestamp":1607837822,"path_taken":["M","M","M","?","M","R","?","E","T","$","M","R","?","M","R","BOSS","M","?","?","$","M","R","M","M","T","R","M","R","M"],"items_purchased_type":["Relic","Card","Card","Card"],"build_version":"2020-11-30","purchased_purges":2,"victory":false,"max_hp_per_floor":[70,70,70,70,70,70,70,70,70,70,70,70,70,70,70,70,70,70,70,70,70,70,70,70,70,70,70,70,70,70,70],"card_choices":[{"not_picked":["Acrobatics","Slice"],"picked":"Backflip","floor":1.0},{"not_picked":["Cloak And Dagger","Dagger Spray"],"picked":"Deadly Poison","floor":2.0},{"not_picked":["Cloak And Dagger","Expertise"],"picked":"Outmaneuver","floor":3.0},{"not_picked":["Finisher","Blade Dance"],"picked":"Skewer","floor":5.0},{"not_picked":["Deflect","Infinite Blades"],"picked":"Concentrate","floor":7.0},{"not_picked":["Doppelganger","Outmaneuver","Wraith Form v2"],"picked":"SKIP","floor":8.0},{"not_picked":["Underhanded Strike","Infinite Blades"],"picked":"Caltrops","floor":11.0},{"not_picked":["Deadly Poison","Dagger Spray"],"picked":"Footwork","floor":14.0},{"not_picked":["Wraith Form v2","Storm of Steel"],"picked":"After Image","floor":16.0},{"not_picked":["Choke","Blade Dance"],"picked":"Dodge and Roll","floor":18.0},{"not_picked":["Well Laid Plans","Flechettes"],"picked":"PiercingWail","floor":22.0},{"not_picked":["Cloak And Dagger+1","Deflect"],"picked":"Deadly Poison+1","floor":24.0},{"not_picked":["Predator","Blade Dance"],"picked":"Tactician","floor":25.0},{"not_picked":["Quick Slash+1","Poisoned Stab","Dagger Throw+1"],"picked":"SKIP","floor":28.0}],"player_experience":624143,"relics_obtained":[{"floor":8.0,"key":"Pantograph"},{"floor":9.0,"key":"PreservedInsect"},{"floor":17.0,"key":"Blood Vial"},{"floor":17.0,"key":"Shuriken"},{"floor":17.0,"key":"Thread and Needle"},{"floor":20.0,"key":"Enchiridion"},{"floor":26.0,"key":"MawBank"}],"event_choices":[{"damage_healed":0.0,"max_hp_gain":0.0,"max_hp_loss":0.0,"gold_gain":0.0,"cards_transformed":["Defend_G"],"event_name":"Transmorgrifier","player_choice":"Transformed","floor":4.0,"gold_loss":0.0,"damage_taken":0.0,"cards_obtained":["Predator"]},{"damage_healed":0.0,"max_hp_gain":0.0,"max_hp_loss":0.0,"gold_gain":0.0,"event_name":"Scrap Ooze","player_choice":"Success","floor":13.0,"gold_loss":0.0,"damage_taken":18.0,"relics_obtained":["Sundial"]},{"damage_healed":0.0,"max_hp_gain":0.0,"max_hp_loss":0.0,"gold_gain":0.0,"event_name":"Back to Basics","player_choice":"Simplicity","floor":19.0,"gold_loss":0.0,"damage_taken":0.0,"cards_upgraded":["Strike_G","Strike_G","Strike_G","Strike_G","Defend_G","Defend_G","Defend_G","Defend_G"]},{"damage_healed":0.0,"max_hp_gain":0.0,"max_hp_loss":0.0,"gold_gain":0.0,"event_name":"Cursed Tome","player_choice":"Obtained Book","floor":20.0,"gold_loss":0.0,"damage_taken":16.0}],"is_beta":false,"boss_relics":[{"not_picked":["Velvet Choker","Fusion Hammer"],"picked":"Calling Bell"}],"items_purged_floors":[10,21],"is_endless":false,"potions_floor_spawned":[5,8,16,18,25],"killed_by":"Snake Plant","ascension_level":7}}