{"host":"zizeror0v90hbyn9","time":1607841953,"event":{"mods":["Aspiration","BaseMod","Downfall","Friendly Minions","Koishi","Marisa£®ÏF”Í°°ƒß¿Ì…≥£©","Minty Spire (QoL Compilation)","Prisma Mod","Replay The Spire","StSLib","The Animator","The Bug Knight","The Cursed","The Servant 0.9.4","Youmu£®ªÍ∆«—˝√Œ£©"],"gold_per_floor":[114,133,143,218,230,230,230],"floor_reached":6,"playtime":275,"items_purged":[],"score":40,"play_id":"fe9f0443-4e2b-496d-a6c6-2637816e959c","local_time":"20201213144553","is_ascension_mode":true,"campfire_choices":[],"circlet_count":0,"master_deck":["Strike_G","Strike_G","Strike_G","Strike_G","Strike_G","Defend_G","Defend_G","Defend_G","Defend_G","Defend_G","Survivor","Neutralize","Toxin Wave","Infinite Blades","Poisoned Stab","Acrobatics","Blade Dance"],"relics":["Ring of the Snake"],"acts_visited":["Exordium"],"potions_floor_usage":[],"damage_taken":[{"damage":6.0,"enemies":"Jaw Worm","floor":1.0,"turns":6.0},{"damage":1.0,"enemies":"Cultist","floor":2.0,"turns":5.0},{"damage":0.0,"enemies":"Small Slimes","floor":3.0,"turns":3.0},{"damage":24,"enemies":"Red Slaver","floor":5,"turns":5},{"damage":29,"enemies":"Gremlin Nob","floor":6,"turns":4}],"seed_played":"6290120884622303314","potions_obtained":[{"floor":3.0,"key":"SneckoOil"}],"is_trial":false,"path_per_floor":["M","M","M","?","M","E"],"character_chosen":"THE_SILENT","items_purchased":[],"campfire_rested":0,"item_purchase_floors":[],"current_hp_per_floor":[64,63,63,56,32,3,3],"gold":230,"neow_bonus":"THREE_CARDS","is_daily":false,"chose_seed":false,"campfire_upgraded":0,"win_rate":0.0,"timestamp":1607841953,"path_taken":["M","M","M","?","?","E"],"items_purchased_type":[],"build_version":"2020-11-30","purchased_purges":0,"victory":false,"max_hp_per_floor":[70,70,70,70,70,70,70],"card_choices":[{"not_picked":["Slice","Dodge and Roll"],"picked":"Toxin Wave","floor":0.0},{"not_picked":["Dodge and Roll","Backflip"],"picked":"Infinite Blades","floor":1.0},{"not_picked":["Dodge and Roll","Underhanded Strike"],"picked":"Poisoned Stab","floor":2.0},{"not_picked":["Underhanded Strike","Bane"],"picked":"Acrobatics","floor":3.0},{"not_picked":["Setup","Distraction"],"picked":"Blade Dance","floor":5}],"player_experience":136513,"relics_obtained":[],"event_choices":[{"damage_healed":0,"gold_gain":75,"player_choice":"Touch","damage_taken":7,"max_hp_gain":0,"max_hp_loss":0,"event_name":"FaceTrader","floor":4,"gold_loss":0}],"is_beta":false,"boss_relics":[],"items_purged_floors":[],"is_endless":false,"potions_floor_spawned":[3],"killed_by":"Gremlin Nob","ascension_level":1}}