{"host":"nkq47b23w6g6esgi","time":1607822173,"event":{"mods":["AchievementEnabler","BaseMod","Colored Map","Colored Powertips","DeckTracker","Minty Spire (QoL Compilation)","Quick Restart","StSLib","SuperFastMode"],"gold_per_floor":[418,233,245,170,181,181,214,214,214,1,34,45,45,56,56,131,131,147,147,97,113,38,38,38,38],"floor_reached":24,"playtime":641,"items_purged":["Strike_R","Strike_R"],"score":398,"play_id":"b39f2ea4-2658-4686-8958-b31016215b3c","local_time":"20201213101613","is_ascension_mode":true,"campfire_choices":[{"data":"Fire Breathing","floor":6.0,"key":"SMITH"},{"floor":13.0,"key":"REST"},{"data":"Uppercut","floor":15.0,"key":"SMITH"},{"floor":23.0,"key":"REST"}],"circlet_count":0,"master_deck":["AscendersBane","Strike_R","Strike_R","Defend_R","Defend_R","Defend_R","Bash","Parasite","Fire Breathing+1","Armaments","Reckless Charge","Pummel","Rampage","Warcry","Uppercut+1","Pommel Strike","Feed","Reckless Charge+1","Battle Trance"],"relics":["Burning Blood","Old Coin","Letter Opener","TheAbacus","Smiling Mask","Mark of Pain","Nloth\u0027s Gift"],"acts_visited":["Exordium","TheCity"],"potions_floor_usage":[24],"damage_taken":[{"damage":11.0,"enemies":"Jaw Worm","floor":1.0,"turns":6.0},{"damage":3.0,"enemies":"2 Louse","floor":3.0,"turns":2.0},{"damage":2.0,"enemies":"Cultist","floor":5.0,"turns":4.0},{"damage":25.0,"enemies":"3 Sentries","floor":7.0,"turns":4.0},{"damage":32.0,"enemies":"Gremlin Nob","floor":11.0,"turns":4.0},{"damage":13.0,"enemies":"Large Slime","floor":12.0,"turns":4.0},{"damage":18.0,"enemies":"Red Slaver","floor":14.0,"turns":3.0},{"damage":31.0,"enemies":"Hexaghost","floor":16.0,"turns":9.0},{"damage":20.0,"enemies":"Chosen","floor":18.0,"turns":4.0},{"damage":19.0,"enemies":"Spheric Guardian","floor":21.0,"turns":4.0},{"damage":56,"enemies":"Slavers","floor":24,"turns":3}],"seed_played":"2965399409571719833","potions_obtained":[{"floor":5.0,"key":"Regen Potion"},{"floor":7.0,"key":"ElixirPotion"},{"floor":11.0,"key":"Energy Potion"},{"floor":21.0,"key":"Swift Potion"}],"is_trial":false,"path_per_floor":["M","$","M","?","M","R","E","?","T","$","E","M","R","M","R","B",null,"M","?","$","M","$","R","E"],"character_chosen":"IRONCLAD","items_purchased":["Armaments","Reckless Charge","TheAbacus","Uppercut","Battle Trance"],"campfire_rested":2,"item_purchase_floors":[2,2,10,10,22],"current_hp_per_floor":[63,63,66,66,70,70,51,44,44,44,18,23,45,33,33,8,58,44,44,44,31,31,53,0,0],"gold":38,"neow_bonus":"ONE_RARE_RELIC","is_daily":false,"chose_seed":false,"campfire_upgraded":2,"win_rate":0.0,"timestamp":1607822173,"path_taken":["M","$","M","?","M","R","E","?","T","$","E","M","R","M","R","BOSS","M","?","$","M","$","R","E"],"items_purchased_type":["Card","Card","Relic","Card","Card"],"build_version":"2020-11-30","purchased_purges":2,"victory":false,"max_hp_per_floor":[75,75,75,75,75,75,75,75,75,75,75,75,75,75,75,75,75,75,75,75,75,75,75,75,75],"card_choices":[{"not_picked":["Pummel","Headbutt"],"picked":"Fire Breathing","floor":1.0},{"not_picked":["Twin Strike","Heavy Blade"],"picked":"Pummel","floor":3.0},{"not_picked":["Clash","Clothesline"],"picked":"Rampage","floor":5.0},{"not_picked":["Heavy Blade","Disarm"],"picked":"Warcry","floor":7.0},{"not_picked":["Cleave","Disarm","Clash"],"picked":"SKIP","floor":11.0},{"not_picked":["Bludgeon","Infernal Blade"],"picked":"Pommel Strike","floor":12.0},{"not_picked":["Cleave","Dark Embrace","Heavy Blade"],"picked":"SKIP","floor":14.0},{"not_picked":["Limit Break","Juggernaut"],"picked":"Feed","floor":16.0},{"not_picked":["Havoc","Clothesline"],"picked":"Reckless Charge+1","floor":18.0},{"not_picked":["Anger","Flex","Iron Wave"],"picked":"SKIP","floor":21.0}],"player_experience":408060,"relics_obtained":[{"floor":7.0,"key":"Unceasing Top"},{"floor":9.0,"key":"Letter Opener"},{"floor":11.0,"key":"Smiling Mask"}],"event_choices":[{"cards_removed":["Strike_R"],"damage_healed":0.0,"max_hp_gain":0.0,"max_hp_loss":0.0,"gold_gain":0.0,"event_name":"The Cleric","player_choice":"Card Removal","floor":4.0,"gold_loss":75.0,"damage_taken":0.0},{"cards_removed":["Defend_R"],"damage_healed":0.0,"max_hp_gain":0.0,"max_hp_loss":0.0,"gold_gain":0.0,"event_name":"Golden Wing","player_choice":"Card Removal","floor":8.0,"gold_loss":0.0,"damage_taken":7.0},{"damage_healed":0.0,"max_hp_gain":0.0,"max_hp_loss":0.0,"gold_gain":0.0,"event_name":"N\u0027loth","player_choice":"Traded Relic","floor":19.0,"relics_lost":["Unceasing Top"],"gold_loss":0.0,"damage_taken":0.0,"relics_obtained":["Nloth\u0027s Gift"]}],"is_beta":false,"boss_relics":[{"not_picked":["SlaversCollar","Snecko Eye"],"picked":"Mark of Pain"}],"items_purged_floors":[2,20],"is_endless":false,"potions_floor_spawned":[5,7,11,21],"killed_by":"Slavers","ascension_level":19}}