{"host":"5gc11emcm5chfr5t","time":1607887554,"event":{"mods":["2.2 Compatiblity","AchievementEnabler","BaseMod","Bestiary","Better Note","Colored Map","Colored Powertips","Downfall","Googly Eyes","Minty Spire (QoL Compilation)","Rare Cards Sparkle","Say the Spire","StSLib","The Servant 0.9.4"],"gold_per_floor":[199,210,210,220,70,95,121,146,157,82,182,201,34,45,59,155,155,155,169,169,200,216,216,242,262,40,40,50,35,20,35,53,158,158,158,158,178,213,233,264,341,341,341,352,17,44,144,156,156,156],"floor_reached":49,"playtime":3511,"items_purged":["Pain"],"score":547,"play_id":"0755026c-3ce3-4376-9d7c-7fef9455e836","local_time":"20201213142554","is_ascension_mode":false,"campfire_choices":[{"floor":1.0,"key":"RECALL"},{"data":"Guardian:TwinSlam","floor":5.0,"key":"SMITH"},{"floor":10.0,"key":"REST"},{"data":"Guardian:BaubleBeam","floor":18.0,"key":"SMITH"},{"data":"Guardian:Preprogram","floor":20.0,"key":"SMITH"},{"floor":27.0,"key":"REST"},{"data":"Guardian:Clone","floor":35.0,"key":"SMITH"},{"floor":43,"key":"REST"}],"circlet_count":0,"master_deck":["Guardian:Strike_Guardian","Guardian:Strike_Guardian","Guardian:Strike_Guardian","Guardian:Strike_Guardian","Guardian:Defend_Guardian","Guardian:Defend_Guardian","Guardian:Defend_Guardian","Guardian:Defend_Guardian+1","Guardian:TwinSlam+1","Guardian:PrimingBeam","Guardian:RollAttack","Guardian:BaubleBeam+1","Guardian:MultiBeam","Guardian:ShieldCharger","Guardian:PrimingBeam","Guardian:Preprogram+1","Guardian:Recover","Guardian:Clone+1","Guardian:ExploitGems","Guardian:Harden","Guardian:BaubleBeam","Guardian:RefractedBeam+1","Guardian:Gem_Lightblue","Guardian:Gem_Lightblue","The Bomb","Guardian:PrismaticBeam"],"relics":["Guardian:ModeShifterPlus","downfall:HeartBlessingRed","downfall:HeartBlessingBlue","Pen Nib","Dream Catcher","War Paint","downfall:HeartBlessingGreen","ClockworkSouvenir","Letter Opener","Bird Faced Urn","Juzu Bracelet","Membership Card","SacredBark","Singing Bowl","Orichalcum","Medical Kit","Gremlin Horn","StrikeDummy","Pocketwatch","Blood Vial","Akabeko"],"acts_visited":[],"potions_floor_usage":[38,44,48,48],"damage_taken":[{"damage":0.0,"enemies":"Cultist","floor":2.0,"turns":4.0},{"damage":0.0,"enemies":"2 Louse","floor":4.0,"turns":3.0},{"damage":26.0,"enemies":"Lagavulin","floor":6.0,"turns":6.0},{"damage":14.0,"enemies":"Gremlin Nob","floor":8.0,"turns":4.0},{"damage":4.0,"enemies":"Jaw Worm","floor":9.0,"turns":2.0},{"damage":13.0,"enemies":"Large Slime","floor":12.0,"turns":4.0},{"damage":0.0,"enemies":"downfall:FleeingMerchant","floor":13.0,"turns":4.0},{"damage":0.0,"enemies":"3 Louse","floor":14.0,"turns":2.0},{"damage":10.0,"enemies":"Exordium Thugs","floor":15.0,"turns":2.0},{"damage":49.0,"enemies":"downfall:CharBossDefect","floor":16.0,"turns":7.0},{"damage":18.0,"enemies":"Shell Parasite","floor":19.0,"turns":5.0},{"damage":24.0,"enemies":"Book of Stabbing","floor":21.0,"turns":5.0},{"damage":6.0,"enemies":"Chosen and Byrds","floor":22.0,"turns":5.0},{"damage":5.0,"enemies":"Snake Plant","floor":25.0,"turns":3.0},{"damage":2.0,"enemies":"downfall:FleeingMerchant","floor":26.0,"turns":4.0},{"damage":8.0,"enemies":"Sentry and Sphere","floor":28.0,"turns":4.0},{"damage":2.0,"enemies":"downfall:FleeingMerchant","floor":29.0,"turns":4.0},{"damage":6.0,"enemies":"downfall:FleeingMerchant","floor":30.0,"turns":4.0},{"damage":6.0,"enemies":"Centurion and Healer","floor":31.0,"turns":4.0},{"damage":6.0,"enemies":"Snake Plant","floor":32.0,"turns":3.0},{"damage":7.0,"enemies":"downfall:CharBossIronclad","floor":33.0,"turns":9.0},{"damage":6.0,"enemies":"3 Shapes","floor":37.0,"turns":2.0},{"damage":0,"enemies":"downfall:FleeingMerchant","floor":38,"turns":2},{"damage":9,"enemies":"Orb Walker","floor":39,"turns":4},{"damage":49,"enemies":"Nemesis","floor":40,"turns":8},{"damage":38,"enemies":"Transient","floor":44,"turns":5},{"damage":2,"enemies":"Spire Growth","floor":48,"turns":6},{"damage":41,"enemies":"Maw","floor":49,"turns":8}],"seed_played":"1186047798494615514","potions_obtained":[{"floor":4.0,"key":"DuplicationPotion"},{"floor":8.0,"key":"BlessingOfTheForge"},{"floor":15.0,"key":"BlessingOfTheForge"},{"floor":21.0,"key":"Guardian:DefensiveModePotion"},{"floor":22.0,"key":"ColorlessPotion"},{"floor":25.0,"key":"ColorlessPotion"},{"floor":31.0,"key":"ColorlessPotion"},{"floor":33.0,"key":"Fire Potion"},{"floor":39,"key":"PowerPotion"},{"floor":40,"key":"Fire Potion"}],"is_trial":false,"path_per_floor":["R","M","T","M","R","E","T","E","M","R","?","M","$","M","M","B",null,"R","M","R","E","M","?","T","M","$","R","M","$","$","M","M","B",null,"R","?","M","$","M","E","T","?","R","M","$","T","?","M","M"],"character_chosen":"GUARDIAN","items_purchased":["ClockworkSouvenir","Membership Card","Block Potion","Singing Bowl","Orichalcum","Medical Kit","Guardian:DefensiveModePotion","Guardian:Gem_Crimson","Pocketwatch","Blood Vial","The Bomb","Guardian:PrismaticBeam"],"campfire_rested":3,"item_purchase_floors":[13,26,26,38,38,38,38,38,45,45,45,45],"current_hp_per_floor":[80,80,80,80,90,64,64,50,46,73,73,60,60,60,50,1,90,90,72,72,48,42,42,42,37,35,62,54,52,46,40,34,27,90,90,90,84,84,77,30,30,30,58,20,20,20,20,26,0,0],"gold":156,"neow_bonus":"HUNDRED_GOLD","is_daily":false,"chose_seed":false,"campfire_upgraded":4,"win_rate":0.0,"timestamp":1607887554,"path_taken":["R","M","?","M","R","E","T","E","M","R","?","M","?","M","M","BOSS","R","M","R","E","M","?","T","M","$","R","M","?","$","M","M","BOSS","R","?","M","$","M","E","T","?","R","M","$","?","?","M","M"],"items_purchased_type":["Relic","Relic","Potion","Relic","Relic","Relic","Potion","Card","Relic","Relic","Card","Card"],"build_version":"2020-11-30","purchased_purges":1,"victory":false,"max_hp_per_floor":[80,80,80,80,90,90,90,90,90,90,90,90,90,90,90,90,90,90,90,90,90,90,90,90,90,90,90,90,90,90,90,90,90,90,90,90,90,90,92,94,94,94,94,94,94,94,94,96,96,96],"card_choices":[{"not_picked":["Guardian:Gem_Red","Guardian:Planning"],"picked":"Guardian:PrimingBeam","floor":2.0},{"not_picked":["Guardian:PrismaticBeam","Guardian:BronzeArmor"],"picked":"Guardian:RollAttack","floor":4.0},{"not_picked":["Guardian:ExploitGems","Guardian:PiercingHide"],"picked":"Guardian:BaubleBeam","floor":6.0},{"not_picked":["Guardian:ShieldSpikes","Guardian:Preprogram"],"picked":"Guardian:Gem_Purple","floor":8.0},{"not_picked":["Guardian:Planning","Guardian:SentryBeam"],"picked":"Guardian:MultiBeam","floor":9.0},{"not_picked":["Guardian:Harden","Guardian:ChargeCore"],"picked":"Guardian:ShieldCharger","floor":10.0},{"not_picked":["Guardian:WalkerClaw","Guardian:ArmoredProtocol"],"picked":"Guardian:PrimingBeam","floor":12.0},{"not_picked":["Guardian:TemporalShield","Guardian:FloatingOrbs"],"picked":"Guardian:Preprogram","floor":14.0},{"not_picked":["Guardian:ShieldSpikes","Guardian:Reroute"],"picked":"Guardian:Gem_Red","floor":15.0},{"not_picked":["Guardian:AncientConstruct","Guardian:ConstructionForm"],"picked":"Guardian:Gem_Synthetic","floor":16.0},{"not_picked":["Guardian:RollAttack","Guardian:MultiBeam"],"picked":"Guardian:Gem_Cyan","floor":19.0},{"not_picked":["Guardian:VentSteam","Guardian:Gem_Fragmented"],"picked":"Guardian:Recover","floor":21.0},{"not_picked":["Guardian:DonusPower","Guardian:VentSteam"],"picked":"Guardian:Clone","floor":22.0},{"not_picked":["Guardian:CrystalBeam","Guardian:Planning"],"picked":"Guardian:Gem_Red","floor":25.0},{"not_picked":["Guardian:WalkerClaw+1","Guardian:Incinerate"],"picked":"Guardian:ExploitGems","floor":28.0},{"not_picked":["Guardian:Gem_Red","Guardian:RollAttack"],"picked":"Guardian:Harden","floor":31.0},{"not_picked":["Guardian:PrimingBeam","Guardian:DecasProtection"],"picked":"Guardian:Gem_Green","floor":32.0},{"not_picked":["Guardian:WeakpointTargeting","Guardian:HyperBeam_Guardian"],"picked":"Guardian:BaubleBeam","floor":33.0},{"not_picked":["Guardian:Reroute","Guardian:Gem_Green"],"picked":"Guardian:RefractedBeam+1","floor":37.0},{"not_picked":["Guardian:Gem_Cyan","Guardian:Planning"],"picked":"Guardian:Gem_Purple","floor":38},{"not_picked":["Guardian:TimeCapacitor","Guardian:DonusPower+1","Guardian:Incinerate"],"picked":"Singing Bowl","floor":39},{"not_picked":["Guardian:FastForward","Guardian:Planning","Guardian:DonusPower"],"picked":"Singing Bowl","floor":40},{"not_picked":["Guardian:ShieldCharger+1","Guardian:VentSteam"],"picked":"Guardian:Gem_Lightblue","floor":43},{"not_picked":["Guardian:Gem_Red","Guardian:Gem_Cyan"],"picked":"Guardian:Gem_Lightblue","floor":44},{"not_picked":["Guardian:Clone","Guardian:Gem_Lightblue","Guardian:ShieldSpikes"],"picked":"Singing Bowl","floor":48}],"player_experience":340600,"relics_obtained":[{"floor":6.0,"key":"Pen Nib"},{"floor":7.0,"key":"Dream Catcher"},{"floor":8.0,"key":"War Paint"},{"floor":21.0,"key":"Letter Opener"},{"floor":24.0,"key":"Juzu Bracelet"},{"floor":40,"key":"Gremlin Horn"},{"floor":41,"key":"StrikeDummy"},{"floor":46,"key":"Akabeko"}],"event_choices":[{"cards_removed":["Guardian:CurlUp"],"damage_healed":0,"gold_gain":0,"player_choice":"Removed Skill","damage_taken":0,"max_hp_gain":0,"max_hp_loss":0,"event_name":"Falling","floor":42,"gold_loss":0}],"is_beta":false,"boss_relics":[{"not_picked":["Cursed Key","Sozu"],"picked":"Guardian:ModeShifterPlus"},{"not_picked":["Philosopher\u0027s Stone","Runic Dome"],"picked":"SacredBark"}],"items_purged_floors":[26],"is_endless":false,"potions_floor_spawned":[4,8,15,21,22,25,31,33,39,40],"killed_by":"Maw","ascension_level":0}}