{"host":"0e3sjn8nzeyxegex","time":1607830100,"event":{"mods":["AlwaysNeverKeys","BaseMod","Better Altar","Better Sensory Stone","Better Skull","Better Third Choice","Better Vampires","Colored Map","Friendly Minions","Minty Spire (QoL Compilation)","Permanent Neow","Quick Restart","StSLib","The Alterego","WarShipGirlsR/????R mod"],"gold_per_floor":[114,132,149,165,165,165,199,199,199,232,232,242,259,288,288,385,385,398,11,11,29,47,77,77,96,151,184,184,219,219,219,219,314,314,331,346,359,379,395,421,421,448,448,482,494,514,526,132,132,132],"floor_reached":51,"playtime":3734,"items_purged":["alterego_mod:InsideBaseball","alterego_mod:BigMeatyClaws+1"],"score":1338,"play_id":"9fb248fc-eeda-42a5-980c-fdd0b176f929","local_time":"20201212192820","is_ascension_mode":true,"campfire_choices":[{"data":"alterego_mod:GoddessCore","floor":6.0,"key":"SMITH"},{"data":"alterego_mod:BigMeatyClaws","floor":8.0,"key":"SMITH"},{"data":"alterego_mod:RocketPunch","floor":15.0,"key":"SMITH"},{"floor":24.0,"key":"REST"},{"data":"alterego_mod:Venus","floor":30.0,"key":"SMITH"},{"data":"alterego_mod:BrynhildrRomantia","floor":32.0,"key":"SMITH"},{"data":"alterego_mod:Cushion","floor":41.0,"key":"SMITH"},{"data":"alterego_mod:ClassAdvantage","floor":49,"key":"SMITH"}],"circlet_count":0,"master_deck":["alterego_mod:BrynhildrsRune","alterego_mod:GoddessCore+1","alterego_mod:Birthday","alterego_mod:Rip","alterego_mod:Pet","alterego_mod:Vow","alterego_mod:SakuraLabyrinth","alterego_mod:GoddessCore","alterego_mod:RocketPunch+1","alterego_mod:Venus+1","alterego_mod:Pet","alterego_mod:Cooking+1","alterego_mod:SakuraPetals","alterego_mod:Jiggle+1","alterego_mod:AlterEgo","alterego_mod:BoobPocket","alterego_mod:BiFurious+1","alterego_mod:MagicResistance+1","alterego_mod:Birthday+1","alterego_mod:RidiculouslyBig+1","Ghostly","Ghostly","Ghostly","Ghostly","Ghostly","alterego_mod:BrynhildrRomantia+1","alterego_mod:ClassAdvantage+1","alterego_mod:GoddessCore+1","alterego_mod:Jiggle+1","alterego_mod:Jiggle+1","alterego_mod:Birthday+1","alterego_mod:Belts+1","alterego_mod:Cushion+1","alterego_mod:ChallengeComplete+1","alterego_mod:Nekomimi+1","alterego_mod:RocketPunch+1"],"relics":["alterego_mod:MasochisticConstitution","Incense Burner","Lizard Tail","Shovel","Art of War","Pandora\u0027s Box","Torii","Akabeko","Unceasing Top","War Paint","Prayer Wheel","Vajra","Velvet Choker","Dream Catcher","Mercury Hourglass","Ornamental Fan","Pantograph","Pen Nib","HandDrill"],"acts_visited":["Exordium","TheCity","TheBeyond"],"potions_floor_usage":[50,50,50],"damage_taken":[{"damage":22.0,"enemies":"Jaw Worm","floor":1.0,"turns":8.0},{"damage":1.0,"enemies":"Small Slimes","floor":2.0,"turns":6.0},{"damage":4.0,"enemies":"Cultist","floor":3.0,"turns":4.0},{"damage":22.0,"enemies":"Red Slaver","floor":4.0,"turns":7.0},{"damage":32.0,"enemies":"3 Sentries","floor":7.0,"turns":10.0},{"damage":20.0,"enemies":"Gremlin Nob","floor":10.0,"turns":4.0},{"damage":15.0,"enemies":"Lots of Slimes","floor":12.0,"turns":6.0},{"damage":0.0,"enemies":"2 Fungi Beasts","floor":13.0,"turns":3.0},{"damage":24.0,"enemies":"3 Sentries","floor":14.0,"turns":9.0},{"damage":42.0,"enemies":"Slime Boss","floor":16.0,"turns":11.0},{"damage":36.0,"enemies":"2 Thieves","floor":18.0,"turns":4.0},{"damage":0.0,"enemies":"Spheric Guardian","floor":21.0,"turns":1.0},{"damage":27.0,"enemies":"Cultist and Chosen","floor":22.0,"turns":6.0},{"damage":45.0,"enemies":"Book of Stabbing","floor":23.0,"turns":6.0},{"damage":3.0,"enemies":"Snecko","floor":25.0,"turns":6.0},{"damage":30.0,"enemies":"Slavers","floor":27.0,"turns":5.0},{"damage":5.0,"enemies":"Gremlin Leader","floor":29.0,"turns":2.0},{"damage":0.0,"enemies":"Automaton","floor":33.0,"turns":7.0},{"damage":2.0,"enemies":"Orb Walker","floor":35.0,"turns":4.0},{"damage":6.0,"enemies":"3 Darklings","floor":36.0,"turns":9.0},{"damage":5.0,"enemies":"4 Shapes","floor":37.0,"turns":9.0},{"damage":2.0,"enemies":"Transient","floor":38.0,"turns":5.0},{"damage":9.0,"enemies":"Jaw Worm Horde","floor":39.0,"turns":6.0},{"damage":18.0,"enemies":"Reptomancer","floor":40.0,"turns":4.0},{"damage":4.0,"enemies":"Nemesis","floor":42.0,"turns":9.0},{"damage":47,"enemies":"Reptomancer","floor":44,"turns":7},{"damage":3,"enemies":"Sphere and 2 Shapes","floor":45,"turns":5},{"damage":29,"enemies":"4 Shapes","floor":46,"turns":5},{"damage":2,"enemies":"Spire Growth","floor":47,"turns":10},{"damage":0,"enemies":"Donu and Deca","floor":50,"turns":8}],"seed_played":"6366380447043422111","potions_obtained":[{"floor":1.0,"key":"Strength Potion"},{"floor":7.0,"key":"FearPotion"},{"floor":10.0,"key":"Fire Potion"},{"floor":12.0,"key":"DuplicationPotion"},{"floor":13.0,"key":"Fire Potion"},{"floor":22.0,"key":"Explosive Potion"},{"floor":25.0,"key":"SpeedPotion"},{"floor":35.0,"key":"Energy Potion"},{"floor":36.0,"key":"GamblersBrew"},{"floor":37.0,"key":"PowerPotion"},{"floor":44,"key":"Swift Potion"}],"is_trial":false,"path_per_floor":["M","M","M","M","?","R","E","R","T","E","?","M","M","E","R","B",null,"M","$","?","M","M","E","R","M","T","E","?","E","R","?","R","B",null,"M","M","M","M","M","E","R","E","T","E","M","M","M","$","R","B",null],"character_chosen":"The_Alterego","items_purchased":["Torii","Pen Nib","HandDrill"],"campfire_rested":1,"item_purchase_floors":[19,48,48],"current_hp_per_floor":[49,56,62,50,50,50,35,35,35,18,86,87,87,80,80,62,82,66,66,66,66,59,20,47,57,57,59,47,48,48,48,48,48,48,48,54,63,64,73,74,74,75,75,50,75,86,91,91,91,91],"gold":132,"neow_bonus":"REMOVE_CARD","is_daily":false,"chose_seed":false,"campfire_upgraded":7,"win_rate":0.0,"timestamp":1607830100,"path_taken":["M","M","M","M","?","R","E","R","T","E","?","M","?","E","R","BOSS","M","$","?","?","M","E","R","M","T","E","?","E","R","?","R","BOSS","M","M","M","M","M","E","R","E","T","E","M","M","M","$","R","BOSS"],"items_purchased_type":["Relic","Relic","Relic"],"build_version":"2020-11-30","purchased_purges":2,"victory":true,"max_hp_per_floor":[71,72,73,74,74,74,75,75,75,76,86,87,87,88,88,89,89,90,90,90,90,91,92,92,93,93,94,47,48,48,48,48,48,48,49,54,63,64,73,74,74,75,75,76,81,86,91,91,91,91],"card_choices":[{"not_picked":["alterego_mod:Bunnysuit","alterego_mod:Undulate"],"picked":"alterego_mod:GoddessCore","floor":1.0},{"not_picked":["alterego_mod:Schoolgirl","alterego_mod:1TonWallop"],"picked":"alterego_mod:Birthday","floor":2.0},{"not_picked":["alterego_mod:BreastValley","alterego_mod:Punishment"],"picked":"alterego_mod:Rip","floor":3.0},{"not_picked":["alterego_mod:Complex","alterego_mod:GachaTicket"],"picked":"alterego_mod:Pet","floor":4.0},{"not_picked":["alterego_mod:Complex","alterego_mod:PresenceConcealment"],"picked":"alterego_mod:SakuraLabyrinth","floor":7.0},{"not_picked":["alterego_mod:Santa","alterego_mod:Maid"],"picked":"alterego_mod:Weigh","floor":10.0},{"not_picked":["alterego_mod:DeftHands","alterego_mod:TrashNCrash"],"picked":"alterego_mod:GoddessCore","floor":12.0},{"not_picked":["alterego_mod:PurpleHair","alterego_mod:Jiggle"],"picked":"alterego_mod:RocketPunch","floor":13.0},{"not_picked":["alterego_mod:Undulate","alterego_mod:RidiculouslyBig"],"picked":"alterego_mod:Exercise","floor":14.0},{"not_picked":["alterego_mod:Antipathy","alterego_mod:VirginLaserPalladion"],"picked":"alterego_mod:Venus","floor":16.0},{"not_picked":["alterego_mod:Punishment","alterego_mod:DestructionOfProperty","alterego_mod:PurpleHair"],"picked":"SKIP","floor":18.0},{"not_picked":["alterego_mod:GoddessCore","alterego_mod:SuperDuperMasochism","alterego_mod:Undulate"],"picked":"SKIP","floor":21.0},{"not_picked":["alterego_mod:MagicResistance","alterego_mod:Mirror"],"picked":"alterego_mod:BiFurious+1","floor":22.0},{"not_picked":["alterego_mod:Alter","alterego_mod:Maid"],"picked":"alterego_mod:MagicResistance+1","floor":23.0},{"not_picked":["alterego_mod:DiscoLights","alterego_mod:BiFurious+1"],"picked":"alterego_mod:Birthday+1","floor":25.0},{"not_picked":["alterego_mod:Cycle+1","alterego_mod:MaintainEyeContact+1"],"picked":"alterego_mod:RidiculouslyBig+1","floor":27.0},{"not_picked":["alterego_mod:DiscoLights","alterego_mod:Maid","alterego_mod:Birthday"],"picked":"SKIP","floor":29.0},{"not_picked":["alterego_mod:VirginLaserPalladion","alterego_mod:Palingenesis"],"picked":"alterego_mod:ClassAdvantage","floor":33.0},{"not_picked":["alterego_mod:Punishment","alterego_mod:MagicResistance+1"],"picked":"alterego_mod:GoddessCore+1","floor":35.0},{"not_picked":["alterego_mod:Bloomers+1","alterego_mod:Swimsuit","alterego_mod:Birthday"],"picked":"SKIP","floor":35.0},{"not_picked":["alterego_mod:Swimsuit+1","alterego_mod:Support"],"picked":"alterego_mod:Jiggle+1","floor":36.0},{"not_picked":["alterego_mod:Bounce+1","alterego_mod:PurpleHair","alterego_mod:DiscoLights+1"],"picked":"SKIP","floor":36.0},{"not_picked":["alterego_mod:HighServant","alterego_mod:Skirt+1","alterego_mod:Palingenesis"],"picked":"SKIP","floor":37.0},{"not_picked":["alterego_mod:Maid","alterego_mod:Cycle","alterego_mod:Bounce"],"picked":"SKIP","floor":37.0},{"not_picked":["alterego_mod:IndependentAction+1","alterego_mod:Birthday+1"],"picked":"alterego_mod:Jiggle+1","floor":38.0},{"not_picked":["alterego_mod:Jiggle","alterego_mod:Skirt+1","alterego_mod:Smother"],"picked":"SKIP","floor":38.0},{"not_picked":["alterego_mod:Table+1","alterego_mod:PresenceConcealment+1"],"picked":"alterego_mod:Birthday+1","floor":39.0},{"not_picked":["alterego_mod:DestructionOfProperty","alterego_mod:BusterCard"],"picked":"alterego_mod:Belts+1","floor":39.0},{"not_picked":["alterego_mod:Mirror+1","alterego_mod:Cycle+1"],"picked":"alterego_mod:Cushion","floor":40.0},{"not_picked":["alterego_mod:PurpleHair","alterego_mod:Punishment+1","alterego_mod:DiscoLights"],"picked":"SKIP","floor":42.0},{"not_picked":["alterego_mod:ClassAdvantage","alterego_mod:Cycle","alterego_mod:1TonWallop"],"picked":"SKIP","floor":44},{"not_picked":["alterego_mod:DiscoLights","alterego_mod:Rip"],"picked":"alterego_mod:ChallengeComplete+1","floor":45},{"not_picked":["alterego_mod:Punishment+1","alterego_mod:BeGentle+1","alterego_mod:HighServant+1"],"picked":"SKIP","floor":45},{"not_picked":["alterego_mod:BeGentle+1","alterego_mod:DiscoLights"],"picked":"alterego_mod:Nekomimi+1","floor":46},{"not_picked":["alterego_mod:BiFurious+1","alterego_mod:MagicResistance"],"picked":"alterego_mod:RocketPunch+1","floor":46},{"not_picked":["alterego_mod:Valentines","alterego_mod:IdEs","alterego_mod:Rip+1"],"picked":"SKIP","floor":47},{"not_picked":["alterego_mod:Rip+1","alterego_mod:BiFurious","alterego_mod:Pet"],"picked":"SKIP","floor":47}],"player_experience":1155542,"relics_obtained":[{"floor":7.0,"key":"Incense Burner"},{"floor":9.0,"key":"Lizard Tail"},{"floor":10.0,"key":"Shovel"},{"floor":14.0,"key":"Art of War"},{"floor":23.0,"key":"Unceasing Top"},{"floor":26.0,"key":"War Paint"},{"floor":27.0,"key":"Prayer Wheel"},{"floor":29.0,"key":"Vajra"},{"floor":40.0,"key":"Dream Catcher"},{"floor":42.0,"key":"Mercury Hourglass"},{"floor":43.0,"key":"Ornamental Fan"},{"floor":44,"key":"Pantograph"}],"event_choices":[{"damage_healed":0.0,"max_hp_gain":0.0,"max_hp_loss":0.0,"gold_gain":0.0,"cards_transformed":["alterego_mod:Defend"],"event_name":"Living Wall","player_choice":"Change","floor":5.0,"gold_loss":0.0,"damage_taken":0.0,"cards_obtained":["alterego_mod:Vow"]},{"cards_removed":["alterego_mod:Weigh"],"damage_healed":58.0,"max_hp_gain":10.0,"max_hp_loss":0.0,"gold_gain":0.0,"event_name":"Bonfire Elementals","player_choice":"Offered Rare","floor":11.0,"gold_loss":0.0,"damage_taken":0.0},{"cards_removed":["alterego_mod:Exercise"],"damage_healed":0.0,"max_hp_gain":0.0,"max_hp_loss":0.0,"gold_gain":0.0,"event_name":"WeMeetAgain","player_choice":"Gave Card","floor":20.0,"gold_loss":0.0,"damage_taken":0.0,"relics_obtained":["Akabeko"]},{"damage_healed":0.0,"max_hp_gain":0.0,"max_hp_loss":47.0,"gold_gain":0.0,"event_name":"Ghosts","player_choice":"Became a Ghost","floor":28.0,"gold_loss":0.0,"damage_taken":0.0,"cards_obtained":["Ghostly","Ghostly","Ghostly","Ghostly","Ghostly"]},{"damage_healed":0.0,"max_hp_gain":0.0,"max_hp_loss":0.0,"gold_gain":0.0,"event_name":"The Library","player_choice":"Read","floor":31.0,"gold_loss":0.0,"damage_taken":0.0,"cards_obtained":["alterego_mod:BrynhildrRomantia"]}],"is_beta":false,"boss_relics":[{"not_picked":["SlaversCollar","Busted Crown"],"picked":"Pandora\u0027s Box"},{"not_picked":["Snecko Eye","Calling Bell"],"picked":"Velvet Choker"}],"items_purged_floors":[19,48],"is_endless":false,"potions_floor_spawned":[1,7,10,12,13,22,25,35,36,37,39,44,47],"ascension_level":9}}