{"host":"7tvb1em0d2fx72q7","time":1607843755,"event":{"mods":["BaseMod","Challenge The Spire","Minty Spire (QoL Compilation)","StSLib","everything is the same but u backflip on backflip"],"gold_per_floor":[109,122,137,163,6,40,55,65,88,108,108,33,52,84,84,160,160,170,183,202,202,202,202,202],"floor_reached":23,"playtime":2056,"items_purged":[],"score":400,"play_id":"781e733f-527e-48cf-aece-29c85682990c","local_time":"20201213021555","is_ascension_mode":true,"campfire_choices":[{"data":"After Image","floor":11.0,"key":"SMITH"},{"data":"After Image","floor":15,"key":"SMITH"}],"circlet_count":0,"master_deck":["AscendersBane","Strike_G","Strike_G","Defend_G","Defend_G","Defend_G","Defend_G","Defend_G","Survivor","Neutralize","Bouncing Flask","Predator","Blade Dance","Backstab","Noxious Fumes","After Image+1","PiercingWail","Bane","Prepared","Blur","After Image+1","Corpse Explosion","Cloak And Dagger","Backflip","Blur","Writhe"],"relics":["Ring of the Snake","NeowsBlessing","Pen Nib","Blue Candle","Blood Vial","Toy Ornithopter","Empty Cage","Lizard Tail"],"acts_visited":["Exordium","TheCity"],"potions_floor_usage":[14,16,20],"damage_taken":[{"damage":0.0,"enemies":"Cultist","floor":1.0,"turns":1.0},{"damage":0.0,"enemies":"Small Slimes","floor":2.0,"turns":1.0},{"damage":0.0,"enemies":"Jaw Worm","floor":3.0,"turns":1.0},{"damage":6.0,"enemies":"Gremlin Nob","floor":6.0,"turns":3.0},{"damage":5.0,"enemies":"Looter","floor":7.0,"turns":4.0},{"damage":0.0,"enemies":"3 Louse","floor":8.0,"turns":3.0},{"damage":0.0,"enemies":"2 Fungi Beasts","floor":10.0,"turns":2.0},{"damage":3.0,"enemies":"Looter","floor":13.0,"turns":3.0},{"damage":7,"enemies":"Lagavulin","floor":14,"turns":3},{"damage":29,"enemies":"The Guardian","floor":16,"turns":9},{"damage":9,"enemies":"Spheric Guardian","floor":18,"turns":6},{"damage":12,"enemies":"2 Thieves","floor":19,"turns":4},{"damage":23,"enemies":"Shelled Parasite and Fungi","floor":20,"turns":8},{"damage":69,"enemies":"Book of Stabbing","floor":23,"turns":8}],"seed_played":"-3683800509272326529","potions_obtained":[{"floor":2.0,"key":"Energy Potion"},{"floor":6.0,"key":"FearPotion"},{"floor":8.0,"key":"Explosive Potion"},{"floor":18,"key":"SteroidPotion"},{"floor":19,"key":"Ancient Potion"},{"floor":20,"key":"Swift Potion"}],"is_trial":false,"path_per_floor":["M","M","M","T","$","E","M","M","T","M","R","?","M","E","R","B",null,"M","M","M","?","?","E"],"character_chosen":"THE_SILENT","items_purchased":["Backstab","Noxious Fumes"],"campfire_rested":0,"item_purchase_floors":[5,5],"current_hp_per_floor":[59,59,59,59,59,53,48,48,48,50,50,50,49,44,44,22,55,48,38,22,22,22,0,0],"gold":202,"neow_bonus":"THREE_ENEMY_KILL","is_daily":false,"chose_seed":false,"campfire_upgraded":2,"win_rate":0.0,"timestamp":1607843755,"path_taken":["M","M","?","?","$","E","M","M","T","M","R","?","M","E","R","BOSS","M","M","M","?","?","E"],"items_purchased_type":["Card","Card"],"build_version":"2020-11-30","purchased_purges":0,"victory":false,"max_hp_per_floor":[66,66,66,66,66,66,66,66,66,66,66,66,66,66,66,66,66,66,66,66,66,66,66,66],"card_choices":[{"not_picked":["Poisoned Stab","Acrobatics"],"picked":"Bouncing Flask","floor":1.0},{"not_picked":["Calculated Gamble","Backflip"],"picked":"Predator","floor":2.0},{"not_picked":["PiercingWail","Prepared"],"picked":"Blade Dance","floor":3.0},{"not_picked":["Caltrops","Prepared"],"picked":"After Image","floor":6.0},{"not_picked":["Poisoned Stab","Eviscerate"],"picked":"PiercingWail","floor":7.0},{"not_picked":["Deflect","Underhanded Strike"],"picked":"Bane","floor":8.0},{"not_picked":["Prepared","Deadly Poison","Slice"],"picked":"SKIP","floor":10.0},{"not_picked":["Deadly Poison","Slice"],"picked":"Prepared","floor":10.0},{"not_picked":["Poisoned Stab","Acrobatics"],"picked":"Blur","floor":13.0},{"not_picked":["Outmaneuver","Escape Plan"],"picked":"After Image","floor":14},{"not_picked":["Envenom","Die Die Die"],"picked":"Corpse Explosion","floor":16},{"not_picked":["Poisoned Stab","Acrobatics"],"picked":"Cloak And Dagger","floor":18},{"not_picked":["Deadly Poison+1","Quick Slash"],"picked":"Backflip","floor":19},{"not_picked":["Endless Agony+1","Bane"],"picked":"Blur","floor":20}],"player_experience":1831552,"relics_obtained":[{"floor":4.0,"key":"Pen Nib"},{"floor":6.0,"key":"Blue Candle"},{"floor":9.0,"key":"Blood Vial"},{"floor":14,"key":"Toy Ornithopter"}],"event_choices":[{"cards_removed":["Strike_G"],"damage_healed":0.0,"max_hp_gain":0.0,"max_hp_loss":0.0,"gold_gain":0.0,"event_name":"The Cleric","player_choice":"Card Removal","floor":12.0,"gold_loss":75.0,"damage_taken":0.0},{"damage_healed":0,"gold_gain":0,"player_choice":"Ignored","damage_taken":0,"max_hp_gain":0,"max_hp_loss":0,"event_name":"Ghosts","floor":21,"gold_loss":0},{"damage_healed":0,"gold_gain":0,"player_choice":"Opened","damage_taken":0,"relics_obtained":["Lizard Tail"],"max_hp_gain":0,"max_hp_loss":0,"event_name":"The Mausoleum","floor":22,"gold_loss":0,"cards_obtained":["Writhe"]}],"is_beta":false,"boss_relics":[{"not_picked":["WristBlade","Fusion Hammer"],"picked":"Empty Cage"}],"items_purged_floors":[],"is_endless":false,"potions_floor_spawned":[2,6,8,10,18,19,20],"killed_by":"Book of Stabbing","ascension_level":19}}