{"host":"ks12kfi5c4d9hdxy","time":1607885361,"event":{"mods":["BaseMod","Conspire","GifTheSpireLib","HololiveMod","Koishi","LagranYue(拉格朗・月)","Marisa（F雨　魔理沙）","Minty Spire (QoL Compilation)","Reimu（博丽灵梦）","Remilia（蕾米莉亚）","Replay The Spire","RumiaBox-露米娅的神秘盒子","StSLib","SuperFastMode","The Administrix","The Servant 0.9.4","Youmu（魂魄妖梦）","Yuyuko","【功能Mod】混沌之环修复补丁","【功能Mod】聪明的最终Boss","篝火指南"],"gold_per_floor":[109,34,34,53,53,85,95,123,123,123,123,123,138,149,149,226,226,246,257,182,182,182],"floor_reached":21,"playtime":579,"items_purged":["Strike_MRS"],"score":331,"play_id":"6d8a076b-cd61-431d-a1fd-bbf5392f2253","local_time":"20201214024921","is_ascension_mode":true,"campfire_choices":[{"floor":12.0,"key":"REST"},{"floor":15.0,"key":"DIG"}],"circlet_count":0,"master_deck":["AscendersBane","Strike_MRS","Strike_MRS","Defend_MRS","Defend_MRS","Defend_MRS","MasterSpark","UpSweep","GrandCross","GrandCross","EscapeVelocity","MeteoricShower","IllusionStar","EscapeVelocity","WitchLeyline"],"relics":["MiniHakkero","LagranYue:RandomDrawCardRelic","Philosopher\u0027s Stone","Runic Pyramid","Orichalcum","Tea:ReiMu","Regal Pillow","Iron Hammer","RuthlessExorcism:ReiMu","Black Star"],"acts_visited":["Exordium","TheCity"],"potions_floor_usage":[18,18,21],"damage_taken":[{"damage":5.0,"enemies":"Small Slimes","floor":1.0,"turns":3.0},{"damage":0.0,"enemies":"2 Louse","floor":4.0,"turns":3.0},{"damage":17.0,"enemies":"Gremlin Nob","floor":6.0,"turns":3.0},{"damage":0.0,"enemies":"Jaw Worm","floor":7.0,"turns":2.0},{"damage":24.0,"enemies":"3 Sentries","floor":8.0,"turns":6.0},{"damage":0.0,"enemies":"Red Slaver","floor":13.0,"turns":2.0},{"damage":0.0,"enemies":"Blue Slaver","floor":14.0,"turns":1.0},{"damage":34.0,"enemies":"The Guardian","floor":16.0,"turns":8.0},{"damage":18,"enemies":"2 Thieves","floor":18,"turns":2},{"damage":20,"enemies":"Chosen","floor":19,"turns":6},{"damage":9,"enemies":"Centurion and Healer","floor":21,"turns":2}],"seed_played":"17872183615723345","potions_obtained":[{"floor":6.0,"key":"Swift Potion"},{"floor":7.0,"key":"AttackPotion"},{"floor":19,"key":"Elixir"}],"is_trial":false,"path_per_floor":["M","$","?","M","?","E","M","E","T","?","T","R","M","M","R","B",null,"M","M","?","M"],"character_chosen":"MARISA","items_purchased":[],"campfire_rested":1,"item_purchase_floors":[],"current_hp_per_floor":[58,58,58,58,58,41,41,17,17,17,17,53,53,53,53,19,57,39,19,19,10,10],"gold":182,"neow_bonus":"DOUBLE_BOSS_RELIC","is_daily":false,"chose_seed":false,"campfire_upgraded":0,"win_rate":0.0,"timestamp":1607885361,"path_taken":["M","$","?","M","?","E","M","E","T","?","?","R","?","M","R","BOSS","M","M","?","M"],"items_purchased_type":[],"build_version":"2020-11-30","purchased_purges":1,"victory":false,"max_hp_per_floor":[70,70,70,70,70,70,70,70,70,70,70,70,70,70,70,70,70,70,70,70,70,70],"card_choices":[{"not_picked":["NonDirectionalLaser","StarlightTyphoon"],"picked":"GrandCross","floor":1.0},{"not_picked":["WitchLeyline","LuminesStrike"],"picked":"GrandCross","floor":4.0},{"not_picked":["TreasureHunter","DoubleSpark"],"picked":"EscapeVelocity","floor":6.0},{"not_picked":["PulseMagic","6A","SporeBomb"],"picked":"SKIP","floor":7.0},{"not_picked":["MagicChant","PulseMagic","SporeBomb"],"picked":"SKIP","floor":8.0},{"not_picked":["Robbery","Acceleration"],"picked":"MeteoricShower","floor":13.0},{"not_picked":["UnstableBomb","ChargeUpSpray"],"picked":"IllusionStar","floor":14.0},{"not_picked":["JA","MillisecondPulsars"],"picked":"EscapeVelocity","floor":16.0},{"not_picked":["NonDirectionalLaser","LuminesStrike","RefractionSpark+1"],"picked":"SKIP","floor":18},{"not_picked":["GravityBeat","RefractionSpark"],"picked":"WitchLeyline","floor":19}],"player_experience":449666,"relics_obtained":[{"floor":6.0,"key":"Orichalcum"},{"floor":8.0,"key":"Tea:ReiMu"},{"floor":9.0,"key":"Regal Pillow"},{"floor":11.0,"key":"Iron Hammer"},{"floor":15.0,"key":"RuthlessExorcism:ReiMu"}],"event_choices":[{"cards_removed":["Defend_MRS"],"damage_healed":0.0,"max_hp_gain":0.0,"max_hp_loss":0.0,"gold_gain":0.0,"event_name":"Living Wall","player_choice":"Forget","floor":3.0,"gold_loss":0.0,"damage_taken":0.0},{"damage_healed":0.0,"max_hp_gain":0.0,"max_hp_loss":0.0,"gold_gain":0.0,"event_name":"conspire:LoneGhost","player_choice":"Disagree","floor":5.0,"gold_loss":0.0,"damage_taken":0.0},{"cards_removed":["Strike_MRS"],"damage_healed":0,"gold_gain":0,"player_choice":"Gave Gold","damage_taken":0,"max_hp_gain":0,"max_hp_loss":0,"event_name":"Beggar","floor":20,"gold_loss":75}],"is_beta":false,"boss_relics":[{"not_picked":["SacredBark","ChewingGum"],"picked":"Black Star"}],"items_purged_floors":[2],"is_endless":false,"potions_floor_spawned":[6,7,8,19],"killed_by":"Centurion and Healer","ascension_level":15}}