{"host":"7yyoe0ei0fseceei","time":1607880770,"event":{"mods":["BaseMod","Colored Map","Highlight Path","Minty Spire (QoL Compilation)","Quick Restart"],"gold_per_floor":[113,73,73,73,73,73,100,100,100,65,99,110,110,35,35,106,106,120,120,136,186,186,213,213,213,213],"floor_reached":25,"playtime":441,"items_purged":["Regret"],"score":546,"play_id":"72a073fd-bb1a-4f91-94c0-56efe6594f08","local_time":"20201213183250","is_ascension_mode":true,"campfire_choices":[{"data":"Sword Boomerang","floor":6,"key":"SMITH"},{"data":"Spot Weakness","floor":13,"key":"SMITH"},{"data":"Pommel Strike","floor":15,"key":"SMITH"},{"data":"Demon Form","floor":24,"key":"SMITH"}],"circlet_count":0,"master_deck":["AscendersBane","Strike_R","Strike_R","Strike_R+1","Strike_R+1","Strike_R","Defend_R","Defend_R+1","Defend_R","Defend_R","Bash+1","Sword Boomerang+1","Battle Trance","Pommel Strike+1","Cleave","Spot Weakness+1","Demon Form+1","CurseOfTheBell","Spot Weakness+1","Pommel Strike+1","Writhe","Fire Breathing"],"relics":["Burning Blood","NeowsBlessing","Juzu Bracelet","Letter Opener","Charon\u0027s Ashes","Incense Burner","Self Forming Clay","Calling Bell","Bag of Preparation","Meat on the Bone","Ginger","Orichalcum","Whetstone"],"acts_visited":["Exordium","TheCity"],"potions_floor_usage":[12,16,20,23,25],"damage_taken":[{"damage":0,"enemies":"Jaw Worm","floor":1,"turns":1},{"damage":0,"enemies":"Gremlin Nob","floor":7,"turns":1},{"damage":0,"enemies":"3 Sentries","floor":11,"turns":1},{"damage":7,"enemies":"2 Louse","floor":12,"turns":4},{"damage":25,"enemies":"The Guardian","floor":16,"turns":7},{"damage":0,"enemies":"Chosen","floor":18,"turns":3},{"damage":18,"enemies":"3 Byrds","floor":20,"turns":4},{"damage":28,"enemies":"Slavers","floor":23,"turns":4},{"damage":49,"enemies":"Book of Stabbing","floor":25,"turns":4}],"seed_played":"2433920418052648569","potions_obtained":[{"floor":1,"key":"PowerPotion"},{"floor":7,"key":"Regen Potion"},{"floor":18,"key":"DistilledChaos"},{"floor":20,"key":"Fire Potion"},{"floor":23,"key":"DistilledChaos"}],"is_trial":false,"path_per_floor":["M","$","?","?","$","R","E","?","T","?","E","M","R","$","R","B",null,"M","?","M","?","?","E","R","E"],"character_chosen":"IRONCLAD","items_purchased":["Battle Trance"],"campfire_rested":0,"item_purchase_floors":[2],"current_hp_per_floor":[74,74,74,51,51,51,57,1,1,19,25,36,36,36,36,17,61,67,67,55,55,55,45,45,0,0],"gold":213,"neow_bonus":"THREE_ENEMY_KILL","is_daily":false,"chose_seed":false,"campfire_upgraded":4,"win_rate":0.0,"timestamp":1607880770,"path_taken":["M","$","?","?","?","R","E","?","T","?","E","M","R","?","R","BOSS","M","?","M","?","?","E","R","E"],"items_purchased_type":["Card"],"build_version":"2020-11-30","purchased_purges":1,"victory":false,"max_hp_per_floor":[75,75,75,75,75,75,75,75,75,75,75,75,75,75,75,75,75,75,75,75,75,75,75,75,75,75],"card_choices":[{"not_picked":["Anger","Clash"],"picked":"Sword Boomerang","floor":1},{"not_picked":["Cleave","Uppercut"],"picked":"Pommel Strike","floor":7},{"not_picked":["Battle Trance","Sword Boomerang"],"picked":"Cleave","floor":11},{"not_picked":["Pummel","Clothesline"],"picked":"Spot Weakness","floor":12},{"not_picked":["Feed","Brutality"],"picked":"Demon Form","floor":16},{"not_picked":["Wild Strike","Combust+1"],"picked":"Spot Weakness+1","floor":18},{"not_picked":["Heavy Blade+1","Combust"],"picked":"Pommel Strike+1","floor":20},{"not_picked":["Warcry","Headbutt"],"picked":"Fire Breathing","floor":23}],"player_experience":842758,"relics_obtained":[{"floor":7,"key":"Letter Opener"},{"floor":9,"key":"Incense Burner"},{"floor":11,"key":"Self Forming Clay"},{"floor":17,"key":"Bag of Preparation"},{"floor":17,"key":"Meat on the Bone"},{"floor":17,"key":"Ginger"},{"floor":23,"key":"Whetstone"}],"event_choices":[{"damage_healed":0,"gold_gain":0,"player_choice":"Box","damage_taken":0,"relics_obtained":["Juzu Bracelet"],"max_hp_gain":0,"max_hp_loss":0,"event_name":"Big Fish","floor":3,"gold_loss":0,"cards_obtained":["Regret"]},{"damage_healed":0,"gold_gain":0,"player_choice":"Entered Light","damage_taken":23,"max_hp_gain":0,"max_hp_loss":0,"event_name":"Shining Light","floor":4,"gold_loss":0,"cards_upgraded":["Defend_R","Bash"]},{"damage_healed":0,"gold_gain":0,"player_choice":"Success","damage_taken":56,"relics_obtained":["Charon\u0027s Ashes"],"max_hp_gain":0,"max_hp_loss":0,"event_name":"Scrap Ooze","floor":8,"gold_loss":0},{"damage_healed":18,"gold_gain":0,"player_choice":"Healed","damage_taken":0,"max_hp_gain":0,"max_hp_loss":0,"event_name":"The Cleric","floor":10,"gold_loss":35},{"damage_healed":0,"gold_gain":0,"player_choice":"Ignored","damage_taken":0,"max_hp_gain":0,"max_hp_loss":0,"event_name":"Ghosts","floor":19,"gold_loss":0},{"damage_healed":0,"gold_gain":50,"player_choice":"Stole From Cult","damage_taken":0,"max_hp_gain":0,"max_hp_loss":0,"event_name":"Nest","floor":21,"gold_loss":0},{"damage_healed":0,"gold_gain":0,"player_choice":"Opened","damage_taken":0,"relics_obtained":["Orichalcum"],"max_hp_gain":0,"max_hp_loss":0,"event_name":"The Mausoleum","floor":22,"gold_loss":0,"cards_obtained":["Writhe"]}],"is_beta":false,"boss_relics":[{"not_picked":["Black Blood","SacredBark"],"picked":"Calling Bell"}],"items_purged_floors":[14],"is_endless":false,"potions_floor_spawned":[1,7,18,20,23],"killed_by":"Book of Stabbing","ascension_level":20}}