{"host":"7gewg82ormp6yt4e","time":1607844548,"event":{"mods":["BaseMod","Block Reminder","Colored Map","Colored Powertips","DeckTracker","Highlight Path","Minty Spire (QoL Compilation)","Relic Stats","StSLib"],"gold_per_floor":[109,121,35,35,35,69,80,80,80,80,80,92,125,140,140,213,213,233,38,51,51,51,51,67,67,67,67,96,111,121,121,121,121,121],"floor_reached":33,"playtime":1491,"items_purged":["Pain"],"score":600,"play_id":"a671cae5-ffc7-4e69-8d34-0c7ae33460ca","local_time":"20201213162908","is_ascension_mode":true,"campfire_choices":[{"data":"Noxious Fumes","floor":8,"key":"SMITH"},{"data":"Deadly Poison","floor":10,"key":"SMITH"},{"data":"Well Laid Plans","floor":15,"key":"SMITH"},{"floor":23,"key":"REST"},{"data":"Adrenaline","floor":25,"key":"SMITH"},{"floor":32,"key":"REST"}],"circlet_count":0,"master_deck":["AscendersBane","Strike_G+1","Strike_G+1","Strike_G+1","Defend_G+1","Defend_G+1","Defend_G+1","Defend_G+1","Defend_G+1","Survivor","Neutralize","Slice","Bane","Noxious Fumes+1","Storm of Steel","Die Die Die","Deadly Poison+1","Well Laid Plans+1","Adrenaline+1","Die Die Die","CurseOfTheBell","Backstab","Poisoned Stab","Reflex","Backflip"],"relics":["Ring of the Snake","NeowsBlessing","Letter Opener","Eternal Feather","WarpedTongs","Bronze Scales","Calling Bell","Boot","HornCleat","Unceasing Top","Membership Card","StrikeDummy","The Courier","MutagenicStrength"],"acts_visited":["Exordium","TheCity"],"potions_floor_usage":[13,16,29,30],"damage_taken":[{"damage":0,"enemies":"Jaw Worm","floor":1,"turns":1},{"damage":0,"enemies":"2 Louse","floor":2,"turns":1},{"damage":0,"enemies":"Gremlin Nob","floor":6,"turns":1},{"damage":0,"enemies":"Small Slimes","floor":7,"turns":2},{"damage":8,"enemies":"Red Slaver","floor":12,"turns":4},{"damage":13,"enemies":"3 Sentries","floor":13,"turns":6},{"damage":7,"enemies":"Large Slime","floor":14,"turns":4},{"damage":8,"enemies":"Hexaghost","floor":16,"turns":8},{"damage":13,"enemies":"2 Thieves","floor":18,"turns":3},{"damage":19,"enemies":"Spheric Guardian","floor":20,"turns":4},{"damage":0,"enemies":"Snake Plant","floor":24,"turns":3},{"damage":25,"enemies":"Book of Stabbing","floor":28,"turns":4},{"damage":11,"enemies":"Shelled Parasite and Fungi","floor":29,"turns":3},{"damage":0,"enemies":"Centurion and Healer","floor":30,"turns":5},{"damage":76,"enemies":"Collector","floor":33,"turns":10}],"seed_played":"6327378575025294193","potions_obtained":[{"floor":6,"key":"CultistPotion"},{"floor":7,"key":"AttackPotion"},{"floor":24,"key":"Fire Potion"},{"floor":28,"key":"SkillPotion"}],"is_trial":false,"path_per_floor":["M","M","$","?","?","E","M","R","T","R","?","M","E","M","R","B",null,"M","$","M","?","?","R","M","R","T","?","E","M","M","?","R","B"],"character_chosen":"THE_SILENT","items_purchased":["Noxious Fumes","Membership Card"],"campfire_rested":2,"item_purchase_floors":[3,19],"current_hp_per_floor":[59,59,59,59,52,52,52,52,52,61,61,53,40,33,45,37,59,46,46,27,27,9,42,42,54,54,54,29,18,18,18,54,0,0],"gold":121,"neow_bonus":"THREE_ENEMY_KILL","is_daily":false,"chose_seed":false,"campfire_upgraded":4,"win_rate":0.0,"timestamp":1607844548,"path_taken":["M","M","$","?","?","E","M","R","T","R","?","M","E","M","R","BOSS","M","$","M","?","?","R","M","R","T","?","E","M","M","?","R","BOSS"],"items_purchased_type":["Card","Relic"],"build_version":"2020-11-30","purchased_purges":1,"victory":false,"max_hp_per_floor":[66,66,66,66,66,66,66,66,66,66,66,66,66,66,66,66,66,66,66,66,66,71,71,71,71,71,71,71,71,71,71,71,71,71],"relic_stats":{"counters":[15,59],"Bronze Scales":[126],"Eternal Feather":60,"Letter Opener":[89],"Boot":[34],"obtain_stats":[{"NeowsBlessing":0,"Eternal Feather":9,"The Courier":28,"Letter Opener":6,"Boot":17,"WarpedTongs":11,"Calling Bell":17,"HornCleat":17,"Bronze Scales":13,"MutagenicStrength":31,"Membership Card":19,"StrikeDummy":26,"Unceasing Top":17,"Ring of the Snake":0},{"NeowsBlessing":0,"Eternal Feather":4,"The Courier":12,"Letter Opener":3,"Boot":8,"WarpedTongs":4,"Calling Bell":8,"HornCleat":8,"Bronze Scales":6,"MutagenicStrength":14,"Membership Card":9,"StrikeDummy":11,"Unceasing Top":8,"Ring of the Snake":0},{"NeowsBlessing":0,"Eternal Feather":5,"The Courier":41,"Letter Opener":3,"Boot":27,"WarpedTongs":5,"Calling Bell":27,"HornCleat":27,"Bronze Scales":15,"MutagenicStrength":49,"Membership Card":30,"StrikeDummy":37,"Unceasing Top":27,"Ring of the Snake":0}],"Unceasing Top":[13],"Ring of the Snake":[30],"WarpedTongs":[53]},"card_choices":[{"not_picked":["PiercingWail","Acrobatics"],"picked":"Slice","floor":1},{"not_picked":["Concentrate","Tactician"],"picked":"Bane","floor":2},{"not_picked":["Blur","Tools of the Trade"],"picked":"Die Die Die","floor":6},{"not_picked":["Backflip","Blade Dance"],"picked":"Deadly Poison","floor":7},{"not_picked":["Eviscerate","Deflect"],"picked":"Well Laid Plans","floor":12},{"not_picked":["Acrobatics","Dagger Spray"],"picked":"Adrenaline","floor":13},{"not_picked":["Slice","Sucker Punch","Dagger Spray"],"picked":"SKIP","floor":14},{"not_picked":["Wraith Form v2","Bullet Time"],"picked":"Die Die Die","floor":16},{"not_picked":["Slice","Sucker Punch","Backstab"],"picked":"SKIP","floor":18},{"not_picked":["Slice","Sucker Punch"],"picked":"Backstab","floor":18},{"not_picked":["Backflip","Outmaneuver"],"picked":"Poisoned Stab","floor":20},{"not_picked":["Cloak And Dagger","Flying Knee","Bane"],"picked":"SKIP","floor":24},{"not_picked":["Dodge and Roll","Dagger Throw","All Out Attack"],"picked":"SKIP","floor":28},{"not_picked":["Heel Hook+1","Deflect"],"picked":"Reflex","floor":29},{"not_picked":["Unload","Deadly Poison"],"picked":"Backflip","floor":30}],"player_experience":2339779,"relics_obtained":[{"floor":6,"key":"Letter Opener"},{"floor":9,"key":"Eternal Feather"},{"floor":13,"key":"Bronze Scales"},{"floor":17,"key":"Boot"},{"floor":17,"key":"HornCleat"},{"floor":17,"key":"Unceasing Top"},{"floor":26,"key":"StrikeDummy"},{"floor":28,"key":"The Courier"}],"event_choices":[{"damage_healed":0,"gold_gain":0,"cards_transformed":["Strike_G"],"player_choice":"Change","damage_taken":0,"max_hp_gain":0,"max_hp_loss":0,"event_name":"Living Wall","floor":4,"gold_loss":0,"cards_obtained":["Storm of Steel"]},{"cards_removed":["Strike_G"],"damage_healed":0,"gold_gain":0,"player_choice":"Card Removal","damage_taken":7,"max_hp_gain":0,"max_hp_loss":0,"event_name":"Golden Wing","floor":5,"gold_loss":0},{"damage_healed":0,"gold_gain":0,"player_choice":"Rummage","damage_taken":0,"relics_obtained":["WarpedTongs"],"max_hp_gain":0,"max_hp_loss":0,"event_name":"Accursed Blacksmith","floor":11,"gold_loss":0,"cards_obtained":["Pain"]},{"damage_healed":0,"gold_gain":0,"player_choice":"Ignored","damage_taken":0,"max_hp_gain":0,"max_hp_loss":0,"event_name":"Vampires","floor":21,"gold_loss":0},{"damage_healed":0,"gold_gain":0,"player_choice":"Shed Blood","damage_taken":23,"max_hp_gain":5,"max_hp_loss":0,"event_name":"Forgotten Altar","floor":22,"gold_loss":0},{"damage_healed":0,"gold_gain":0,"player_choice":"Simplicity","damage_taken":0,"max_hp_gain":0,"max_hp_loss":0,"event_name":"Back to Basics","floor":27,"gold_loss":0,"cards_upgraded":["Strike_G","Strike_G","Strike_G","Defend_G","Defend_G","Defend_G","Defend_G","Defend_G"]},{"damage_healed":0,"gold_gain":0,"player_choice":"Inject Mutagens","damage_taken":0,"relics_obtained":["MutagenicStrength"],"max_hp_gain":0,"max_hp_loss":0,"event_name":"Drug Dealer","floor":31,"gold_loss":0}],"is_beta":false,"boss_relics":[{"not_picked":["Black Star","Sozu"],"picked":"Calling Bell"}],"items_purged_floors":[19],"is_endless":false,"potions_floor_spawned":[6,7,24,28],"killed_by":"Collector","ascension_level":20}}