{"host":"8eddgt5t5e8es31j","time":1607897364,"event":{"mods":["2.2 Compatiblity","AchievementEnabler","BaseMod","Downfall","Hermit","Hubris","Infinite Spire","Minty Spire (QoL Compilation)","Quick Restart","Replay The Spire","StSLib"],"gold_per_floor":[114,125,142,142,155,190,190,205,205,236,64,80,80,80],"floor_reached":13,"playtime":573,"items_purged":[],"score":102,"play_id":"fbb4b542-f7c3-49b8-9f2f-44a9f0d1ddc6","local_time":"20201213160924","is_ascension_mode":true,"campfire_choices":[{"data":"Whirlwind","floor":7,"key":"SMITH"}],"circlet_count":0,"master_deck":["Strike_R","Strike_R","Strike_R","Strike_R","Strike_R","Defend_R","Defend_R","Defend_R","Defend_R","Bash","Pommel Strike","Whirlwind+1","Heavy Blade"],"relics":["Burning Blood","hubris:ChampionShield","hubris:SlimyHat","hubris:64BitClover","ReplayTheSpireMod:Ninjato","Replay:Lucky Slots"],"acts_visited":["Exordium"],"potions_floor_usage":[6,10,10],"damage_taken":[{"damage":1,"enemies":"Cultist","floor":1,"turns":4},{"damage":1,"enemies":"2 Louse","floor":2,"turns":3},{"damage":4,"enemies":"Jaw Worm","floor":3,"turns":5},{"damage":15,"enemies":"Looter","floor":5,"turns":3},{"damage":36,"enemies":"3 Sentries","floor":6,"turns":5},{"damage":11,"enemies":"Red Slaver","floor":8,"turns":3},{"damage":14,"enemies":"Gremlin Nob","floor":10,"turns":3},{"damage":14,"enemies":"2 Fungi Beasts","floor":12,"turns":3},{"damage":22,"enemies":"3 Sentries","floor":13,"turns":2}],"seed_played":"-5913794053053825737","potions_obtained":[{"floor":1,"key":"Adrenaline Potion"},{"floor":2,"key":"Guardian:BlockOnCardUsePotion"},{"floor":6,"key":"DistilledChaos"}],"is_trial":false,"path_per_floor":["M","M","M","$","M","E","R","M","T","E","$","M","E"],"character_chosen":"IRONCLAD","items_purchased":["Replay:Lucky Slots"],"campfire_rested":0,"item_purchase_floors":[11],"current_hp_per_floor":[80,80,80,80,71,41,41,36,36,28,28,20,0,0],"gold":80,"neow_bonus":"RANDOM_COMMON_RELIC","is_daily":false,"chose_seed":false,"campfire_upgraded":1,"win_rate":0.0,"timestamp":1607897364,"path_taken":["M","M","M","$","M","E","R","M","T","E","?","M","E"],"items_purchased_type":["Relic"],"build_version":"2020-11-30","purchased_purges":0,"victory":false,"max_hp_per_floor":[80,80,80,80,80,80,80,80,80,80,80,80,80,80],"card_choices":[{"not_picked":["Spot Weakness","Dropkick"],"picked":"Pommel Strike","floor":1},{"not_picked":["Wild Strike","Perfected Strike","Havoc"],"picked":"SKIP","floor":2},{"not_picked":["Clash","Sword Boomerang"],"picked":"Whirlwind","floor":3},{"not_picked":["Run Through","Clash","Clothesline"],"picked":"SKIP","floor":5},{"not_picked":["Feel No Pain","Rupture","ReplayTheSpireMod:Corrosion Curse"],"picked":"SKIP","floor":6},{"not_picked":["Clash","Perfected Strike","Hemokinesis"],"picked":"SKIP","floor":8},{"not_picked":["Havoc","True Grit","Abandon"],"picked":"SKIP","floor":10},{"not_picked":["Power Through","Wild Strike"],"picked":"Heavy Blade","floor":12}],"player_experience":41491,"relics_obtained":[{"floor":6,"key":"hubris:SlimyHat"},{"floor":9,"key":"hubris:64BitClover"},{"floor":10,"key":"ReplayTheSpireMod:Ninjato"}],"event_choices":[],"is_beta":false,"boss_relics":[],"items_purged_floors":[],"is_endless":false,"potions_floor_spawned":[1,2,6],"killed_by":"3 Sentries","ascension_level":1}}