{"host":"90jl2h70xtuoeg0i","time":1607832596,"event":{"mods":["AchievementEnabler","BaseMod","Colored Map","Colored Powertips","Minty Spire (QoL Compilation)","Relic Stats","ojb\u0027s Better Paths Mod","ojb\u0027s Info Mod"],"gold_per_floor":[119,36,111,111,127,127,156,170,194,211,211,222,222,243,243,320,320,335,350,190,190,190,202,233,249,249,58,58,58,74,74,74,74,74],"floor_reached":33,"playtime":2036,"items_purged":["Strike_G"],"score":522,"play_id":"f2de7b5d-7cca-4bee-bb59-c99a7b779270","local_time":"20201212230956","is_ascension_mode":true,"campfire_choices":[{"data":"All Out Attack","floor":6.0,"key":"SMITH"},{"floor":13.0,"key":"REST"},{"data":"Leg Sweep","floor":15.0,"key":"SMITH"},{"floor":29,"key":"REST"},{"data":"Leg Sweep","floor":32,"key":"SMITH"}],"circlet_count":0,"master_deck":["AscendersBane","Strike_G","Strike_G","Strike_G","Strike_G","Defend_G","Defend_G+1","Defend_G","Defend_G","Survivor","Neutralize","Blade Dance","All Out Attack+1","Dagger Throw+1","Leg Sweep+1","Deadly Poison","Riddle With Holes","Dagger Spray","Backflip","Burst","Quick Slash+1","Leg Sweep+1","Predator","Glass Knife","Outmaneuver","Dodge and Roll","Decay","Ghostly","Ghostly","Ghostly"],"relics":["Ring of the Snake","NeowsBlessing","Art of War","Tiny Chest","Odd Mushroom","Snecko Eye","Pear","Toy Ornithopter","Gambling Chip","Potion Belt"],"acts_visited":["Exordium","TheCity"],"potions_floor_usage":[25],"damage_taken":[{"damage":0.0,"enemies":"Small Slimes","floor":1.0,"turns":1.0},{"damage":0.0,"enemies":"2 Louse","floor":5.0,"turns":1.0},{"damage":0.0,"enemies":"Gremlin Nob","floor":7.0,"turns":1.0},{"damage":1.0,"enemies":"Jaw Worm","floor":8.0,"turns":3.0},{"damage":8.0,"enemies":"Looter","floor":10.0,"turns":3.0},{"damage":0.0,"enemies":"Large Slime","floor":12.0,"turns":5.0},{"damage":0.0,"enemies":"The Mushroom Lair","floor":14.0,"turns":2.0},{"damage":37,"enemies":"Slime Boss","floor":16,"turns":14},{"damage":8,"enemies":"2 Thieves","floor":18,"turns":4},{"damage":0,"enemies":"Chosen","floor":19,"turns":3},{"damage":21,"enemies":"3 Cultists","floor":23,"turns":6},{"damage":18,"enemies":"Gremlin Leader","floor":24,"turns":5},{"damage":14,"enemies":"Snake Plant","floor":25,"turns":4},{"damage":15,"enemies":"Sentry and Sphere","floor":30,"turns":6},{"damage":32,"enemies":"Collector","floor":33,"turns":4}],"seed_played":"-4386599770192033811","potions_obtained":[{"floor":1.0,"key":"Dexterity Potion"},{"floor":8.0,"key":"Poison Potion"},{"floor":12.0,"key":"CultistPotion"},{"floor":14.0,"key":"FairyPotion"},{"floor":24,"key":"LiquidBronze"},{"floor":30,"key":"FairyPotion"}],"is_trial":false,"path_per_floor":["M","$","?","?","M","R","E","M","T","M","?","M","R","?","R","B",null,"M","M","$","?","T","M","E","M","T","$","?","R","M","?","R","B"],"character_chosen":"THE_SILENT","items_purchased":["All Out Attack","Leg Sweep","Potion Belt","Dodge and Roll"],"campfire_rested":2,"item_purchase_floors":[2,20,27,27],"current_hp_per_floor":[59,59,48,41,41,41,41,40,40,32,12,12,31,31,31,19,54,46,46,46,46,56,35,17,8,8,8,8,30,15,15,15,0,0],"gold":74,"neow_bonus":"THREE_ENEMY_KILL","is_daily":false,"chose_seed":false,"campfire_upgraded":3,"win_rate":0.0,"timestamp":1607832596,"path_taken":["M","$","?","?","?","R","E","M","T","M","?","M","R","?","R","BOSS","M","M","$","?","?","?","E","M","T","$","?","R","M","?","R","BOSS"],"items_purchased_type":["Card","Card","Relic","Card"],"build_version":"2020-11-30","purchased_purges":1,"victory":false,"max_hp_per_floor":[66,66,66,66,66,66,66,66,66,66,66,66,66,66,66,66,66,66,66,66,66,76,76,76,76,76,76,76,76,76,38,38,38,38],"relic_stats":{"counters":[15,62],"Gambling Chip":[12],"Snecko Eye":[71,44,83,61],"Tiny Chest":1,"Art of War":[2],"obtain_stats":[{"Potion Belt":27,"Pear":22,"NeowsBlessing":0,"Gambling Chip":26,"Snecko Eye":17,"Tiny Chest":9,"Art of War":7,"Odd Mushroom":14,"Toy Ornithopter":24,"Ring of the Snake":0},{"Potion Belt":13,"Pear":10,"NeowsBlessing":0,"Gambling Chip":13,"Snecko Eye":8,"Tiny Chest":4,"Art of War":3,"Odd Mushroom":7,"Toy Ornithopter":12,"Ring of the Snake":0},{"Potion Belt":52,"Pear":37,"NeowsBlessing":0,"Gambling Chip":52,"Snecko Eye":30,"Tiny Chest":6,"Art of War":3,"Odd Mushroom":16,"Toy Ornithopter":48,"Ring of the Snake":0}],"Toy Ornithopter":5,"Ring of the Snake":[30]},"card_choices":[{"not_picked":["Expertise","Heel Hook"],"picked":"Blade Dance","floor":1.0},{"not_picked":["Underhanded Strike","Dodge and Roll"],"picked":"Dagger Throw","floor":5.0},{"not_picked":["Acrobatics","Underhanded Strike"],"picked":"Leg Sweep","floor":7.0},{"not_picked":["Quick Slash","Dodge and Roll"],"picked":"Deadly Poison","floor":8.0},{"not_picked":["PiercingWail","Cloak And Dagger"],"picked":"Riddle With Holes","floor":10.0},{"not_picked":["Backflip","Dodge and Roll"],"picked":"Dagger Spray","floor":12.0},{"not_picked":["A Thousand Cuts","Finisher"],"picked":"Backflip","floor":14.0},{"not_picked":["After Image","Unload"],"picked":"Burst","floor":16},{"not_picked":["Deadly Poison","Prepared+1"],"picked":"Quick Slash+1","floor":18},{"not_picked":["Blur","Outmaneuver","Expertise"],"picked":"SKIP","floor":19},{"not_picked":["Flying Knee","Dagger Spray","Finisher"],"picked":"SKIP","floor":23},{"not_picked":["Blade Dance","Tools of the Trade"],"picked":"Glass Knife","floor":24},{"not_picked":["Quick Slash","Outmaneuver","Dagger Throw"],"picked":"SKIP","floor":25},{"not_picked":["Quick Slash","Dagger Throw"],"picked":"Outmaneuver","floor":25},{"not_picked":["Backflip","Blade Dance","Deflect"],"picked":"SKIP","floor":30}],"player_experience":1257625,"relics_obtained":[{"floor":7.0,"key":"Art of War"},{"floor":9.0,"key":"Tiny Chest"},{"floor":14.0,"key":"Odd Mushroom"},{"floor":22,"key":"Pear"},{"floor":24,"key":"Toy Ornithopter"},{"floor":26,"key":"Gambling Chip"}],"event_choices":[{"damage_healed":0.0,"max_hp_gain":0.0,"max_hp_loss":0.0,"gold_gain":75.0,"event_name":"World of Goop","player_choice":"Gather Gold","floor":3.0,"gold_loss":0.0,"damage_taken":11.0},{"cards_removed":["Defend_G"],"damage_healed":0.0,"max_hp_gain":0.0,"max_hp_loss":0.0,"gold_gain":0.0,"event_name":"Golden Wing","player_choice":"Card Removal","floor":4.0,"gold_loss":0.0,"damage_taken":7.0},{"damage_healed":0.0,"max_hp_gain":0.0,"max_hp_loss":0.0,"gold_gain":0.0,"event_name":"Shining Light","player_choice":"Entered Light","floor":11.0,"gold_loss":0.0,"damage_taken":20.0,"cards_upgraded":["Defend_G","Dagger Throw"]},{"damage_healed":0.0,"max_hp_gain":0.0,"max_hp_loss":0.0,"gold_gain":0.0,"event_name":"Mushrooms","player_choice":"Fought Mushrooms","floor":14.0,"gold_loss":0.0,"damage_taken":0.0},{"damage_healed":0,"gold_gain":0,"player_choice":"Read","damage_taken":0,"max_hp_gain":0,"max_hp_loss":0,"event_name":"The Library","floor":21,"gold_loss":0,"cards_obtained":["Predator"]},{"damage_healed":0,"gold_gain":0,"player_choice":"Smashed Altar","damage_taken":0,"max_hp_gain":0,"max_hp_loss":0,"event_name":"Forgotten Altar","floor":28,"gold_loss":0,"cards_obtained":["Decay"]},{"damage_healed":0,"gold_gain":0,"player_choice":"Became a Ghost","damage_taken":0,"max_hp_gain":0,"max_hp_loss":38,"event_name":"Ghosts","floor":31,"gold_loss":0,"cards_obtained":["Ghostly","Ghostly","Ghostly"]}],"is_beta":false,"boss_relics":[{"not_picked":["Runic Dome","Coffee Dripper"],"picked":"Snecko Eye"}],"items_purged_floors":[20],"is_endless":false,"potions_floor_spawned":[1,8,12,14,24,30],"killed_by":"Collector","ascension_level":16}}