{"host":"gsp4qlltb0c3ynci","time":1607859387,"event":{"mods":["Abigail Mod","Ascension Reborn","BaseMod","Friendly Minions","Minty Spire (QoL Compilation)","Prisma Mod","Replay The Spire","StSLib"],"gold_per_floor":[150,150,201,201,201,303,405,480,480,582,44,143,221,323,323,323,323],"floor_reached":16,"playtime":432,"items_purged":[],"score":304,"play_id":"64d57b50-b16f-4315-b084-50055eb0997c","local_time":"20201213203627","daily_mods":["Vintage","Colorless Cards","Heirloom","Time Dilation","Flight","DeadlyEvents","Elite Swarm","Midas"],"is_ascension_mode":true,"campfire_choices":[{"floor":15,"key":"REST"}],"circlet_count":0,"master_deck":["Strike_R+1","Strike_R+1","Strike_R+1","Strike_R+1","Defend_R+1","Defend_R+1","Defend_R+1","Defend_R+1","Bash+1","ReplayTheSpireMod:Brewmster","Crow Ritual","Demon Form","Inflame+1","Barricade+1","Sadistic Nature+1","Body Slam"],"relics":["Burning Blood","Magic Flower","ReplayTheSpireMod:Spearhead","Mango","Toy Ornithopter","Turnip","Dream Catcher","Replay:Bottled Snecko","Golden Egg","CaptainsWheel","Happy Flower","Champion Belt","Bronze Scales","The Courier","Pen Nib"],"acts_visited":["Exordium"],"potions_floor_usage":[6,8,8,10,10,10,12,13,14,14,16,16],"damage_taken":[{"damage":3,"enemies":"Jaw Worm","floor":1,"turns":3},{"damage":0,"enemies":"Small Slimes","floor":3,"turns":3},{"damage":0,"enemies":"Gremlin Nob","floor":6,"turns":3},{"damage":14,"enemies":"Replay:BlueRogue","floor":7,"turns":5},{"damage":0,"enemies":"3 Sentries","floor":8,"turns":10},{"damage":0,"enemies":"Lagavulin","floor":10,"turns":5},{"damage":0,"enemies":"Replay:BlueRogue","floor":12,"turns":5},{"damage":1,"enemies":"3 Sentries","floor":13,"turns":4},{"damage":0,"enemies":"Lagavulin","floor":14,"turns":5},{"damage":0,"enemies":"Hexaghost","floor":16,"turns":2}],"seed_played":"-5155617201500518775","potions_obtained":[{"floor":3,"key":"AttackPotion"},{"floor":7,"key":"HeartOfIron"},{"floor":8,"key":"SkillPotion"}],"is_trial":true,"path_per_floor":["M","?","M","?","?","E","E","E","T","E","$","E","E","E","R","B"],"character_chosen":"IRONCLAD","items_purchased":["Happy Flower","Champion Belt","Inflame"],"campfire_rested":1,"item_purchase_floors":[11,11,11],"current_hp_per_floor":[80,80,94,99,99,99,94,99,99,99,99,99,99,99,99,99,99],"gold":323,"neow_bonus":"","is_daily":false,"chose_seed":false,"campfire_upgraded":0,"win_rate":0.0,"timestamp":1607859387,"path_taken":["M","?","M","?","?","E","E","E","T","E","$","E","E","E","R","BOSS"],"items_purchased_type":["Relic","Relic","Card"],"build_version":"2020-11-30","purchased_purges":0,"victory":false,"max_hp_per_floor":[80,80,94,99,99,99,99,99,99,99,99,99,99,99,99,99,99],"card_choices":[{"not_picked":["Brutality","Secret Technique"],"picked":"ReplayTheSpireMod:Brewmster","floor":6},{"not_picked":["HandOfGreed","ReplayTheSpireMod:Brewmster"],"picked":"Crow Ritual","floor":7},{"not_picked":["Panache","Bludgeon"],"picked":"Demon Form","floor":8},{"not_picked":["Metamorphosis","Demonic Infusion","Secret Weapon"],"picked":"SKIP","floor":10},{"not_picked":["Midas Touch","Crow Ritual","ReplayTheSpireMod:Brewmster"],"picked":"SKIP","floor":12},{"not_picked":["Fiend Fire","Impervious"],"picked":"Barricade","floor":13},{"not_picked":["HandOfGreed","Demon Form"],"picked":"Sadistic Nature","floor":14},{"not_picked":["Heavy Blade","Replay:Undeath\u0027s Touch"],"picked":"Body Slam","floor":15}],"player_experience":488581,"relics_obtained":[{"floor":1,"key":"ReplayTheSpireMod:Spearhead"},{"floor":3,"key":"Mango"},{"floor":6,"key":"Turnip"},{"floor":7,"key":"Dream Catcher"},{"floor":8,"key":"Replay:Bottled Snecko"},{"floor":9,"key":"Golden Egg"},{"floor":10,"key":"CaptainsWheel"},{"floor":12,"key":"Bronze Scales"},{"floor":13,"key":"The Courier"},{"floor":14,"key":"Pen Nib"}],"event_choices":[{"damage_healed":0,"gold_gain":0,"player_choice":"Donut","damage_taken":0,"max_hp_gain":5,"max_hp_loss":0,"event_name":"Big Fish","floor":4,"gold_loss":0},{"cards_removed":["Hemokinesis"],"damage_healed":0,"gold_gain":0,"player_choice":"Gave Card","damage_taken":0,"relics_obtained":["Toy Ornithopter"],"max_hp_gain":0,"max_hp_loss":0,"event_name":"WeMeetAgain","floor":5,"gold_loss":0}],"is_beta":false,"boss_relics":[],"items_purged_floors":[],"is_endless":false,"potions_floor_spawned":[3,7,8],"killed_by":"Hexaghost","ascension_level":0}}