{"host":"6d7vvb3kdhrpnsb5","time":1607818683,"event":{"mods":["AchievementEnabler","BaseMod","Better Third Choice","Hermit","Minty Spire (QoL Compilation)","Replay The Spire","StSLib","The Runesmith","The Vixen","Waifu the Spire"],"gold_per_floor":[115,126,126,126,126,158,158,175,198,225,235,248,274,274,274,372,372,392,409,425,700,712,742,756,771,771,184,184,216,216,242,242,242,242],"floor_reached":33,"playtime":2688,"items_purged":[],"score":422,"play_id":"6dfb91ba-89d8-4ee0-bd26-3cceb8e8af19","local_time":"20201212161803","is_ascension_mode":true,"campfire_choices":[{"data":"hermit:Maintenance","floor":7,"key":"SMITH"},{"data":"hermit:CalledShot","floor":15,"key":"SMITH"},{"data":"hermit:ShadowCloak","floor":28,"key":"SMITH"},{"data":"hermit:FromBeyond","floor":30,"key":"SMITH"},{"data":"hermit:BlackWind","floor":32,"key":"SMITH"}],"circlet_count":0,"master_deck":["hermit:Strike_Hermit","hermit:Strike_Hermit","hermit:Strike_Hermit+1","hermit:Strike_Hermit+1","hermit:Defend_Hermit","hermit:Defend_Hermit","hermit:Defend_Hermit","hermit:Defend_Hermit","hermit:Snapshot","hermit:Covet","hermit:CalledShot+1","hermit:Ricochet+1","Regret","hermit:Maintenance+1","hermit:Headshot","hermit:HighCaliber","hermit:Vantage","hermit:WideOpen","hermit:FromBeyond+1","CurseOfTheBell","hermit:HighCaliber","hermit:Desperado","Regret","hermit:SprayPray","hermit:Coalescence","hermit:Vantage","hermit:ShadowCloak+1","hermit:Desperado+1","hermit:Snipe+1","hermit:BlackWind+1"],"relics":["hermit:Momento","NeowsBlessing","Pet Ghost","Ancient Tea Set","Replay:Baseball","Whetstone","hermit:CharredGlove","Replay:Grab Bag","ChewingGum","Busted Crown","Calling Bell","Black Star","Regal Pillow","Garlic","Thread and Needle","hermit:Spyglass","Snack Pack","Replay:Mystery Machine","Question Card","FossilizedHelix","Runesmith:AutoHammer","Replay:Wax Seal","Darkstone Periapt","White Beast Statue"],"acts_visited":["Exordium","TheCity"],"potions_floor_usage":[13,20,22,29,29,33,33],"damage_taken":[{"damage":0,"enemies":"Cultist","floor":1,"turns":1},{"damage":0,"enemies":"Small Slimes","floor":2,"turns":1},{"damage":0,"enemies":"3 Sentries","floor":6,"turns":1},{"damage":1,"enemies":"Jaw Worm","floor":8,"turns":2},{"damage":26,"enemies":"Lagavulin","floor":10,"turns":6},{"damage":10,"enemies":"3 Louse","floor":11,"turns":3},{"damage":15,"enemies":"Lots of Slimes","floor":12,"turns":3},{"damage":12,"enemies":"Gremlin Nob","floor":13,"turns":2},{"damage":21,"enemies":"Fading Forest","floor":16,"turns":11},{"damage":0,"enemies":"2 Thieves","floor":18,"turns":3},{"damage":0,"enemies":"Shell Parasite","floor":19,"turns":3},{"damage":3,"enemies":"Centurion and Healer","floor":20,"turns":4},{"damage":22,"enemies":"Shelled Parasite and Fungi","floor":22,"turns":5},{"damage":20,"enemies":"Book of Stabbing","floor":23,"turns":5},{"damage":0,"enemies":"Snecko","floor":24,"turns":3},{"damage":0,"enemies":"3 Cultists","floor":25,"turns":5},{"damage":0,"enemies":"Slavers","floor":29,"turns":6},{"damage":26,"enemies":"Gremlin Leader","floor":31,"turns":6},{"damage":40,"enemies":"Collector","floor":33,"turns":6}],"seed_played":"1972896353214175755","potions_obtained":[{"floor":10,"key":"SkillPotion"},{"floor":11,"key":"Death Potion"},{"floor":12,"key":"Dexterity Potion"},{"floor":19,"key":"Strength Potion"},{"floor":24,"key":"EssenceOfSteel"},{"floor":25,"key":"hermit:Tonic"},{"floor":31,"key":"LiquidBronze"}],"is_trial":false,"path_per_floor":["M","M","?","?","?","E","R","M","T","E","M","M","E","?","R","B",null,"M","M","M","?","M","E","M","M","T","$","R","E","R","E","R","B"],"character_chosen":"HERMIT","items_purchased":["Question Card","FossilizedHelix","hermit:Desperado+1"],"campfire_rested":0,"item_purchase_floors":[27,27,27],"current_hp_per_floor":[75,75,75,68,68,68,68,67,67,41,31,16,4,75,75,66,75,75,75,72,72,50,30,32,38,38,38,38,42,42,24,24,0,0],"gold":242,"neow_bonus":"THREE_ENEMY_KILL","is_daily":false,"chose_seed":false,"campfire_upgraded":5,"win_rate":0.0,"timestamp":1607818683,"path_taken":["M","M","?","?","?","E","R","M","T","E","M","M","E","?","R","BOSS","M","M","?","?","M","E","M","?","T","$","R","E","R","E","R","BOSS"],"items_purchased_type":["Relic","Relic","Card"],"build_version":"2020-11-30","purchased_purges":0,"victory":false,"max_hp_per_floor":[75,75,75,75,75,75,75,75,75,75,75,75,75,75,75,75,75,75,75,75,75,75,75,75,75,75,75,75,75,75,75,75,75,75],"card_choices":[{"not_picked":["hermit:Roulette","hermit:Deadeye"],"picked":"hermit:CalledShot","floor":1},{"not_picked":["hermit:LowProfile","hermit:Shortfuse"],"picked":"hermit:Ricochet","floor":2},{"not_picked":["hermit:Spite","hermit:LowProfile"],"picked":"hermit:Maintenance","floor":6},{"not_picked":["hermit:SprayPray","hermit:Roulette"],"picked":"hermit:Headshot","floor":8},{"not_picked":["hermit:CalledShot","hermit:HighNoon"],"picked":"hermit:TakeAim","floor":10},{"not_picked":["hermit:HoleUp","hermit:GhostlyPresence"],"picked":"hermit:HighCaliber","floor":11},{"not_picked":["hermit:Deadeye","hermit:Feint"],"picked":"hermit:Vantage","floor":12},{"not_picked":["hermit:Manifest","hermit:GhostlyPresence"],"picked":"hermit:WideOpen","floor":13},{"not_picked":["hermit:EternalForm","hermit:Gambit"],"picked":"hermit:FromBeyond","floor":16},{"not_picked":[],"picked":"hermit:HighCaliber","floor":18},{"not_picked":[],"picked":"hermit:Desperado","floor":19},{"not_picked":["hermit:Virtue+1"],"picked":"SKIP","floor":20},{"not_picked":[],"picked":"hermit:SprayPray","floor":22},{"not_picked":[],"picked":"hermit:Coalescence","floor":23},{"not_picked":[],"picked":"hermit:Vantage","floor":24},{"not_picked":[],"picked":"hermit:ShadowCloak","floor":25},{"not_picked":["hermit:LowProfile"],"picked":"hermit:Snipe+1","floor":29},{"not_picked":["hermit:Shortfuse"],"picked":"hermit:BlackWind","floor":31}],"player_experience":509434,"relics_obtained":[{"floor":6,"key":"Replay:Baseball"},{"floor":10,"key":"Whetstone"},{"floor":13,"key":"hermit:CharredGlove"},{"floor":17,"key":"Regal Pillow"},{"floor":17,"key":"Garlic"},{"floor":17,"key":"Thread and Needle"},{"floor":23,"key":"hermit:Spyglass"},{"floor":23,"key":"Snack Pack"},{"floor":26,"key":"Replay:Mystery Machine"},{"floor":29,"key":"Runesmith:AutoHammer"},{"floor":29,"key":"Replay:Wax Seal"},{"floor":31,"key":"Darkstone Periapt"},{"floor":31,"key":"White Beast Statue"}],"event_choices":[{"damage_healed":0,"gold_gain":0,"player_choice":"Grow","damage_taken":0,"max_hp_gain":0,"max_hp_loss":0,"event_name":"Living Wall","floor":3,"gold_loss":0,"cards_upgraded":["hermit:Ricochet"]},{"damage_healed":0,"gold_gain":0,"player_choice":"Relic ","damage_taken":7,"max_hp_gain":0,"max_hp_loss":0,"event_name":"betterThird:BetterScrap","floor":4,"gold_loss":0,"cards_obtained":["Footwork"]},{"damage_healed":0,"gold_gain":0,"player_choice":"Box","damage_taken":0,"relics_obtained":["Ancient Tea Set"],"max_hp_gain":0,"max_hp_loss":0,"event_name":"Big Fish","floor":5,"gold_loss":0,"cards_obtained":["Regret"]},{"cards_removed":["hermit:TakeAim"],"damage_healed":71,"gold_gain":0,"player_choice":"Offered Uncommon","damage_taken":0,"max_hp_gain":0,"max_hp_loss":0,"event_name":"Bonfire Elementals","floor":14,"gold_loss":0},{"damage_healed":0,"gold_gain":275,"player_choice":"Desecrate","damage_taken":0,"max_hp_gain":0,"max_hp_loss":0,"event_name":"Golden Shrine","floor":21,"gold_loss":0,"cards_obtained":["Regret"]}],"is_beta":false,"boss_relics":[{"not_picked":["Ectoplasm","Replay:Wanted Poster"],"picked":"Replay:Grab Bag"},{"not_picked":["Coffee Dripper","Sozu"],"picked":"ChewingGum"},{"not_picked":["ReplayTheSpireMod:DimensionalGlitch","Abe\u0027s Treasure"],"picked":"Busted Crown"},{"not_picked":["Replay:Drink Me","Snecko Eye"],"picked":"Calling Bell"},{"not_picked":["hermit:ClaspedLocket","Runic Pyramid"],"picked":"Black Star"}],"items_purged_floors":[],"is_endless":false,"potions_floor_spawned":[10,11,12,19,24,25,31],"killed_by":"Collector","ascension_level":1}}