{"host":"ly20tmf9be7b85hl","time":1607874207,"event":{"mods":["BaseMod","Colored Map","Keyboard Shortcuts","Minty Spire (QoL Compilation)","Permanent Neow","Quick Restart","SuperFastMode"],"gold_per_floor":[109,120,135,135,150,150,150,150,150,169,169,194,119,167,167,240,240,253,269,269,314,50,50,79,79,79,105,105,115,115,115],"floor_reached":30,"playtime":739,"items_purged":["Strike_G","Bouncing Flask"],"score":532,"play_id":"b60f9cc0-e9cd-45df-a5a0-1936acf4c8fd","local_time":"20201214004327","is_ascension_mode":true,"campfire_choices":[{"floor":11.0,"key":"REST"},{"data":"Bouncing Flask","floor":15.0,"key":"SMITH"},{"data":"Setup","floor":23.0,"key":"SMITH"},{"data":"Calculated Gamble","floor":25.0,"key":"SMITH"}],"circlet_count":0,"master_deck":["AscendersBane","Survivor","Neutralize","Bouncing Flask+1","Backflip+1","Acrobatics","Backflip","Calculated Gamble+1","Underhanded Strike","Adrenaline","Eviscerate","Setup+1","Poisoned Stab","PiercingWail","After Image","Venomology","Prepared","Distraction","Tools of the Trade","Calculated Gamble","Acrobatics","Ghostly","Ghostly","Ghostly"],"relics":["HoveringKite","Mercury Hourglass","Regal Pillow","Tiny Chest","Akabeko","Pandora\u0027s Box","Potion Belt","Lantern","MealTicket","Blue Candle"],"acts_visited":["Exordium","TheCity"],"potions_floor_usage":[27,27,30,30],"damage_taken":[{"damage":4.0,"enemies":"Jaw Worm","floor":1.0,"turns":6.0},{"damage":8.0,"enemies":"2 Louse","floor":2.0,"turns":3.0},{"damage":4.0,"enemies":"Small Slimes","floor":3.0,"turns":4.0},{"damage":7.0,"enemies":"Gremlin Gang","floor":5.0,"turns":5.0},{"damage":2.0,"enemies":"Lots of Slimes","floor":10.0,"turns":4.0},{"damage":6.0,"enemies":"Lagavulin","floor":12.0,"turns":5.0},{"damage":14.0,"enemies":"Hexaghost","floor":16.0,"turns":8.0},{"damage":2.0,"enemies":"2 Thieves","floor":18.0,"turns":2.0},{"damage":5.0,"enemies":"Shell Parasite","floor":19.0,"turns":3.0},{"damage":21.0,"enemies":"Book of Stabbing","floor":24.0,"turns":5.0},{"damage":33,"enemies":"Slavers","floor":27,"turns":6},{"damage":0,"enemies":"Snake Plant","floor":29,"turns":4},{"damage":4,"enemies":"Gremlin Leader","floor":30,"turns":1}],"seed_played":"-7848422272554669423","potions_obtained":[{"floor":1.0,"key":"DuplicationPotion"},{"floor":3.0,"key":"PowerPotion"},{"floor":5.0,"key":"EssenceOfSteel"},{"floor":16.0,"key":"Fire Potion"},{"floor":18.0,"key":"Ancient Potion"},{"floor":24.0,"key":"DuplicationPotion"}],"is_trial":false,"path_per_floor":["M","M","M","?","M","?","?","?","T","M","R","E","$","T","R","B",null,"M","M","?","T","$","R","E","R","T","E","?","M","E"],"character_chosen":"THE_SILENT","items_purchased":["Lantern"],"campfire_rested":1,"item_purchase_floors":[22],"current_hp_per_floor":[55,47,43,23,16,21,21,21,21,19,55,49,49,49,49,35,62,60,55,55,55,55,55,34,34,34,1,1,1,0,0],"gold":115,"neow_bonus":"BOSS_RELIC","is_daily":false,"chose_seed":false,"campfire_upgraded":3,"win_rate":0.0,"timestamp":1607874207,"path_taken":["M","M","M","?","M","?","?","?","T","M","R","E","?","?","R","BOSS","M","M","?","?","$","R","E","R","T","E","?","M","E"],"items_purchased_type":["Relic"],"build_version":"2020-11-30","purchased_purges":2,"victory":false,"max_hp_per_floor":[66,66,66,66,66,71,71,71,71,71,71,71,71,71,71,71,71,71,71,71,71,71,71,71,71,71,71,35,35,35,35],"card_choices":[{"not_picked":["Backstab","Cloak And Dagger"],"picked":"Bouncing Flask","floor":1.0},{"not_picked":["Masterful Stab","Blade Dance"],"picked":"Backflip","floor":2.0},{"not_picked":["Cloak And Dagger","Bane"],"picked":"Dagger Throw","floor":3.0},{"not_picked":["Crippling Poison","Prepared"],"picked":"Acrobatics","floor":5.0},{"not_picked":["Expertise","Deadly Poison"],"picked":"Calculated Gamble","floor":10.0},{"not_picked":["Unload","Well Laid Plans"],"picked":"Underhanded Strike","floor":12.0},{"not_picked":["Bullet Time","Grand Finale"],"picked":"Adrenaline","floor":16.0},{"not_picked":["Cloak And Dagger","Backstab","Flying Knee"],"picked":"SKIP","floor":18.0},{"not_picked":["Deadly Poison","Escape Plan"],"picked":"Prepared","floor":19.0},{"not_picked":["Accuracy+1","Deflect"],"picked":"Calculated Gamble","floor":24.0},{"not_picked":["Heel Hook","Underhanded Strike"],"picked":"Acrobatics","floor":27},{"not_picked":["Expertise","Flechettes","Deadly Poison"],"picked":"SKIP","floor":29}],"player_experience":838676,"relics_obtained":[{"floor":9.0,"key":"Regal Pillow"},{"floor":12.0,"key":"Tiny Chest"},{"floor":14.0,"key":"Akabeko"},{"floor":21.0,"key":"Potion Belt"},{"floor":24.0,"key":"MealTicket"},{"floor":27,"key":"Blue Candle"}],"event_choices":[{"damage_healed":0.0,"max_hp_gain":0.0,"max_hp_loss":0.0,"gold_gain":0.0,"event_name":"Shining Light","player_choice":"Entered Light","floor":4.0,"gold_loss":0.0,"damage_taken":20.0,"cards_upgraded":["Backflip","Defend_G"]},{"damage_healed":0.0,"max_hp_gain":5.0,"max_hp_loss":0.0,"gold_gain":0.0,"event_name":"Big Fish","player_choice":"Donut","floor":6.0,"gold_loss":0.0,"damage_taken":0.0},{"damage_healed":0.0,"max_hp_gain":0.0,"max_hp_loss":0.0,"gold_gain":0.0,"cards_transformed":["Strike_G"],"event_name":"Living Wall","player_choice":"Change","floor":7.0,"gold_loss":0.0,"damage_taken":0.0,"cards_obtained":["Backflip"]},{"damage_healed":0.0,"max_hp_gain":0.0,"max_hp_loss":0.0,"gold_gain":0.0,"event_name":"Dead Adventurer","player_choice":"Searched \u00271\u0027 times","floor":8.0,"gold_loss":0.0,"damage_taken":0.0,"relics_obtained":["Mercury Hourglass"]},{"damage_healed":0.0,"max_hp_gain":0.0,"max_hp_loss":0.0,"gold_gain":0.0,"cards_transformed":["Blade Dance","Dagger Throw"],"event_name":"Drug Dealer","player_choice":"Became Test Subject","floor":20.0,"gold_loss":0.0,"damage_taken":0.0,"cards_obtained":["Distraction","Tools of the Trade"]},{"damage_healed":0,"gold_gain":0,"player_choice":"Became a Ghost","damage_taken":0,"max_hp_gain":0,"max_hp_loss":36,"event_name":"Ghosts","floor":28,"gold_loss":0,"cards_obtained":["Ghostly","Ghostly","Ghostly"]}],"is_beta":false,"boss_relics":[{"not_picked":["Astrolabe","WristBlade"],"picked":"Pandora\u0027s Box"}],"items_purged_floors":[13,22],"is_endless":false,"potions_floor_spawned":[1,3,5,16,18,24],"killed_by":"Gremlin Leader","ascension_level":20}}