{"host":"l7l2v2zs4hqku4vk","time":1607834641,"event":{"mods":["Act Like it!","BaseMod","Colored Powertips","Highlight Path","Minty Spire (QoL Compilation)","Replay The Spire","RumiaBox-露米娅的神秘盒子","StSLib","TestMod","The Servant 0.9.4","篝火指南"],"gold_per_floor":[144,219,264,309,334,424,147,192,242,92,92,92,137,182,5,305,305,350,395,45,45,45,90,135,225,250,315,40,99,162,231,231,549,549,612,663,726,178,307,366,423,423,448,173,234,634,738,799,799,815],"floor_reached":51,"playtime":3544,"items_purged":["Eruption","True Grit","testmod-ChaoticCore","Strike_R","Strike_G"],"score":732,"play_id":"c0b329b6-cc93-41fe-b0fc-5e9fef2ae3a9","local_time":"20201213124401","daily_mods":["Chimera","Uncertain Future","Midas"],"is_ascension_mode":false,"campfire_choices":[{"floor":32,"key":"REST"},{"floor":42,"key":"REST"},{"floor":49,"key":"REST"}],"circlet_count":0,"master_deck":["Bash","Survivor","Zap","Strike_B","Defend_R","Defend_G+1","Defend_P","Rage","Headbutt+1","Flex","Battle Trance","testmod-Recap+1","testmod-LifeRuler","Shrug It Off","testmod-ChaoticCore","Bloodletting+1","Reaper","True Grit+1","Bloodletting+1","Second Wind+1","Body Slam+1","Clash+1","Demon Form+1","AbeCurse","Offering","Armaments+1","Doubt","Feel No Pain+1"],"relics":["Burning Blood","testmod-ConstraintPeriapt","Blue Doll","testmod-TurbochargingSystem","ReplayTheSpireMod:Lightbulb","Pen Nib","testmod-Recursion","MagicDraw3","Replay:Bandana","Bag of Marbles","Gremlin Food","Abe\u0027s Treasure","Replay:Bottled Eggs","SSSystem","Akabeko","GodSword4","ReplayTheSpireMod:CursedCoin","Potion Belt"],"acts_visited":["Exordium","TheCity","TheBeyond"],"potions_floor_usage":[16,29,33,33,39,47,48,48],"damage_taken":[{"damage":7.0,"enemies":"Jaw Worm","floor":1.0,"turns":4.0},{"damage":10,"enemies":"Small Slimes","floor":3,"turns":3},{"damage":0,"enemies":"Cultist","floor":4,"turns":3},{"damage":14,"enemies":"3 Sentries","floor":6,"turns":5},{"damage":10,"enemies":"Large Slime","floor":8,"turns":4},{"damage":10,"enemies":"Red Slaver","floor":13,"turns":3},{"damage":5,"enemies":"Exordium Wildlife","floor":14,"turns":5},{"damage":37,"enemies":"The Guardian","floor":16,"turns":7},{"damage":13,"enemies":"Spheric Guardian","floor":18,"turns":5},{"damage":4,"enemies":"2 Thieves","floor":19,"turns":3},{"damage":14,"enemies":"Snake Plant","floor":23,"turns":3},{"damage":6,"enemies":"Snecko","floor":24,"turns":3},{"damage":40,"enemies":"Book of Stabbing","floor":25,"turns":4},{"damage":12,"enemies":"Centurion and Healer","floor":27,"turns":5},{"damage":6,"enemies":"Chosen and Byrds","floor":29,"turns":2},{"damage":11,"enemies":"3 Cultists","floor":30,"turns":4},{"damage":6,"enemies":"Centurion and Healer","floor":31,"turns":4},{"damage":34,"enemies":"Pondfish","floor":33,"turns":8},{"damage":19,"enemies":"3 Darklings","floor":35,"turns":4},{"damage":0,"enemies":"3 Shapes","floor":36,"turns":3},{"damage":12,"enemies":"Spire Growth","floor":37,"turns":3},{"damage":35,"enemies":"4 Shapes","floor":40,"turns":3},{"damage":35,"enemies":"Maw","floor":41,"turns":5},{"damage":26,"enemies":"Spire Growth","floor":45,"turns":3},{"damage":47,"enemies":"Nemesis","floor":47,"turns":3},{"damage":19,"enemies":"Writhing Mass","floor":48,"turns":3},{"damage":22,"enemies":"Replay:Hell Engine","floor":50,"turns":4}],"seed_played":"-2740983366772686195","potions_obtained":[{"floor":1.0,"key":"ColorlessPotion"},{"floor":3,"key":"FearPotion"},{"floor":12,"key":"BloodPotion"},{"floor":12,"key":"Explosive Potion"},{"floor":13,"key":"BlessingOfTheForge"},{"floor":18,"key":"LiquidMemories"},{"floor":19,"key":"CultistPotion"},{"floor":29,"key":"Explosive Potion"},{"floor":36,"key":"Adrenaline Potion"},{"floor":39,"key":"testmod-SpacePotion"},{"floor":39,"key":"SteroidPotion"},{"floor":40,"key":"LiquidMemories"},{"floor":47,"key":"BloodPotion"}],"is_trial":false,"path_per_floor":["M","?","M","M","T","E","R","M","T","R","$","?","M","M","R","B",null,"M","M","$","?","?","M","M","E","T","M","R","M","M","M","R","B",null,"M","M","M","$","?","M","M","R","T","R","M","?","E","M","R","B",null],"character_chosen":"IRONCLAD","items_purchased":["testmod-Recap+1","testmod-LifeRuler","Pen Nib","testmod-ChaoticCore","Bloodletting+1","MagicDraw3","Gremlin Food","Replay:Bottled Eggs","Offering","GodSword4","ReplayTheSpireMod:CursedCoin"],"campfire_rested":3,"item_purchase_floors":[7,7,10,15,15,20,28,38,38,44,44],"current_hp_per_floor":[79,68,65,72,72,69,69,66,66,66,66,66,63,64,64,35,80,79,80,80,65,65,63,71,46,46,59,59,75,84,85,85,79,85,75,85,82,82,82,85,70,85,85,85,74,74,37,50,75,79],"gold":815,"neow_bonus":"","is_daily":true,"chose_seed":false,"campfire_upgraded":0,"win_rate":0.0,"timestamp":1607834641,"path_taken":["M","?","M","M","?","E","R","M","T","R","$","?","M","M","R","BOSS","M","M","$","?","?","M","M","E","T","M","R","M","?","M","R","BOSS","M","M","M","$","?","M","M","R","T","R","?","?","E","M","R","BOSS"],"items_purchased_type":["Card","Card","Relic","Card","Card","Relic","Relic","Relic","Card","Relic","Relic"],"build_version":"2020-11-30","purchased_purges":5,"victory":true,"max_hp_per_floor":[80,80,80,80,80,80,80,80,80,80,80,80,80,80,80,80,80,80,80,80,85,85,85,85,85,85,85,85,85,85,85,85,85,85,85,85,85,85,85,85,85,85,85,85,85,85,85,85,85,85],"card_choices":[{"not_picked":["Infernal Blade","Pommel Strike"],"picked":"Rage","floor":1.0},{"not_picked":["Burning Pact","Flame Barrier"],"picked":"Headbutt","floor":3},{"not_picked":["Perfected Strike","ReplayTheSpireMod:Strike From Hell"],"picked":"Flex","floor":4},{"not_picked":["Seeing Red","Iron Wave"],"picked":"Battle Trance","floor":6},{"not_picked":["Replay:Undeath\u0027s Touch","Body Slam","Dark Embrace"],"picked":"SKIP","floor":8},{"not_picked":["Abandon","Clothesline"],"picked":"True Grit","floor":13},{"not_picked":["Heavy Blade","Twin Strike"],"picked":"Shrug It Off","floor":14},{"not_picked":["Offering","Bludgeon"],"picked":"Reaper","floor":16},{"not_picked":["Twin Strike+1","Inflame","Wild Strike+1"],"picked":"SKIP","floor":18},{"not_picked":["Shockwave","Thunderclap"],"picked":"True Grit+1","floor":19},{"not_picked":["Clash","Whirlwind","ReplayTheSpireMod:Strike From Hell"],"picked":"SKIP","floor":23},{"not_picked":["Body Slam","Seeing Red","Abandon+1"],"picked":"SKIP","floor":24},{"not_picked":["Cleave","Iron Wave"],"picked":"Second Wind+1","floor":25},{"not_picked":["Iron Wave+1","Thunderclap","Warcry"],"picked":"SKIP","floor":27},{"not_picked":["Hemogenesis","Replay:Undeath\u0027s Touch","Warcry"],"picked":"SKIP","floor":29},{"not_picked":["Run Through","Entrench"],"picked":"Body Slam+1","floor":30},{"not_picked":["Battle Trance","Havoc"],"picked":"Clash+1","floor":31},{"not_picked":["Reaper","Hemogenesis"],"picked":"Demon Form","floor":33},{"not_picked":["Iron Wave+1","Inflame","Heavy Blade"],"picked":"SKIP","floor":35},{"not_picked":["Shrug It Off","Twin Strike+1","Thunderclap"],"picked":"SKIP","floor":36},{"not_picked":["Hemokinesis","ReplayTheSpireMod:Strike From Hell+1","Shockwave"],"picked":"SKIP","floor":37},{"not_picked":["Thunderclap","Warcry+1"],"picked":"Armaments","floor":39},{"not_picked":["True Grit","Warcry","Twin Strike"],"picked":"SKIP","floor":40},{"not_picked":["Clothesline","Cleave+1","Spot Weakness"],"picked":"SKIP","floor":41},{"not_picked":["Seeing Red","Ghostly Armor","Perfected Strike"],"picked":"SKIP","floor":45},{"not_picked":["Second Wind+1","ReplayTheSpireMod:Corrosion Curse+1"],"picked":"Feel No Pain+1","floor":47},{"not_picked":["Pummel+1","ReplayTheSpireMod:Corrosion Curse+1","Rampage"],"picked":"SKIP","floor":48}],"player_experience":1628673,"relics_obtained":[{"floor":5,"key":"Blue Doll"},{"floor":6,"key":"testmod-TurbochargingSystem"},{"floor":9,"key":"ReplayTheSpireMod:Lightbulb"},{"floor":25,"key":"Replay:Bandana"},{"floor":26,"key":"Bag of Marbles"},{"floor":39,"key":"SSSystem"},{"floor":43,"key":"Akabeko"},{"floor":47,"key":"Potion Belt"}],"event_choices":[{"damage_healed":0.0,"max_hp_gain":0.0,"max_hp_loss":0.0,"gold_gain":75.0,"event_name":"World of Goop","player_choice":"Gather Gold","floor":2.0,"gold_loss":0.0,"damage_taken":11.0},{"damage_healed":0,"gold_gain":0,"player_choice":"Got Potions","damage_taken":0,"max_hp_gain":0,"max_hp_loss":0,"event_name":"Lab","floor":12,"gold_loss":0},{"damage_healed":0,"gold_gain":0,"player_choice":"Shed Blood","damage_taken":20,"max_hp_gain":5,"max_hp_loss":0,"event_name":"Forgotten Altar","floor":21,"gold_loss":0},{"damage_healed":0,"gold_gain":0,"player_choice":"Copied","damage_taken":0,"max_hp_gain":0,"max_hp_loss":0,"event_name":"Duplicator","floor":22,"gold_loss":0,"cards_obtained":["Bloodletting"]},{"damage_healed":0,"gold_gain":400,"player_choice":"Sell","damage_taken":0,"max_hp_gain":0,"max_hp_loss":0,"event_name":"恩洛斯的盘子","floor":46,"relics_lost":["testmod-TestBox"],"gold_loss":0}],"is_beta":false,"boss_relics":[{"not_picked":["testmod-D_4","Runic Dome"],"picked":"testmod-Recursion"},{"not_picked":["ChewingGum","Black Blood"],"picked":"Abe\u0027s Treasure"}],"items_purged_floors":[7,20,28,38,44],"is_endless":false,"potions_floor_spawned":[1,3,13,14,18,19,27,29,30,31,36,40,45,47],"ascension_level":0}}