{"host":"knghpd923z1q8993","time":1607824481,"event":{"mods":["BaseMod","Colored Map","Colored Powertips","Minty Spire (QoL Compilation)","StSLib"],"gold_per_floor":[110,110,2,21,38,38,52,66,91,91,116,127,127,156,156,156,156],"floor_reached":16,"playtime":1804,"items_purged":["Strike_G"],"score":134,"play_id":"759d1ccf-0e44-42bc-862e-87984dc0a674","local_time":"20201213025441","is_ascension_mode":true,"campfire_choices":[{"data":"Neutralize","floor":6,"key":"SMITH"},{"data":"Tools of the Trade","floor":10,"key":"SMITH"},{"data":"Night Terror","floor":13,"key":"SMITH"},{"data":"Deadly Poison","floor":15,"key":"SMITH"}],"circlet_count":0,"master_deck":["Strike_G","Strike_G","Strike_G","Defend_G","Defend_G+1","Defend_G","Defend_G","Defend_G","Survivor+1","Neutralize+1","Underhanded Strike","Catalyst","Dagger Throw","Tools of the Trade+1","Prepared","Night Terror+1","Deadly Poison+1"],"relics":["Coffee Dripper","War Paint","Dream Catcher","Bronze Scales"],"acts_visited":["Exordium"],"potions_floor_usage":[12,14],"damage_taken":[{"damage":0.0,"enemies":"Cultist","floor":1.0,"turns":4.0},{"damage":5,"enemies":"2 Louse","floor":4,"turns":3},{"damage":1,"enemies":"Jaw Worm","floor":5,"turns":6},{"damage":12,"enemies":"Exordium Wildlife","floor":7,"turns":5},{"damage":0,"enemies":"Blue Slaver","floor":8,"turns":4},{"damage":10,"enemies":"Gremlin Nob","floor":11,"turns":5},{"damage":7,"enemies":"Lots of Slimes","floor":12,"turns":3},{"damage":12,"enemies":"3 Sentries","floor":14,"turns":7},{"damage":23,"enemies":"Slime Boss","floor":16,"turns":3}],"seed_played":"-3506295202924138167","potions_obtained":[{"floor":7,"key":"Explosive Potion"},{"floor":12,"key":"Poison Potion"}],"is_trial":false,"path_per_floor":["M","?","$","M","M","R","M","M","T","R","E","M","R","E","R","B"],"character_chosen":"THE_SILENT","items_purchased":["Catalyst"],"campfire_rested":0,"item_purchase_floors":[3],"current_hp_per_floor":[70,70,70,65,64,64,52,52,52,52,42,35,35,23,23,0,0],"gold":156,"neow_bonus":"BOSS_RELIC","is_daily":false,"chose_seed":false,"campfire_upgraded":4,"win_rate":0.0,"timestamp":1607824481,"path_taken":["M","?","$","?","M","R","M","M","T","R","E","M","R","E","R","BOSS"],"items_purchased_type":["Card"],"build_version":"2020-11-30","purchased_purges":1,"victory":false,"max_hp_per_floor":[70,70,70,70,70,70,70,70,70,70,70,70,70,70,70,70,70],"card_choices":[{"not_picked":["PiercingWail","Backflip"],"picked":"Underhanded Strike","floor":1.0},{"not_picked":["Deflect","Flying Knee","Cloak And Dagger"],"picked":"SKIP","floor":4},{"not_picked":["Flying Knee","PiercingWail","Infinite Blades"],"picked":"SKIP","floor":5},{"not_picked":["Flying Knee","PiercingWail","Infinite Blades"],"picked":"SKIP","floor":5},{"not_picked":["Flying Knee","PiercingWail","Infinite Blades"],"picked":"SKIP","floor":5},{"not_picked":["Accuracy","Bane"],"picked":"Dagger Throw","floor":7},{"not_picked":["Escape Plan","Slice"],"picked":"Tools of the Trade","floor":8},{"not_picked":["Poisoned Stab","Backflip"],"picked":"Prepared","floor":11},{"not_picked":["PiercingWail","Sucker Punch"],"picked":"Night Terror","floor":12},{"not_picked":["Backflip","Reflex"],"picked":"Deadly Poison","floor":14}],"player_experience":55949,"relics_obtained":[{"floor":9,"key":"War Paint"},{"floor":11,"key":"Dream Catcher"},{"floor":14,"key":"Bronze Scales"}],"event_choices":[{"cards_removed":["Strike_G"],"damage_healed":0.0,"max_hp_gain":0.0,"max_hp_loss":0.0,"gold_gain":0.0,"event_name":"Purifier","player_choice":"Purged","floor":2.0,"gold_loss":0.0,"damage_taken":0.0}],"is_beta":false,"boss_relics":[],"items_purged_floors":[3],"is_endless":false,"potions_floor_spawned":[7,12],"killed_by":"Slime Boss","ascension_level":4}}