{"host":"vzygucmp2u9s1xuv","time":1607871134,"event":{"mods":["BaseMod","Colored Map","DeckTracker","Keyboard Shortcuts","Minty Spire (QoL Compilation)","Quick Restart","StSLib","SuperFastMode"],"gold_per_floor":[111,129,147,157,157,157,171,171,171,171,171,195,214,126,126,126,126],"floor_reached":16,"playtime":278,"items_purged":[],"score":169,"play_id":"47bd2957-ffa0-40ee-9ae8-edc909a64bce","local_time":"20201213235214","is_ascension_mode":true,"campfire_choices":[{"floor":6,"key":"REST"},{"floor":8,"key":"REST"},{"floor":11,"key":"REST"},{"floor":15,"key":"REST"}],"circlet_count":0,"master_deck":["AscendersBane","Strike_R","Strike_R+1","Strike_R+1","Defend_R","Defend_R","Defend_R","Defend_R","Bash","Dark Embrace","Searing Blow","Entrench","Flex","Rupture","Headbutt","Twin Strike","Body Slam","Armaments","Reaper"],"relics":["Burning Blood","Whetstone","Golden Idol"],"acts_visited":["Exordium"],"potions_floor_usage":[],"damage_taken":[{"damage":10.0,"enemies":"Small Slimes","floor":1.0,"turns":4.0},{"damage":16,"enemies":"Cultist","floor":2,"turns":4},{"damage":17,"enemies":"2 Louse","floor":3,"turns":3},{"damage":36,"enemies":"Large Slime","floor":4,"turns":8},{"damage":23,"enemies":"3 Louse","floor":7,"turns":4},{"damage":31,"enemies":"Exordium Thugs","floor":12,"turns":5},{"damage":9,"enemies":"2 Fungi Beasts","floor":13,"turns":3},{"damage":0,"enemies":"The Guardian","floor":16,"turns":2}],"seed_played":"-9189387463859239428","potions_obtained":[{"floor":2,"key":"FearPotion"},{"floor":4,"key":"SteroidPotion"}],"is_trial":false,"path_per_floor":["M","M","M","M","?","R","M","R","T","?","R","M","M","$","R","B"],"character_chosen":"IRONCLAD","items_purchased":["Reaper"],"campfire_rested":4,"item_purchase_floors":[14],"current_hp_per_floor":[64,54,43,13,13,33,16,36,36,36,54,29,26,26,44,44,44],"gold":126,"neow_bonus":"TRANSFORM_TWO_CARDS","is_daily":false,"chose_seed":false,"campfire_upgraded":0,"win_rate":0.0,"timestamp":1607871134,"path_taken":["M","M","M","M","?","R","M","R","T","?","R","M","M","$","R","BOSS"],"items_purchased_type":["Card"],"build_version":"2020-11-30","purchased_purges":0,"victory":false,"max_hp_per_floor":[68,68,68,68,68,68,68,68,68,62,62,62,62,62,62,62,62],"card_choices":[{"not_picked":["Clash","Heavy Blade"],"picked":"Entrench","floor":1.0},{"not_picked":["Iron Wave","Heavy Blade"],"picked":"Flex","floor":2},{"not_picked":["Sword Boomerang","True Grit"],"picked":"Rupture","floor":3},{"not_picked":["Heavy Blade","Warcry"],"picked":"Headbutt","floor":4},{"not_picked":["Heavy Blade","Perfected Strike"],"picked":"Twin Strike","floor":7},{"not_picked":["Twin Strike","Pommel Strike"],"picked":"Body Slam","floor":12},{"not_picked":["Clothesline","Body Slam"],"picked":"Armaments","floor":13}],"player_experience":646610,"relics_obtained":[{"floor":9,"key":"Whetstone"}],"event_choices":[{"damage_healed":0,"gold_gain":0,"player_choice":"Ignored","damage_taken":0,"max_hp_gain":0,"max_hp_loss":0,"event_name":"Liars Game","floor":5,"gold_loss":0},{"damage_healed":0,"gold_gain":0,"player_choice":"Lose Max HP","damage_taken":0,"relics_obtained":["Golden Idol"],"max_hp_gain":0,"max_hp_loss":6,"event_name":"Golden Idol","floor":10,"gold_loss":0}],"is_beta":false,"boss_relics":[],"items_purged_floors":[],"is_endless":false,"potions_floor_spawned":[2,4,13],"killed_by":"The Guardian","ascension_level":16}}