{"host":"cwd5s03r1oaxs6mx","time":1607852961,"event":{"mods":["Act Like it!","BaseMod","Better Third Choice","BetterRewards","CapriCore","Card Filter","Colored Map","Custom Start","DeckTracker","Friendly Minions","Hubris","Infinite Spire","Minty Spire (QoL Compilation)","Quick Restart","Relic Stats","Shop Mod","Spicy Shops","StSLib","SuperFastMode"],"gold_per_floor":[110,122,136,2,2,32,32,63,86,86,86,86,151,168,168,245,245,265,245,257,257,277,277,288,303,330,330,330,330,344,59,59,133,133,152,152,102,22,22,49,49,75,99,119,119,19,19,33,33,33,33,33,33,33,62,62],"floor_reached":57,"playtime":1649,"items_purged":["Strike_B","Injury","Strike_B","Strike_B"],"score":3132,"play_id":"61555783-2198-4e55-9a6e-2b1dec07910a","local_time":"20201213184921","is_ascension_mode":true,"campfire_choices":[{"data":"hubris:EnhanceAbility","floor":7.0,"key":"SMITH"},{"data":"Defragment","floor":10.0,"key":"SMITH"},{"data":"Zap","floor":15.0,"key":"SMITH"},{"floor":23.0,"key":"REST"},{"floor":28.0,"key":"REST"},{"data":"Defragment","floor":32.0,"key":"SMITH"},{"data":"Madness","floor":41.0,"key":"SMITH"},{"floor":45.0,"key":"RECALL"},{"data":"Lockon","floor":47.0,"key":"SMITH"},{"data":"Dualcast","floor":49.0,"key":"SMITH"},{"data":"Reinforced Body","floor":53.0,"key":"SMITH"}],"circlet_count":0,"master_deck":["AscendersBane","Strike_B","Defend_B","Defend_B","Defend_B","Defend_B","Zap+1","Dualcast+1","Defragment+1","hubris:EnhanceAbility+1","Redo+1","Lockon+1","Ball Lightning","Hologram+1","Leap+1","infinitespire:Collect+1","Cold Snap","BootSequence+1","Electrodynamics","Defragment+1","Leap+1","Glacier+1","Master of Strategy","Seek","Madness+1","Madness","Reinforced Body+1"],"relics":["Cracked Core","Runic Capacitor","hubris:Zylophone","hubris:OldNail","The Courier","Ancient Tea Set","hubris:CrackedHourglass","War Paint","Chemical X","Sozu","hubris:MysteriousPyramids","Lantern","infinitespire:PuzzleCube"],"acts_visited":["Exordium","TheCity","TheBeyond","TheEnding"],"potions_floor_usage":[56],"damage_taken":[{"damage":0.0,"enemies":"2 Louse","floor":1.0,"turns":2.0},{"damage":16.0,"enemies":"Small Slimes","floor":2.0,"turns":4.0},{"damage":7.0,"enemies":"Jaw Worm","floor":3.0,"turns":3.0},{"damage":7.0,"enemies":"3 Sentries","floor":6.0,"turns":8.0},{"damage":4.0,"enemies":"Lagavulin","floor":8.0,"turns":6.0},{"damage":0.0,"enemies":"Lagavulin Event","floor":13.0,"turns":5.0},{"damage":0.0,"enemies":"2 Fungi Beasts","floor":14.0,"turns":2.0},{"damage":0.0,"enemies":"Slime Boss","floor":16.0,"turns":6.0},{"damage":0.0,"enemies":"Chosen","floor":18.0,"turns":3.0},{"damage":39.0,"enemies":"3 Byrds","floor":20.0,"turns":5.0},{"damage":13.0,"enemies":"Snake Plant","floor":22.0,"turns":4.0},{"damage":4.0,"enemies":"Centurion and Healer","floor":24.0,"turns":4.0},{"damage":18.0,"enemies":"Cultist and Chosen","floor":25.0,"turns":4.0},{"damage":2.0,"enemies":"Sentry and Sphere","floor":30.0,"turns":5.0},{"damage":10.0,"enemies":"hubris:MusketHawk","floor":33.0,"turns":6.0},{"damage":0.0,"enemies":"Orb Walker","floor":35.0,"turns":3.0},{"damage":0.0,"enemies":"Reptomancer","floor":40.0,"turns":4.0},{"damage":0.0,"enemies":"Nemesis","floor":42.0,"turns":5.0},{"damage":0.0,"enemies":"3 Darklings","floor":44.0,"turns":2.0},{"damage":0.0,"enemies":"Jaw Worm Horde","floor":48.0,"turns":3.0},{"damage":12.0,"enemies":"infinitespire:MassOfShapes","floor":50.0,"turns":9.0},{"damage":8.0,"enemies":"Awakened One","floor":51.0,"turns":9.0},{"damage":0.0,"enemies":"Shield and Spear","floor":55.0,"turns":6.0},{"damage":0,"enemies":"The Heart","floor":56,"turns":9}],"seed_played":"-7906183011222812509","potions_obtained":[{"floor":6.0,"key":"Fire Potion"},{"floor":8.0,"key":"Explosive Potion"},{"floor":16.0,"key":"Fruit Juice"},{"floor":19.0,"key":"Dexterity Potion"},{"floor":22.0,"key":"Block Potion"},{"floor":33.0,"key":"infinitespire:BlackPotion"}],"is_trial":false,"path_per_floor":["M","M","M","$","?","E","R","E","T","R","?","?","?","M","R","B",null,"M","?","M","AVR","M","R","M","M","T","?","R","?","M","$","R","B",null,"M","?","?","$","NS","E","R","E","T","M","R","$","R","M","R","B","B",null,"R","$","E","B",null],"character_chosen":"DEFECT","items_purchased":["Defragment","hubris:EnhanceAbility","Redo","Lockon","Runic Capacitor","Ball Lightning","Hologram","hubris:Zylophone","Chemical X","Master of Strategy"],"campfire_rested":2,"item_purchase_floors":[0,0,0,0,0,0,0,4,31,31],"current_hp_per_floor":[64,48,41,41,24,17,17,13,13,13,36,36,36,36,36,41,67,67,67,28,28,15,37,33,15,15,15,37,37,35,35,35,25,63,63,49,49,49,49,49,49,49,49,49,49,49,49,49,49,37,29,64,64,64,64,64],"gold":62,"neow_bonus":"","is_daily":false,"chose_seed":false,"campfire_upgraded":8,"win_rate":0.0,"timestamp":1607852961,"path_taken":["M","M","M","$","?","E","R","E","T","R","?","?","?","?","R","BOSS","M","?","?","AVR","?","R","M","M","T","?","R","?","?","$","R","BOSS","M","?","?","$","NS","E","R","E","T","?","R","$","R","M","R","BOSS","BOSS","R","$","E","BOSS"],"items_purchased_type":["Card","Card","Card","Card","Relic","Card","Card","Relic","Relic","Card"],"build_version":"2020-11-30","purchased_purges":4,"victory":true,"max_hp_per_floor":[71,71,71,71,71,71,71,71,71,71,71,71,71,71,71,76,76,76,76,76,76,76,76,76,76,76,76,76,76,76,76,76,76,76,76,76,76,76,76,76,76,76,76,76,76,76,76,76,76,76,76,76,76,76,76,76],"relic_stats":{"Sozu":3,"counters":[46,237],"Chemical X":[16],"War Paint":["Hologram","Leap"],"obtain_stats":[{"hubris:BallOfYels":0,"Lantern":43,"hubris:VirtuousBlindfold":17,"Runic Capacitor":0,"hubris:MysteriousPyramids":40,"Smiling Mask":0,"Ancient Tea Set":13,"Sozu":34,"Nunchaku":28,"Centennial Puzzle":6,"hubris:Icosahedron":7,"Chemical X":31,"infinitespire:Eraser":11,"Cracked Core":0,"InkBottle":26,"hubris:MobiusCoin":12,"Girya":8,"Oddly Smooth Stone":8,"infinitespire:Joker Card":3,"The Courier":8,"War Paint":26,"hubris:Zylophone":4,"Membership Card":0,"Bottled Lightning":9,"hubris:CrackedHourglass":17,"hubris:OldNail":6,"infinitespire:PuzzleCube":55,"hubris:NiceRug":0},{"hubris:BallOfYels":14,"Lantern":40,"hubris:VirtuousBlindfold":10,"Runic Capacitor":22,"hubris:MysteriousPyramids":39,"Smiling Mask":0,"Ancient Tea Set":27,"Sozu":37,"Nunchaku":14,"Centennial Puzzle":20,"hubris:Icosahedron":4,"Chemical X":36,"infinitespire:Eraser":21,"Cracked Core":0,"InkBottle":13,"hubris:MobiusCoin":7,"Girya":21,"Oddly Smooth Stone":5,"infinitespire:Joker Card":3,"The Courier":27,"War Paint":35,"hubris:Zylophone":25,"Membership Card":2,"Bottled Lightning":21,"hubris:CrackedHourglass":30,"hubris:OldNail":26,"infinitespire:PuzzleCube":45,"hubris:NiceRug":0},{"hubris:BallOfYels":86,"Lantern":199,"hubris:VirtuousBlindfold":59,"Runic Capacitor":120,"hubris:MysteriousPyramids":194,"Smiling Mask":0,"Ancient Tea Set":143,"Sozu":187,"Nunchaku":86,"Centennial Puzzle":110,"hubris:Icosahedron":16,"Chemical X":181,"infinitespire:Eraser":116,"Cracked Core":0,"InkBottle":75,"hubris:MobiusCoin":33,"Girya":116,"Oddly Smooth Stone":21,"infinitespire:Joker Card":13,"The Courier":143,"War Paint":176,"hubris:Zylophone":129,"Membership Card":8,"Bottled Lightning":116,"hubris:CrackedHourglass":156,"hubris:OldNail":137,"infinitespire:PuzzleCube":228,"hubris:NiceRug":0}]},"card_choices":[{"not_picked":["Beam Cell","Go for the Eyes","Stack"],"picked":"SKIP","floor":1.0},{"not_picked":["Steam","Hologram","Gash"],"picked":"SKIP","floor":2.0},{"not_picked":["Gash","Leap","Steam"],"picked":"SKIP","floor":3.0},{"not_picked":["Gash","Steam"],"picked":"Leap","floor":3.0},{"not_picked":["infinitespire:Execution","hubris:InfiniteBlow+18"],"picked":"infinitespire:Collect","floor":5.0},{"not_picked":["Capacitor","Conserve Battery"],"picked":"Cold Snap","floor":6.0},{"not_picked":["Aggregate","Turbo"],"picked":"BootSequence","floor":8.0},{"not_picked":["Static Discharge","Leap","Streamline"],"picked":"SKIP","floor":14.0},{"not_picked":["Fission","Biased Cognition"],"picked":"Electrodynamics","floor":16.0},{"not_picked":["Conserve Battery","Cold Snap"],"picked":"Defragment","floor":18.0},{"not_picked":["Darkness","Sunder+1","Hologram"],"picked":"SKIP","floor":20.0},{"not_picked":["Go for the Eyes","Loop","Redo"],"picked":"SKIP","floor":22.0},{"not_picked":["Chaos+1","Gash"],"picked":"Leap+1","floor":24.0},{"not_picked":["Rebound","White Noise"],"picked":"Glacier","floor":25.0},{"not_picked":["Turbo","Leap","Scrape"],"picked":"SKIP","floor":30.0},{"not_picked":["Electrodynamics","Core Surge"],"picked":"Seek","floor":33.0},{"not_picked":["Auto Shields","Rebound+1","Beam Cell"],"picked":"SKIP","floor":35.0},{"not_picked":["Stack+1","Compile Driver","Sunder"],"picked":"SKIP","floor":40.0},{"not_picked":["Conserve Battery","Melter+1"],"picked":"Reinforced Body","floor":42.0},{"not_picked":["Recycle","Hologram+1","Steam Power"],"picked":"SKIP","floor":44.0},{"not_picked":["Leap+1","Streamline","Gash+1"],"picked":"SKIP","floor":48.0},{"not_picked":["Double Energy","Turbo","Steam"],"picked":"SKIP","floor":55.0}],"player_experience":895917,"relics_obtained":[{"floor":6.0,"key":"hubris:OldNail"},{"floor":8.0,"key":"The Courier"},{"floor":26.0,"key":"War Paint"},{"floor":40.0,"key":"hubris:MysteriousPyramids"},{"floor":43.0,"key":"Lantern"},{"floor":55.0,"key":"infinitespire:PuzzleCube"}],"event_choices":[{"damage_healed":23.0,"max_hp_gain":0.0,"max_hp_loss":0.0,"gold_gain":0.0,"event_name":"Big Fish","player_choice":"Banana","floor":11.0,"gold_loss":0.0,"damage_taken":0.0},{"damage_healed":0.0,"max_hp_gain":0.0,"max_hp_loss":0.0,"gold_gain":0.0,"event_name":"betterThird:BetterSerpent","player_choice":"Ignored","floor":12.0,"gold_loss":0.0,"damage_taken":86.0},{"damage_healed":0.0,"max_hp_gain":0.0,"max_hp_loss":0.0,"gold_gain":0.0,"event_name":"Dead Adventurer","player_choice":"Searched \u00272\u0027 times","floor":13.0,"gold_loss":0.0,"damage_taken":0.0,"relics_obtained":["Ancient Tea Set"]},{"damage_healed":0.0,"max_hp_gain":0.0,"max_hp_loss":0.0,"gold_gain":0.0,"event_name":"The Woman in Blue","player_choice":"Bought 1 Potion","floor":19.0,"gold_loss":0.0,"damage_taken":0.0},{"damage_healed":0.0,"max_hp_gain":0.0,"max_hp_loss":0.0,"gold_gain":0.0,"event_name":"Match and Keep!","player_choice":"0 cards matched","floor":29.0,"gold_loss":0.0,"damage_taken":0.0,"cards_obtained":[]},{"damage_healed":0.0,"max_hp_gain":0.0,"max_hp_loss":0.0,"gold_gain":0.0,"event_name":"Winding Halls","player_choice":"Embrace Madness","floor":36.0,"gold_loss":0.0,"damage_taken":14.0,"cards_obtained":["Madness","Madness"]},{"damage_healed":0.0,"max_hp_gain":0.0,"max_hp_loss":0.0,"gold_gain":0.0,"event_name":"Designer","player_choice":"Upgraded Two","floor":37.0,"gold_loss":50.0,"damage_taken":0.0,"cards_upgraded":["BootSequence","Glacier"]}],"is_beta":false,"boss_relics":[{"not_picked":["Velvet Choker","Calling Bell"],"picked":"hubris:CrackedHourglass"},{"not_picked":["Nuclear Battery","Coffee Dripper"],"picked":"Sozu"}],"items_purged_floors":[0,21,38,46],"is_endless":false,"potions_floor_spawned":[6,8,16,22,24,30,33,35,42,48,55],"ascension_level":20}}