{"host":"8eddgt5t5e8es31j","time":1607870540,"event":{"mods":["2.2 Compatiblity","AchievementEnabler","BaseMod","Downfall","Hermit","Hubris","Infinite Spire","Minty Spire (QoL Compilation)","Quick Restart","Replay The Spire","StSLib"],"gold_per_floor":[15,26,26,41,58,84,104,104,104,104,104,129,148,148,148,148,148],"floor_reached":16,"playtime":773,"items_purged":[],"score":112,"play_id":"e1323243-ed58-4236-8d09-cb2a88414b68","local_time":"20201213084220","is_ascension_mode":false,"campfire_choices":[{"floor":8,"key":"REST"},{"floor":15,"key":"REST"}],"circlet_count":0,"master_deck":["Strike_G","Strike_G","Strike_G","Strike_G","Defend_G","Defend_G","Defend_G","Survivor","Neutralize","Backflip","Quick Slash","Quick Slash","Slice","Backstab","Deflect","Injury"],"relics":["Ring of the Snake","infinitespire:WardingShard","hubris:FunFungus","hubris:Towel","Blue Doll","Golden Idol"],"acts_visited":["Exordium"],"potions_floor_usage":[],"damage_taken":[{"damage":0,"enemies":"Cultist","floor":1,"turns":5},{"damage":10,"enemies":"infinitespire:Voidling","floor":2,"turns":7},{"damage":0,"enemies":"2 Louse","floor":4,"turns":4},{"damage":3,"enemies":"Large Slime","floor":5,"turns":10},{"damage":51,"enemies":"Gremlin Nob","floor":6,"turns":6},{"damage":1,"enemies":"Looter","floor":7,"turns":3},{"damage":18,"enemies":"Lagavulin","floor":12,"turns":6},{"damage":1,"enemies":"3 Louse","floor":13,"turns":3},{"damage":54,"enemies":"Fading Forest","floor":16,"turns":7}],"seed_played":"-4046931865767857423","potions_obtained":[{"floor":5,"key":"DuplicationPotion"},{"floor":6,"key":"BlessingOfTheForge"},{"floor":7,"key":"SneckoOil"}],"is_trial":false,"path_per_floor":["M","M","$","M","M","E","M","R","T","?","?","E","M","?","R","B"],"character_chosen":"THE_SILENT","items_purchased":[],"campfire_rested":2,"item_purchase_floors":[],"current_hp_per_floor":[70,70,70,70,67,16,15,36,36,36,36,18,17,17,38,0,0],"gold":148,"neow_bonus":"REMOVE_TWO","is_daily":false,"chose_seed":false,"campfire_upgraded":0,"win_rate":0.0,"timestamp":1607870540,"path_taken":["M","?","?","M","M","E","?","R","T","?","?","E","M","?","R","BOSS"],"items_purchased_type":[],"build_version":"2020-11-30","purchased_purges":0,"victory":false,"max_hp_per_floor":[70,70,70,70,70,70,70,70,70,70,70,70,70,70,70,70,70],"card_choices":[{"not_picked":["Dash","Sneak Up","PiercingWail"],"picked":"SKIP","floor":1},{"not_picked":["Heel Hook","Bane"],"picked":"Backflip","floor":2},{"not_picked":["Backflip","Sucker Punch"],"picked":"Quick Slash","floor":4},{"not_picked":["Sucker Punch","Flying Knee"],"picked":"Quick Slash","floor":5},{"not_picked":["Flying Knee","Prepared"],"picked":"Slice","floor":6},{"not_picked":["Predator","Outmaneuver"],"picked":"Backstab","floor":7},{"not_picked":["Replay:Poison Smokescreen","Noxious Fumes"],"picked":"Deflect","floor":12},{"not_picked":["Flechettes","Acrobatics","Underhanded Strike"],"picked":"SKIP","floor":13}],"player_experience":40714,"relics_obtained":[{"floor":6,"key":"infinitespire:WardingShard"},{"floor":9,"key":"hubris:FunFungus"},{"floor":12,"key":"Blue Doll"}],"event_choices":[{"cards_removed":["Defend_G"],"damage_healed":0,"gold_gain":0,"player_choice":"Forget","damage_taken":0,"max_hp_gain":0,"max_hp_loss":0,"event_name":"Living Wall","floor":11,"gold_loss":0},{"damage_healed":0,"gold_gain":0,"player_choice":"Take Wound","damage_taken":0,"relics_obtained":["Golden Idol"],"max_hp_gain":0,"max_hp_loss":0,"event_name":"Golden Idol","floor":14,"gold_loss":0,"cards_obtained":["Injury"]}],"is_beta":false,"boss_relics":[],"items_purged_floors":[],"is_endless":false,"potions_floor_spawned":[5,6,7,13],"killed_by":"Fading Forest","ascension_level":0}}