{"host":"tknto047uabgu3zm","time":1607849262,"event":{"mods":["AchievementEnabler","BaseMod","Bestiary","Block Reminder","Colored Map","Colored Powertips","Highlight Path","Minty Spire (QoL Compilation)","MonsterHotkey","Permanent Neow","Random Character Button","Rare Cards Sparkle","Relic Sorter","Relic Stats","StSLib"],"gold_per_floor":[119,138,288,288,362,362,362,376,429,26,45,45,78,92,92,191,191,207,24,24,24,24,24,63,63,88,120,162,212,236,151,160,160,160],"floor_reached":33,"playtime":1649,"items_purged":[],"score":492,"play_id":"b2eabc19-b062-41d0-a9e0-64b876436c37","local_time":"20201213004742","is_ascension_mode":true,"campfire_choices":[{"floor":6,"key":"REST"},{"floor":15,"key":"REST"},{"floor":23,"key":"REST"},{"floor":25,"key":"REST"},{"floor":32,"key":"REST"}],"circlet_count":0,"master_deck":["AscendersBane","Strike_G+1","Strike_G+1","Strike_G+1","Defend_G+1","Defend_G+1","Defend_G+1","Survivor","Neutralize","CurseOfTheBell","Leg Sweep+1","Infinite Blades","Backstab","Die Die Die","Coolheaded","ReachHeaven","LessonLearned+1","Gash","Infinite Blades","Corpse Explosion","Storm of Steel","Cloak And Dagger","Battle Trance","Judgement","CutThroughFate+1","Coolheaded"],"relics":["Calling Bell","Dream Catcher","InkBottle","Unceasing Top","Mercury Hourglass","Golden Idol","Centennial Puzzle","Gremlin Horn","PrismaticShard","Bottled Lightning","Empty Cage","Bag of Marbles","Bottled Flame","CeramicFish","Juzu Bracelet","Blue Candle"],"acts_visited":["Exordium","TheCity"],"potions_floor_usage":[13,24,28,33,33],"damage_taken":[{"damage":7,"enemies":"Jaw Worm","floor":1,"turns":7},{"damage":6,"enemies":"Small Slimes","floor":2,"turns":7},{"damage":0,"enemies":"2 Louse","floor":8,"turns":2},{"damage":6,"enemies":"Blue Slaver","floor":11,"turns":4},{"damage":3,"enemies":"Lagavulin","floor":13,"turns":7},{"damage":0,"enemies":"Exordium Wildlife","floor":14,"turns":3},{"damage":25,"enemies":"Hexaghost","floor":16,"turns":12},{"damage":11,"enemies":"3 Byrds","floor":18,"turns":5},{"damage":27,"enemies":"Gremlin Leader","floor":24,"turns":9},{"damage":4,"enemies":"Shell Parasite","floor":27,"turns":7},{"damage":22,"enemies":"Book of Stabbing","floor":28,"turns":8},{"damage":7,"enemies":"Snecko","floor":30,"turns":4},{"damage":45,"enemies":"Collector","floor":33,"turns":10}],"seed_played":"-5889967733934123497","potions_obtained":[{"floor":11,"key":"PowerPotion"},{"floor":13,"key":"Dexterity Potion"},{"floor":18,"key":"Dexterity Potion"},{"floor":27,"key":"PowerPotion"},{"floor":28,"key":"SneckoOil"}],"is_trial":false,"path_per_floor":["M","M","?","?","T","R","?","M","T","$","M","?","E","M","R","B",null,"M","$","?","?","?","R","E","R","T","M","E","?","M","?","R","B"],"character_chosen":"THE_SILENT","items_purchased":["Gremlin Horn","PrismaticShard","Infinite Blades","Bag of Marbles"],"campfire_rested":5,"item_purchase_floors":[10,10,19,19],"current_hp_per_floor":[52,46,46,39,39,58,35,35,35,35,29,29,26,26,45,20,55,44,44,44,44,44,63,36,55,55,51,29,29,22,22,41,0,0],"gold":160,"neow_bonus":"BOSS_RELIC","is_daily":false,"chose_seed":false,"campfire_upgraded":0,"win_rate":0.0,"timestamp":1607849262,"path_taken":["M","M","?","?","?","R","?","?","T","?","M","?","E","M","R","BOSS","M","$","?","?","?","R","E","R","T","M","E","?","M","?","R","BOSS"],"items_purchased_type":["Relic","Relic","Card","Relic"],"build_version":"2020-11-30","purchased_purges":0,"victory":false,"max_hp_per_floor":[66,66,66,66,66,66,66,66,66,66,66,66,66,66,66,66,66,66,66,66,66,66,66,66,66,66,66,66,66,66,66,66,66,66],"relic_stats":{"Dream Catcher":5,"Centennial Puzzle":[27],"Gremlin Horn":[11,11],"counters":[13,85],"Golden Idol":63,"CeramicFish":36,"Blue Candle":[0],"Juzu Bracelet":1,"obtain_stats":[{"Gremlin Horn":10,"Golden Idol":7,"CeramicFish":26,"Blue Candle":31,"Juzu Bracelet":28,"PrismaticShard":10,"Empty Cage":17,"Mercury Hourglass":5,"Calling Bell":0,"Dream Catcher":0,"Centennial Puzzle":9,"Bottled Flame":24,"Bag of Marbles":19,"Bottled Lightning":13,"InkBottle":0,"Unceasing Top":0,"Ring of the Snake":0},{"Gremlin Horn":3,"Golden Idol":2,"CeramicFish":9,"Blue Candle":12,"Juzu Bracelet":11,"PrismaticShard":3,"Empty Cage":7,"Mercury Hourglass":2,"Calling Bell":0,"Dream Catcher":0,"Centennial Puzzle":3,"Bottled Flame":9,"Bag of Marbles":8,"Bottled Lightning":5,"InkBottle":0,"Unceasing Top":0,"Ring of the Snake":0},{"Gremlin Horn":16,"Golden Idol":14,"CeramicFish":56,"Blue Candle":75,"Juzu Bracelet":71,"PrismaticShard":16,"Empty Cage":42,"Mercury Hourglass":14,"Calling Bell":0,"Dream Catcher":0,"Centennial Puzzle":16,"Bottled Flame":56,"Bag of Marbles":47,"Bottled Lightning":27,"InkBottle":0,"Unceasing Top":0,"Ring of the Snake":0}],"InkBottle":[30],"Unceasing Top":[1],"Mercury Hourglass":[261]},"card_choices":[{"not_picked":["Sucker Punch","Slice"],"picked":"Leg Sweep","floor":1},{"not_picked":["Bouncing Flask","Outmaneuver"],"picked":"Infinite Blades","floor":2},{"not_picked":["Blade Dance","Finisher"],"picked":"Backstab","floor":6},{"not_picked":["All Out Attack","Prepared"],"picked":"Die Die Die","floor":8},{"not_picked":["Stack","CutThroughFate"],"picked":"Coolheaded","floor":11},{"not_picked":["Pommel Strike","Swivel","Consume"],"picked":"SKIP","floor":13},{"not_picked":["Sweeping Beam","Weave"],"picked":"ReachHeaven","floor":14},{"not_picked":["Rainbow","After Image"],"picked":"LessonLearned","floor":16},{"not_picked":["Clothesline","Twin Strike"],"picked":"Gash","floor":18},{"not_picked":["JustLucky","Melter"],"picked":"Cloak And Dagger","floor":23},{"not_picked":["Anger","Seeing Red","Deadly Poison"],"picked":"SKIP","floor":24},{"not_picked":["Anger","Seeing Red","Deadly Poison"],"picked":"SKIP","floor":24},{"not_picked":["Jack Of All Trades","CarveReality"],"picked":"Battle Trance","floor":27},{"not_picked":["FlurryOfBlows","Ghostly Armor"],"picked":"Judgement","floor":28},{"not_picked":["Prostrate+1","Flying Knee"],"picked":"CutThroughFate+1","floor":30},{"not_picked":["True Grit","WheelKick"],"picked":"Coolheaded","floor":32}],"player_experience":437330,"relics_obtained":[{"floor":0,"key":"Dream Catcher"},{"floor":0,"key":"InkBottle"},{"floor":0,"key":"Unceasing Top"},{"floor":5,"key":"Mercury Hourglass"},{"floor":9,"key":"Centennial Puzzle"},{"floor":13,"key":"Bottled Lightning"},{"floor":24,"key":"Bottled Flame"},{"floor":26,"key":"CeramicFish"},{"floor":28,"key":"Juzu Bracelet"}],"event_choices":[{"damage_healed":0,"gold_gain":150,"player_choice":"AGREE","damage_taken":0,"max_hp_gain":0,"max_hp_loss":0,"event_name":"Liars Game","floor":3,"gold_loss":0,"cards_obtained":["Doubt"]},{"cards_removed":["Doubt"],"damage_healed":0,"gold_gain":0,"player_choice":"Card Removal","damage_taken":7,"max_hp_gain":0,"max_hp_loss":0,"event_name":"Golden Wing","floor":4,"gold_loss":0},{"damage_healed":0,"gold_gain":0,"player_choice":"Take Damage","damage_taken":23,"relics_obtained":["Golden Idol"],"max_hp_gain":0,"max_hp_loss":0,"event_name":"Golden Idol","floor":7,"gold_loss":0},{"damage_healed":0,"gold_gain":0,"player_choice":"Grow","damage_taken":0,"max_hp_gain":0,"max_hp_loss":0,"event_name":"Living Wall","floor":12,"gold_loss":0,"cards_upgraded":["Leg Sweep"]},{"damage_healed":0,"gold_gain":0,"player_choice":"Ignored","damage_taken":0,"max_hp_gain":0,"max_hp_loss":0,"event_name":"Ghosts","floor":20,"gold_loss":0},{"damage_healed":0,"gold_gain":0,"cards_transformed":["Defend_G","Strike_G"],"player_choice":"Became Test Subject","damage_taken":0,"max_hp_gain":0,"max_hp_loss":0,"event_name":"Drug Dealer","floor":21,"gold_loss":0,"cards_obtained":["Corpse Explosion","Storm of Steel"]},{"damage_healed":0,"gold_gain":0,"player_choice":"Simplicity","damage_taken":0,"max_hp_gain":0,"max_hp_loss":0,"event_name":"Back to Basics","floor":22,"gold_loss":0,"cards_upgraded":["Strike_G","Strike_G","Strike_G","Defend_G","Defend_G"]},{"damage_healed":0,"gold_gain":50,"player_choice":"Stole From Cult","damage_taken":0,"max_hp_gain":0,"max_hp_loss":0,"event_name":"Nest","floor":29,"gold_loss":0},{"damage_healed":0,"gold_gain":0,"player_choice":"Obtained Relic","damage_taken":0,"relics_obtained":["Blue Candle"],"max_hp_gain":0,"max_hp_loss":0,"event_name":"Addict","floor":31,"gold_loss":85}],"is_beta":false,"boss_relics":[{"not_picked":["Busted Crown","Coffee Dripper"],"picked":"Empty Cage"}],"items_purged_floors":[],"is_endless":false,"potions_floor_spawned":[11,13,18,27,28],"killed_by":"Collector","ascension_level":15}}