{"host":"2se5dq1do2gp0x9k","time":1607820655,"event":{"mods":["AchievementEnabler","BaseMod","Block Reminder","Colored Map","Colored Powertips","Minty Spire (QoL Compilation)","Relic Stats","StSLib","SuperFastMode"],"gold_per_floor":[116,116,128,145,145,145,145,145],"floor_reached":7,"playtime":205,"items_purged":[],"score":82,"play_id":"44702ebf-548b-4202-a050-4fa9559864f9","local_time":"20201212165055","is_ascension_mode":true,"campfire_choices":[{"data":"Sweeping Beam","floor":6.0,"key":"SMITH"}],"circlet_count":0,"master_deck":["AscendersBane","Strike_B","Strike_B","Strike_B","Strike_B","Defend_B","Defend_B","Defend_B","Defend_B","Zap","Dualcast","CurseOfTheBell","Sweeping Beam+1","Doom and Gloom+1","Beam Cell"],"relics":["Calling Bell","Toy Ornithopter","Question Card","Bird Faced Urn"],"acts_visited":["Exordium"],"potions_floor_usage":[7],"damage_taken":[{"damage":9.0,"enemies":"Jaw Worm","floor":1.0,"turns":4.0},{"damage":18.0,"enemies":"Cultist","floor":3.0,"turns":5.0},{"damage":8.0,"enemies":"Small Slimes","floor":4.0,"turns":4.0},{"damage":47,"enemies":"Gremlin Nob","floor":7,"turns":3}],"seed_played":"3037789277535719425","potions_obtained":[{"floor":2.0,"key":"SkillPotion"},{"floor":2.0,"key":"BlessingOfTheForge"},{"floor":4.0,"key":"SteroidPotion"}],"is_trial":false,"path_per_floor":["M","?","M","M","?","R","E"],"character_chosen":"DEFECT","items_purchased":[],"campfire_rested":0,"item_purchase_floors":[],"current_hp_per_floor":[55,55,37,29,29,29,0,0],"gold":145,"neow_bonus":"BOSS_RELIC","is_daily":false,"chose_seed":false,"campfire_upgraded":1,"win_rate":0.0,"timestamp":1607820655,"path_taken":["M","?","?","M","?","R","E"],"items_purchased_type":[],"build_version":"2020-11-30","purchased_purges":0,"victory":false,"max_hp_per_floor":[71,71,71,71,71,71,71,71],"relic_stats":{"counters":[4,16],"Bird Faced Urn":[0],"Question Card":3,"obtain_stats":[{"Calling Bell":0,"Bird Faced Urn":0,"Cracked Core":0,"Question Card":0,"Toy Ornithopter":0},{"Calling Bell":0,"Bird Faced Urn":0,"Cracked Core":0,"Question Card":0,"Toy Ornithopter":0},{"Calling Bell":0,"Bird Faced Urn":0,"Cracked Core":0,"Question Card":0,"Toy Ornithopter":0}],"Toy Ornithopter":5},"card_choices":[{"not_picked":["Turbo","Go for the Eyes","Skim"],"picked":"Sweeping Beam","floor":1.0},{"not_picked":["Gash","Go for the Eyes","Coolheaded"],"picked":"Doom and Gloom","floor":3.0},{"not_picked":["Barrage","Stack","Fusion"],"picked":"Beam Cell","floor":4.0}],"player_experience":3605779,"relics_obtained":[{"floor":0.0,"key":"Toy Ornithopter"},{"floor":0.0,"key":"Question Card"},{"floor":0.0,"key":"Bird Faced Urn"}],"event_choices":[{"damage_healed":0.0,"max_hp_gain":0.0,"max_hp_loss":0.0,"gold_gain":0.0,"event_name":"Lab","player_choice":"Got Potions","floor":2.0,"gold_loss":0.0,"damage_taken":0.0},{"damage_healed":0.0,"max_hp_gain":0.0,"max_hp_loss":0.0,"gold_gain":0.0,"event_name":"Upgrade Shrine","player_choice":"Upgraded","floor":5.0,"gold_loss":0.0,"damage_taken":0.0,"cards_upgraded":["Doom and Gloom"]}],"is_beta":false,"boss_relics":[],"items_purged_floors":[],"is_endless":false,"potions_floor_spawned":[4],"killed_by":"Gremlin Nob","ascension_level":20}}