{"host":"solomon","time":1607864650,"event":{"mods":["Act Like it!","BaseMod","Downfall","Library of Ruina","Library of Ruina Extra","Luminous","Minty Spire (QoL Compilation)","Robot Space Explorer","StSLib","The Dragon Tamer","【东方二次创作】八云紫mod"],"gold_per_floor":[99,131,131,131,131,131,184,216,228,273,285,310,336,362,392,404,404],"floor_reached":16,"playtime":814,"items_purged":[],"score":168,"play_id":"cdf40438-2e7f-4b2a-8b5c-ab69ecf3ce43","local_time":"20201213210410","is_ascension_mode":false,"campfire_choices":[{"data":"champ:Execute","floor":1.0,"key":"SMITH"},{"floor":4.0,"key":"RECALL"}],"circlet_count":0,"master_deck":["champ:Strike","champ:Strike","champ:Strike","champ:Strike","champ:Defend","champ:Defend","champ:Defend","champ:Execute+1","champ:Taunt+1","champ:EnragedBash","champ:RapidStrikes","champ:Improvising","champ:CalledShot","champ:CrookedStrike"],"relics":["champ:ChampionCrown","downfall:HeartsMalice","PageOfQueenBee","Omamori","MawBank","PageOfBloodbath"],"acts_visited":["Exordium"],"potions_floor_usage":[10,14,16],"damage_taken":[{"damage":0.0,"enemies":"Gremlin Nob","floor":2.0,"turns":1.0},{"damage":0.0,"enemies":"Small Slimes","floor":5.0,"turns":1.0},{"damage":0.0,"enemies":"3 Sentries","floor":8.0,"turns":1.0},{"damage":86,"enemies":"Lagavulin","floor":10,"turns":9},{"damage":0,"enemies":"Cultist","floor":11,"turns":1},{"damage":8,"enemies":"2 Louse","floor":12,"turns":4},{"damage":32,"enemies":"Large Slime","floor":13,"turns":5},{"damage":8,"enemies":"2 Fungi Beasts","floor":14,"turns":4},{"damage":18,"enemies":"Blue Slaver","floor":15,"turns":3},{"damage":37,"enemies":"downfall:Ironclad","floor":16,"turns":3}],"seed_played":"7500004346619777089","potions_obtained":[{"floor":8.0,"key":"Regen Potion"},{"floor":10,"key":"Block Potion"},{"floor":13,"key":"Dexterity Potion"}],"is_trial":false,"path_per_floor":["R","E","?","R","M","?","T","E","?","E","M","M","M","M","M","B"],"character_chosen":"THE_CHAMP","items_purchased":[],"campfire_rested":0,"item_purchase_floors":[],"current_hp_per_floor":[90,90,90,90,90,90,90,90,90,42,42,39,33,30,19,0,0],"gold":404,"neow_bonus":"THREE_ENEMY_KILL","is_daily":false,"chose_seed":false,"campfire_upgraded":1,"win_rate":0.0,"timestamp":1607864650,"path_taken":["R","E","?","R","?","?","T","E","?","E","M","M","?","M","M","BOSS"],"items_purchased_type":[],"build_version":"2020-12-07","purchased_purges":0,"victory":false,"max_hp_per_floor":[90,90,90,90,90,90,90,90,90,90,90,90,90,90,90,90,90],"card_choices":[{"not_picked":["champ:Haymaker","champ:FocusedBerserking","champ:DefensiveShout"],"picked":"SKIP","floor":2.0},{"not_picked":["champ:AdrenalArmor","champ:CalledShot"],"picked":"champ:EnragedBash","floor":5.0},{"not_picked":["champ:DefensiveStyle","champ:Shatter"],"picked":"champ:RapidStrikes","floor":8.0},{"not_picked":["champ:FanOfKnives","champ:FaceSlap"],"picked":"champ:Improvising","floor":10},{"not_picked":["champ:Backstep","champ:Duel"],"picked":"champ:CalledShot","floor":11},{"not_picked":["champ:Encircle","champ:PreciseThrust","champ:FanOfKnives"],"picked":"SKIP","floor":12},{"not_picked":["champ:Haymaker","champ:BringItOn"],"picked":"champ:CrookedStrike","floor":13},{"not_picked":["champ:FanOfKnives","champ:CalledShot","champ:PerfectForm"],"picked":"SKIP","floor":14},{"not_picked":["champ:ShieldWall","champ:BladeFlurry","champ:ViciousMockery"],"picked":"SKIP","floor":15}],"player_experience":428282,"relics_obtained":[{"floor":2.0,"key":"PageOfQueenBee"},{"floor":7.0,"key":"Omamori"},{"floor":8.0,"key":"MawBank"},{"floor":10,"key":"PageOfBloodbath"}],"event_choices":[{"damage_healed":0.0,"max_hp_gain":0.0,"max_hp_loss":0.0,"gold_gain":0.0,"event_name":"Upgrade Shrine","player_choice":"Upgraded","floor":3.0,"gold_loss":0.0,"damage_taken":0.0,"cards_upgraded":["champ:Taunt"]},{"cards_removed":["champ:Defend"],"damage_healed":0,"gold_gain":0,"player_choice":"Offered Basic","damage_taken":0,"max_hp_gain":0,"max_hp_loss":0,"event_name":"Bonfire Elementals","floor":9,"gold_loss":0}],"is_beta":true,"boss_relics":[],"items_purged_floors":[],"is_endless":false,"potions_floor_spawned":[8,10,13],"killed_by":"downfall:Ironclad","ascension_level":0}}