{"host":"l4kdldlios54gl54","time":1607823308,"event":{"mods":["AchievementEnabler","BaseMod","Colored Map","Colored Powertips","Minty Spire (QoL Compilation)","Random Character Button"],"gold_per_floor":[111,111,121,9,9,9,44,94,146,146,161,173,189,189,189,265,265,285,285,285,285,300,300,320,320,320,320,336,336,351,362,362,436,436,454,465,490,490,490,490,500,515,566,143,143,143,143,158,158,158,158],"floor_reached":50,"playtime":2726,"items_purged":["Pain","Strike_G+1"],"score":936,"play_id":"8e03951e-71cf-4c5e-8e6b-a3e63cd060d9","local_time":"20201213023508","is_ascension_mode":true,"campfire_choices":[{"data":"Noxious Fumes","floor":6,"key":"SMITH"},{"data":"Sucker Punch","floor":10,"key":"SMITH"},{"data":"Blade Dance","floor":15,"key":"SMITH"},{"data":"Footwork","floor":23,"key":"SMITH"},{"data":"Malaise","floor":27,"key":"SMITH"},{"data":"Well Laid Plans","floor":32,"key":"SMITH"},{"floor":40,"key":"REST"},{"data":"PiercingWail","floor":47,"key":"SMITH"},{"data":"Dodge and Roll","floor":49,"key":"SMITH"}],"circlet_count":0,"master_deck":["AscendersBane","Strike_G+1","Strike_G+1","Defend_G+1","Defend_G+1","Defend_G+1","Defend_G+1","Defend_G+1","Survivor","Neutralize","Leg Sweep","Slice","Noxious Fumes+1","Sucker Punch+1","PiercingWail+1","Blade Dance+1","Malaise+1","Footwork+1","Dodge and Roll+1","Blur","Well Laid Plans+1","Deep Breath"],"relics":["Ring of the Snake","NeowsBlessing","WarpedTongs","MealTicket","Art of War","Sozu","Ginger","Dead Branch","Bag of Preparation","Empty Cage","Tough Bandages","Blood Vial","Pen Nib","TwistedFunnel"],"acts_visited":["Exordium","TheCity","TheBeyond"],"potions_floor_usage":[24,33],"damage_taken":[{"damage":0,"enemies":"Small Slimes","floor":1,"turns":1},{"damage":1,"enemies":"Cultist","floor":3,"turns":1},{"damage":0,"enemies":"Lagavulin","floor":7,"turns":1},{"damage":0,"enemies":"Jaw Worm","floor":11,"turns":4},{"damage":5,"enemies":"Red Slaver","floor":12,"turns":6},{"damage":0,"enemies":"Large Slime","floor":13,"turns":6},{"damage":29,"enemies":"Hexaghost","floor":16,"turns":11},{"damage":2,"enemies":"Spheric Guardian","floor":18,"turns":5},{"damage":3,"enemies":"Shell Parasite","floor":22,"turns":7},{"damage":9,"enemies":"Shelled Parasite and Fungi","floor":24,"turns":9},{"damage":1,"enemies":"Centurion and Healer","floor":28,"turns":10},{"damage":9,"enemies":"Cultist and Chosen","floor":30,"turns":7},{"damage":0,"enemies":"Snecko","floor":31,"turns":7},{"damage":11,"enemies":"Champ","floor":33,"turns":15},{"damage":6,"enemies":"Orb Walker","floor":35,"turns":6},{"damage":20,"enemies":"3 Darklings","floor":36,"turns":8},{"damage":0,"enemies":"Mind Bloom Boss Battle","floor":37,"turns":6},{"damage":4,"enemies":"Spire Growth","floor":41,"turns":9},{"damage":43,"enemies":"Transient","floor":42,"turns":6},{"damage":0,"enemies":"Writhing Mass","floor":48,"turns":9},{"damage":53,"enemies":"Awakened One","floor":50,"turns":3}],"seed_played":"896035676515256558","potions_obtained":[{"floor":11,"key":"PowerPotion"},{"floor":13,"key":"Energy Potion"}],"is_trial":false,"path_per_floor":["M","?","M","$","$","R","E","?","T","R","M","M","M","?","R","B",null,"M","?","?","?","M","R","M","T","T","R","M","?","M","M","R","B",null,"M","M","?","?","?","R","M","M","T","$","?","?","R","M","R","B"],"character_chosen":"THE_SILENT","items_purchased":["Noxious Fumes","Pen Nib","TwistedFunnel"],"campfire_rested":1,"item_purchase_floors":[4,44,44],"current_hp_per_floor":[59,59,58,58,58,58,58,58,58,58,58,53,53,53,53,24,56,54,54,54,54,51,51,42,42,42,42,41,41,32,32,32,21,55,49,29,29,29,29,48,44,1,1,16,54,51,51,51,51,0,0],"gold":158,"neow_bonus":"THREE_ENEMY_KILL","is_daily":false,"chose_seed":false,"campfire_upgraded":8,"win_rate":0.0,"timestamp":1607823308,"path_taken":["M","?","?","?","$","R","E","?","T","R","?","M","M","?","R","BOSS","M","?","?","?","M","R","?","?","T","R","?","?","M","M","R","BOSS","M","M","?","?","?","R","M","?","T","$","?","?","R","M","R","BOSS"],"items_purchased_type":["Card","Relic","Relic"],"build_version":"2020-11-30","purchased_purges":2,"victory":false,"max_hp_per_floor":[66,66,66,66,66,66,66,66,66,66,66,66,66,66,66,66,66,66,66,66,66,66,66,66,66,66,66,66,66,66,66,66,66,66,66,66,66,66,66,66,66,66,66,66,54,51,51,51,51,51,51],"card_choices":[{"not_picked":["Slice","Choke"],"picked":"Leg Sweep","floor":1},{"not_picked":["Prepared","Dodge and Roll"],"picked":"Slice","floor":3},{"not_picked":["Wraith Form v2","Accuracy"],"picked":"Sucker Punch","floor":7},{"not_picked":["Setup","Dodge and Roll"],"picked":"PiercingWail","floor":11},{"not_picked":["PiercingWail","Slice"],"picked":"Blade Dance","floor":12},{"not_picked":["Prepared","PiercingWail","Blur"],"picked":"SKIP","floor":13},{"not_picked":["Phantasmal Killer","Unload"],"picked":"Malaise","floor":16},{"not_picked":["Calculated Gamble","Dagger Throw"],"picked":"Footwork","floor":18},{"not_picked":["All Out Attack+1","Deflect"],"picked":"Blur","floor":22},{"not_picked":["Slice","Backflip","Bouncing Flask+1"],"picked":"SKIP","floor":24},{"not_picked":["Terror","Slice","Bane"],"picked":"SKIP","floor":28},{"not_picked":["Bane","Bouncing Flask"],"picked":"Well Laid Plans","floor":30},{"not_picked":["Escape Plan","Dagger Throw","Masterful Stab"],"picked":"SKIP","floor":31},{"not_picked":["Dagger Throw","Blade Dance","Acrobatics+1"],"picked":"SKIP","floor":35},{"not_picked":["Dodge and Roll","Catalyst","Sucker Punch"],"picked":"SKIP","floor":36},{"not_picked":["Good Instincts","Violence"],"picked":"Deep Breath","floor":39},{"not_picked":["Expertise","Bane","Sucker Punch"],"picked":"SKIP","floor":41},{"not_picked":["PiercingWail+1","Sucker Punch","Poisoned Stab"],"picked":"SKIP","floor":42},{"not_picked":["Concentrate+1","Backflip","Underhanded Strike+1"],"picked":"SKIP","floor":48}],"player_experience":825557,"relics_obtained":[{"floor":7,"key":"MealTicket"},{"floor":9,"key":"Art of War"},{"floor":25,"key":"Dead Branch"},{"floor":26,"key":"Bag of Preparation"},{"floor":37,"key":"Tough Bandages"},{"floor":43,"key":"Blood Vial"}],"event_choices":[{"damage_healed":0,"gold_gain":0,"player_choice":"Rummage","damage_taken":0,"relics_obtained":["WarpedTongs"],"max_hp_gain":0,"max_hp_loss":0,"event_name":"Accursed Blacksmith","floor":2,"gold_loss":0,"cards_obtained":["Pain"]},{"damage_healed":0,"gold_gain":50,"player_choice":"Pray","damage_taken":0,"max_hp_gain":0,"max_hp_loss":0,"event_name":"Golden Shrine","floor":8,"gold_loss":0},{"damage_healed":0,"gold_gain":0,"player_choice":"Searched \u00271\u0027 times","damage_taken":0,"max_hp_gain":0,"max_hp_loss":0,"event_name":"Dead Adventurer","floor":14,"gold_loss":0},{"damage_healed":0,"gold_gain":0,"player_choice":"Read","damage_taken":0,"max_hp_gain":0,"max_hp_loss":0,"event_name":"The Library","floor":19,"gold_loss":0,"cards_obtained":["Dodge and Roll"]},{"damage_healed":0,"gold_gain":0,"player_choice":"Ignored","damage_taken":0,"max_hp_gain":0,"max_hp_loss":0,"event_name":"Vampires","floor":20,"gold_loss":0},{"damage_healed":0,"gold_gain":0,"player_choice":"Opened","damage_taken":0,"relics_obtained":["Ginger"],"max_hp_gain":0,"max_hp_loss":0,"event_name":"The Mausoleum","floor":21,"gold_loss":0,"cards_obtained":["Writhe"]},{"damage_healed":0,"gold_gain":0,"player_choice":"Simplicity","damage_taken":0,"max_hp_gain":0,"max_hp_loss":0,"event_name":"Back to Basics","floor":29,"gold_loss":0,"cards_upgraded":["Strike_G","Strike_G","Strike_G","Strike_G","Strike_G","Defend_G","Defend_G","Defend_G","Defend_G","Defend_G"]},{"damage_healed":0,"gold_gain":0,"player_choice":"Fight","damage_taken":0,"max_hp_gain":0,"max_hp_loss":0,"event_name":"MindBloom","floor":37,"gold_loss":0},{"cards_removed":["Strike_G"],"damage_healed":0,"gold_gain":0,"player_choice":"Removed Attack","damage_taken":0,"max_hp_gain":0,"max_hp_loss":0,"event_name":"Falling","floor":38,"gold_loss":0},{"damage_healed":0,"gold_gain":0,"player_choice":"Memory 1","damage_taken":0,"max_hp_gain":0,"max_hp_loss":0,"event_name":"SensoryStone","floor":39,"gold_loss":0},{"damage_healed":54,"gold_gain":0,"player_choice":"Heal","damage_taken":0,"max_hp_gain":0,"max_hp_loss":12,"event_name":"The Moai Head","floor":45,"gold_loss":0},{"damage_healed":0,"gold_gain":0,"player_choice":"Max HP","damage_taken":0,"max_hp_gain":0,"max_hp_loss":3,"event_name":"Winding Halls","floor":46,"gold_loss":0}],"is_beta":false,"boss_relics":[{"not_picked":["Runic Dome","Velvet Choker"],"picked":"Sozu"},{"not_picked":["Ring of the Serpent","Black Star"],"picked":"Empty Cage"}],"items_purged_floors":[4,44],"is_endless":false,"potions_floor_spawned":[11,13,22,28,33,37,41],"killed_by":"Awakened One","ascension_level":19}}