{"host":"3a1ypf1irl30q4k8","time":1607891397,"event":{"mods":["AchievementEnabler","BaseMod","Bestiary","Colored Map","Minty Spire (QoL Compilation)","Relic Stats"],"gold_per_floor":[19,30,305,316,125,154,154,171,171,191,202,202,202,232,232,232,232],"floor_reached":16,"playtime":739,"items_purged":["Regret"],"score":158,"play_id":"1423fb88-dcf0-4c8f-be9b-9ad7db2e65f0","local_time":"20201213202957","is_ascension_mode":true,"campfire_choices":[{"floor":7,"key":"REST"},{"data":"Scrawl","floor":12,"key":"SMITH"},{"data":"MentalFortress","floor":15,"key":"SMITH"}],"circlet_count":0,"master_deck":["Strike_P","Strike_P","Strike_P","Strike_P","Defend_P","Defend_P+1","Defend_P","Defend_P+1","Eruption","Vigilance","Scrawl+1","Tantrum","FlurryOfBlows","Halt","Swivel","LikeWater","LessonLearned","BowlingBash","Vengeance","CrushJoints+1","MentalFortress+1"],"relics":["PureWater","Ancient Tea Set","Gremlin Horn","Kunai","Ornamental Fan"],"acts_visited":["Exordium"],"potions_floor_usage":[6,6],"damage_taken":[{"damage":12,"enemies":"Jaw Worm","floor":1,"turns":8},{"damage":0,"enemies":"Cultist","floor":2,"turns":3},{"damage":9,"enemies":"Small Slimes","floor":4,"turns":3},{"damage":21,"enemies":"Gremlin Nob","floor":6,"turns":3},{"damage":0,"enemies":"Looter","floor":8,"turns":2},{"damage":13,"enemies":"Blue Slaver","floor":10,"turns":2},{"damage":1,"enemies":"Red Slaver","floor":11,"turns":3},{"damage":0,"enemies":"3 Sentries","floor":14,"turns":6},{"damage":39,"enemies":"Hexaghost","floor":16,"turns":4}],"seed_played":"-5465993277896025839","potions_obtained":[{"floor":1,"key":"ColorlessPotion"},{"floor":4,"key":"EssenceOfSteel"},{"floor":14,"key":"Fire Potion"}],"is_trial":false,"path_per_floor":["M","M","?","M","$","E","R","M","T","M","M","R","T","E","R","B"],"character_chosen":"WATCHER","items_purchased":["Swivel","LikeWater"],"campfire_rested":1,"item_purchase_floors":[5,5],"current_hp_per_floor":[60,60,60,51,51,30,51,51,51,38,37,37,37,37,37,0,0],"gold":232,"neow_bonus":"THREE_RARE_CARDS","is_daily":false,"chose_seed":false,"campfire_upgraded":2,"win_rate":0.0,"timestamp":1607891397,"path_taken":["M","M","?","M","$","E","R","M","T","M","?","R","?","E","R","BOSS"],"items_purchased_type":["Card","Card"],"build_version":"2020-11-30","purchased_purges":1,"victory":false,"max_hp_per_floor":[72,72,72,72,72,72,72,72,72,72,72,72,72,72,72,72,72],"relic_stats":{"Gremlin Horn":[2,2],"counters":[9,34],"Ornamental Fan":[8],"Kunai":[4],"obtain_stats":[{"Gremlin Horn":9,"Ornamental Fan":14,"Kunai":13,"PureWater":0,"Ancient Tea Set":6},{"Gremlin Horn":5,"Ornamental Fan":8,"Kunai":7,"PureWater":0,"Ancient Tea Set":4},{"Gremlin Horn":19,"Ornamental Fan":30,"Kunai":24,"PureWater":0,"Ancient Tea Set":17}]},"card_choices":[{"not_picked":["Brilliance","Blasphemy"],"picked":"Scrawl","floor":0},{"not_picked":["LikeWater","FlyingSleeves"],"picked":"Tantrum","floor":1},{"not_picked":["Crescendo","ClearTheMind"],"picked":"FlurryOfBlows","floor":2},{"not_picked":["FlyingSleeves","Vengeance"],"picked":"Halt","floor":4},{"not_picked":["Consecrate","LikeWater"],"picked":"LessonLearned","floor":6},{"not_picked":["ForeignInfluence","Pray"],"picked":"BowlingBash","floor":8},{"not_picked":["Halt","Consecrate"],"picked":"Vengeance","floor":10},{"not_picked":["BowlingBash","Halt"],"picked":"CrushJoints","floor":11},{"not_picked":["PathToVictory","Pray"],"picked":"MentalFortress","floor":14}],"player_experience":842564,"relics_obtained":[{"floor":6,"key":"Ancient Tea Set"},{"floor":9,"key":"Gremlin Horn"},{"floor":13,"key":"Kunai"},{"floor":14,"key":"Ornamental Fan"}],"event_choices":[{"damage_healed":0,"gold_gain":275,"player_choice":"Desecrate","damage_taken":0,"max_hp_gain":0,"max_hp_loss":0,"event_name":"Golden Shrine","floor":3,"gold_loss":0,"cards_obtained":["Regret"]}],"is_beta":false,"boss_relics":[],"items_purged_floors":[5],"is_endless":false,"potions_floor_spawned":[1,4,14],"killed_by":"Hexaghost","ascension_level":3}}