{"host":"x0ovlu53kkkog8rv","time":1607859600,"event":{"mods":["BaseMod","Colored Map","Minty Spire (QoL Compilation)","Quick Restart","SuperFastMode"],"gold_per_floor":[110,110,129,145,145,145,163,163,163,184,202,202,221,0,0,0,0],"floor_reached":16,"playtime":534,"items_purged":[],"score":103,"play_id":"6b6456a3-3326-4679-b967-c1a4b97ae1e0","local_time":"20201213204000","is_ascension_mode":true,"campfire_choices":[{"data":"Eruption","floor":6,"key":"SMITH"},{"floor":15,"key":"REST"}],"circlet_count":0,"master_deck":["Strike_P","Strike_P","Strike_P","Defend_P","Defend_P","Defend_P","Defend_P","Eruption+1","Vigilance","EmptyFist","Injury","CrushJoints","ClearTheMind","FollowUp","WindmillStrike","InnerPeace","FearNoEvil","MentalFortress"],"relics":["PureWater","Unceasing Top","Golden Idol","Singing Bowl","Pocketwatch","Melange"],"acts_visited":["Exordium"],"potions_floor_usage":[13,13,16],"damage_taken":[{"damage":15,"enemies":"Cultist","floor":1,"turns":5},{"damage":1,"enemies":"2 Louse","floor":3,"turns":2},{"damage":7,"enemies":"Jaw Worm","floor":4,"turns":3},{"damage":27,"enemies":"Exordium Thugs","floor":7,"turns":3},{"damage":5,"enemies":"Blue Slaver","floor":10,"turns":3},{"damage":11,"enemies":"Looter","floor":11,"turns":2},{"damage":5,"enemies":"2 Fungi Beasts","floor":13,"turns":3},{"damage":22,"enemies":"Hexaghost","floor":16,"turns":9}],"seed_played":"5830461665768464510","potions_obtained":[{"floor":1,"key":"SneckoOil"},{"floor":4,"key":"ColorlessPotion"},{"floor":10,"key":"Explosive Potion"},{"floor":13,"key":"LiquidMemories"}],"is_trial":false,"path_per_floor":["M","?","M","M","?","R","M","?","T","M","M","?","M","$","R","B"],"character_chosen":"WATCHER","items_purchased":["Melange","MentalFortress"],"campfire_rested":1,"item_purchase_floors":[14,14],"current_hp_per_floor":[50,50,49,42,47,47,20,20,20,17,6,6,1,1,22,0,0],"gold":0,"neow_bonus":"ONE_RARE_RELIC","is_daily":false,"chose_seed":false,"campfire_upgraded":1,"win_rate":0.0,"timestamp":1607859600,"path_taken":["M","?","M","M","?","R","M","?","T","?","M","?","M","?","R","BOSS"],"items_purchased_type":["Relic","Card"],"build_version":"2020-11-30","purchased_purges":0,"victory":false,"max_hp_per_floor":[65,65,65,65,70,70,70,70,70,72,72,72,72,72,72,72,72],"card_choices":[{"not_picked":["WheelKick","ReachHeaven"],"picked":"EmptyFist","floor":1},{"not_picked":["Evaluate","Halt"],"picked":"CrushJoints","floor":3},{"not_picked":["Establishment","DeceiveReality"],"picked":"ClearTheMind","floor":4},{"not_picked":["CrushJoints","CutThroughFate"],"picked":"FollowUp","floor":7},{"not_picked":["SashWhip","BowlingBash","ThirdEye"],"picked":"Singing Bowl","floor":10},{"not_picked":["WindmillStrike","CrushJoints"],"picked":"InnerPeace","floor":11},{"not_picked":["LessonLearned","Fasting2"],"picked":"FearNoEvil","floor":13}],"player_experience":208546,"relics_obtained":[{"floor":9,"key":"Singing Bowl"}],"event_choices":[{"damage_healed":0,"gold_gain":0,"player_choice":"Take Wound","damage_taken":0,"relics_obtained":["Golden Idol"],"max_hp_gain":0,"max_hp_loss":0,"event_name":"Golden Idol","floor":2,"gold_loss":0,"cards_obtained":["Injury"]},{"damage_healed":0,"gold_gain":0,"player_choice":"Donut","damage_taken":0,"max_hp_gain":5,"max_hp_loss":0,"event_name":"Big Fish","floor":5,"gold_loss":0},{"damage_healed":0,"gold_gain":0,"cards_transformed":["Strike_P"],"player_choice":"Transformed","damage_taken":0,"max_hp_gain":0,"max_hp_loss":0,"event_name":"Transmorgrifier","floor":8,"gold_loss":0,"cards_obtained":["WindmillStrike"]},{"damage_healed":0,"gold_gain":0,"player_choice":"Searched \u00271\u0027 times","damage_taken":0,"relics_obtained":["Pocketwatch"],"max_hp_gain":0,"max_hp_loss":0,"event_name":"Dead Adventurer","floor":12,"gold_loss":0}],"is_beta":false,"boss_relics":[],"items_purged_floors":[],"is_endless":false,"potions_floor_spawned":[1,4,10,13],"killed_by":"Hexaghost","ascension_level":2}}