{"host":"bp6b47iftb3mluh0","time":1607875465,"event":{"mods":["Act Like it!","Alarm Clock","Aspiration","BaseMod","Better Third Choice","Better Vampires","Challenge The Spire","Colored Powertips","Conspire","Dota2Spire","Downfall","Friendly Minions","Gensokyo","Hallownest","Hermit","Kiyohime（清姬）","Lobotomy","LobotomyExtend","Marisa（F雨　魔理沙）","Marked Mod","Minty Spire (QoL Compilation)","Quick Restart","Red Circlet Mod","Replay The Spire","Ryuuou龙王","Shop Mod","StSLib","The Bug Knight","The Poker Player","Uncapped","Waifu the Spire","Youmu（魂魄妖梦）","[地精首领爬塔]The Maniac","vexMod","【东方二次创作】八云紫mod","【遗物卡牌】REMEMod"],"gold_per_floor":[99,99,99,99,99,115,189,189,207,132,42,57,57,42,60,157,157,82,82,82,111,111,128,128,113,113,113,81,94,120,162,179,278,278,278,290,306,321,40,140,194,227,52,52,68,84,84,84,95,95,95],"floor_reached":52,"playtime":2915,"items_purged":["Guardian:Strike_Guardian","Hallucinations","Venomology","Guardian:Strike_Guardian","Replay:Sluggish"],"score":813,"play_id":"76b197c0-e66b-4480-b2c4-ded7dc6e0c02","local_time":"20201214000425","is_ascension_mode":false,"campfire_choices":[{"floor":1.0,"key":"DIG"},{"data":"Guardian:CurlUp","floor":4.0,"key":"SMITH"},{"floor":10.0,"key":"RECALL"},{"data":"Guardian:DecasProtection","floor":18.0,"key":"SMITH"},{"data":"Guardian:StasisField","floor":20.0,"key":"SMITH"},{"data":"Guardian:StasisStrike","floor":22.0,"key":"SMITH"},{"data":"Guardian:TimeSifter","floor":27.0,"key":"SMITH"},{"data":"Guardian:BaubleBeam","floor":35.0,"key":"SMITH"}],"circlet_count":0,"master_deck":["Guardian:Strike_Guardian","Guardian:Strike_Guardian","Guardian:Defend_Guardian","Guardian:Defend_Guardian","Guardian:Defend_Guardian","Guardian:CurlUp+1","Guardian:TwinSlam","Guardian:CrystalBeam","Guardian:ChargeUp","Guardian:StasisField+1","Guardian:ShieldCharger","Guardian:StasisStrike+1","Guardian:DecasProtection+1","Guardian:TimeSifter+1","Body Slam+1","Guardian:ChargeCore+1","Guardian:EvasiveProtocol+1","Guardian:Defend_Guardian","Guardian:TemporalStrike","Guardian:Planning+1","Guardian:PiercingHide","Guardian:BaubleBeam+1","Guardian:ExploitGems","Uppercut+1","Shrug It Off","expansioncontent:LastStand+1","ReplayTheSpireMod:Limb From Limb+1","Guardian:Gem_Blue","Barricade","Bloodletting+1"],"relics":["Guardian:ModeShifter","REME_ComplimentaryCards","downfall:HeartsMalice","REME_HandOfSuture","LetterFromLob","downfall:HeartBlessingBlue","aspiration:IroncladSkillbook","downfall:HeartBlessingRed","Ring of Searing","Ring of Fury","Mummified Hand","MerchantsRug","Dota2Spire:RefresherOrb","Guardian:PickAxe","downfall:GremlinSack","Dota2Spire:UrnOfShadows","conspire:Boomerang"],"acts_visited":["Exordium","Hallownest:CityofTears","TheBeyond"],"potions_floor_usage":[50,50],"damage_taken":[{"damage":0.0,"enemies":"Jaw Worm","floor":2.0,"turns":1.0},{"damage":0.0,"enemies":"Cultist","floor":3.0,"turns":1.0},{"damage":0.0,"enemies":"Small Slimes","floor":5.0,"turns":1.0},{"damage":5.0,"enemies":"Red Slaver","floor":6.0,"turns":4.0},{"damage":22.0,"enemies":"Exordium Wildlife","floor":9.0,"turns":8.0},{"damage":0.0,"enemies":"downfall:FleeingMerchant","floor":11.0,"turns":4.0},{"damage":8.0,"enemies":"Red Slaver","floor":12.0,"turns":4.0},{"damage":0.0,"enemies":"downfall:FleeingMerchant","floor":14.0,"turns":4.0},{"damage":0.0,"enemies":"Blue Slaver","floor":15.0,"turns":1.0},{"damage":21.0,"enemies":"downfall:Ironclad","floor":16.0,"turns":9.0},{"damage":23.0,"enemies":"Hallownest:eliteWatcherKnight","floor":21.0,"turns":9.0},{"damage":5.0,"enemies":"Hallownest:2_Mistakes","floor":23.0,"turns":5.0},{"damage":5.0,"enemies":"downfall:FleeingMerchant","floor":25.0,"turns":4.0},{"damage":5.0,"enemies":"downfall:FleeingMerchant","floor":28.0,"turns":3.0},{"damage":5.0,"enemies":"Hallownest:3_Youths","floor":29.0,"turns":6.0},{"damage":0.0,"enemies":"Hallownest:Glutton_and_Coward","floor":31.0,"turns":3.0},{"damage":6.0,"enemies":"Hallownest:Warrior_and_Youth","floor":32.0,"turns":4.0},{"damage":6.0,"enemies":"downfall:Defect","floor":33.0,"turns":6.0},{"damage":27.0,"enemies":"3 Darklings","floor":36.0,"turns":4.0},{"damage":5.0,"enemies":"3 Shapes","floor":37.0,"turns":4.0},{"damage":10.0,"enemies":"3 Darklings","floor":38.0,"turns":5.0},{"damage":10.0,"enemies":"3 Darklings","floor":40.0,"turns":3.0},{"damage":1.0,"enemies":"Giant Head","floor":42.0,"turns":7.0},{"damage":0.0,"enemies":"Writhing Mass","floor":45.0,"turns":3.0},{"damage":0.0,"enemies":"Transient","floor":46.0,"turns":5.0},{"damage":3.0,"enemies":"Sphere and 2 Shapes","floor":49.0,"turns":3.0},{"damage":39,"enemies":"downfall:Silent","floor":50,"turns":9}],"seed_played":"1899017437467998175","potions_obtained":[{"floor":6.0,"key":"Fire Potion"},{"floor":9.0,"key":"Fire Potion"},{"floor":12.0,"key":"Doom Potion"},{"floor":29.0,"key":"Languid Potion"},{"floor":31.0,"key":"champ:CounterPotion"},{"floor":32.0,"key":"BlessingOfTheForge"},{"floor":33.0,"key":"SpeedPotion"},{"floor":37.0,"key":"Milkshake"},{"floor":42.0,"key":"Dota2Spire:HealingSalve"},{"floor":49.0,"key":"Dota2Spire:Clarity"}],"is_trial":false,"path_per_floor":["R","M","M","R","M","M","T","?","M","R","$","M","?","$","M","B",null,"R","?","R","E","R","M","T","$","?","R","$","M","$","M","M","B",null,"R","M","M","M","$","?","T","E","$","R","M","M","?","?","M","B",null,null],"character_chosen":"GUARDIAN","items_purchased":["MerchantsRug","Guardian:PickAxe","Guardian:Gem_Green"],"campfire_rested":0,"item_purchase_floors":[28,39,39],"current_hp_per_floor":[80,80,80,80,80,75,75,75,53,63,63,55,55,55,55,34,90,90,90,90,71,71,70,70,69,69,69,68,67,67,71,69,67,90,90,67,66,60,60,54,54,57,57,57,61,65,65,65,66,56,56],"gold":95,"neow_bonus":"THREE_ENEMY_KILL","is_daily":false,"chose_seed":false,"campfire_upgraded":6,"win_rate":0.0,"timestamp":1607875465,"path_taken":["R","M","M","R","M","M","T","?","?","R","?","M","?","$","M","BOSS","R","?","R","E","R","M","T","?","?","R","$","M","$","M","M","BOSS","R","M","M","M","$","?","T","E","$","R","M","?","?","?","M","BOSS"],"items_purchased_type":["Relic","Relic","Card"],"build_version":"2020-11-30","purchased_purges":5,"victory":true,"max_hp_per_floor":[80,80,80,80,80,80,80,80,80,90,90,90,90,90,90,90,90,90,90,90,90,90,90,90,90,90,90,90,90,90,90,90,90,90,90,90,90,90,90,90,90,90,90,90,90,90,90,90,90,90,90],"card_choices":[{"not_picked":["Guardian:TemporalShield","Guardian:BronzeOrb"],"picked":"Guardian:CrystalBeam","floor":2.0},{"not_picked":["Guardian:Gem_Red","Guardian:DecasProtection"],"picked":"Guardian:Gem_Lightblue","floor":3.0},{"not_picked":["Guardian:SpikerProtocol","Guardian:Recover"],"picked":"Guardian:ChargeUp","floor":5.0},{"not_picked":["Guardian:Planning","Guardian:Incinerate"],"picked":"Guardian:StasisField","floor":6.0},{"not_picked":["Guardian:FloatingOrbs","Guardian:WalkerClaw"],"picked":"Guardian:ShieldCharger","floor":9.0},{"not_picked":["Guardian:Gem_Cyan","Guardian:Gem_Blue"],"picked":"Guardian:StasisStrike","floor":11.0},{"not_picked":["Guardian:Recover","Guardian:ChargeCore"],"picked":"Guardian:DecasProtection","floor":12.0},{"not_picked":["Guardian:TemporalStrike","Guardian:Gem_Cyan"],"picked":"Guardian:TimeSifter","floor":14.0},{"not_picked":["Guardian:BronzeOrb","Guardian:Gem_Cyan","Guardian:WalkerClaw"],"picked":"SKIP","floor":15.0},{"not_picked":["Guardian:HyperBeam_Guardian","Guardian:TimeSifter"],"picked":"Guardian:Gem_Orange","floor":16.0},{"not_picked":["Guardian:TemporalShield","Perfected Strike","Guardian:MultiBeam"],"picked":"Body Slam+1","floor":21.0},{"not_picked":["Guardian:Harden","Shockwave","Shrug It Off"],"picked":"Guardian:ChargeCore+1","floor":23.0},{"not_picked":["Reckless Charge","Guardian:PrimingBeam","Body Slam"],"picked":"Guardian:Gem_Purple","floor":25.0},{"not_picked":["Clash","Body Slam+1","ReplayTheSpireMod:Muscle Training"],"picked":"Guardian:EvasiveProtocol+1","floor":28.0},{"not_picked":["Clothesline","Anger","Rage"],"picked":"Guardian:TemporalStrike","floor":29.0},{"not_picked":["Guardian:ShieldCharger","conspire:HitWhereItHurts","Guardian:Orbwalk"],"picked":"Guardian:Planning+1","floor":31.0},{"not_picked":["Perfected Strike","Havoc","Warcry"],"picked":"Guardian:PiercingHide","floor":32.0},{"not_picked":["REME_Fury","Berserk","Bludgeon"],"picked":"Guardian:BaubleBeam","floor":33.0},{"not_picked":["Guardian:RollAttack+1","Guardian:Gem_Cyan","Shrug It Off+1","ReplayTheSpireMod:Strike From Hell"],"picked":"SKIP","floor":36.0},{"not_picked":["Guardian:TemporalStrike+1","Guardian:TimeBomb","Guardian:BronzeOrb","Pommel Strike+1"],"picked":"SKIP","floor":37.0},{"not_picked":["Guardian:Harden","Clash","Rampage"],"picked":"Guardian:Gem_Green","floor":38.0},{"not_picked":["Pummel","Guardian:Recover","Burning Pact+1"],"picked":"ReplayTheSpireMod:Limb From Limb+1","floor":40.0},{"not_picked":["Hemokinesis+1","Guardian:Planning+1","Seeing Red","Guardian:Gem_Red"],"picked":"SKIP","floor":42.0},{"not_picked":["Perfected Strike","Armaments","Disarm"],"picked":"Barricade","floor":45.0},{"not_picked":["Clash+1","Pommel Strike+1","Warcry+1","Shrug It Off"],"picked":"SKIP","floor":46.0},{"not_picked":["Iron Wave","Guardian:CrystalBeam+1","Guardian:SpikerProtocol"],"picked":"Bloodletting+1","floor":49.0}],"player_experience":173938,"relics_obtained":[{"floor":1.0,"key":"REME_HandOfSuture"},{"floor":2.0,"key":"LetterFromLob"},{"floor":19.0,"key":"Ring of Searing"},{"floor":19.0,"key":"Ring of Fury"},{"floor":21.0,"key":"Mummified Hand"},{"floor":40.0,"key":"downfall:GremlinSack"},{"floor":41.0,"key":"Dota2Spire:UrnOfShadows"},{"floor":42.0,"key":"conspire:Boomerang"}],"event_choices":[{"cards_removed":["Guardian:Gem_Cyan"],"damage_healed":0.0,"max_hp_gain":0.0,"max_hp_loss":0.0,"gold_gain":0.0,"event_name":"Purifier","player_choice":"Purged","floor":48.0,"gold_loss":0.0,"damage_taken":0.0}],"is_beta":false,"boss_relics":[{"not_picked":["Replay:Ancient Bell","vexMod:DeviousBotling"],"picked":"aspiration:IroncladSkillbook"},{"not_picked":["Ring of Chaos","Black Star"],"picked":"Dota2Spire:RefresherOrb"}],"items_purged_floors":[11,28,28,39,43],"is_endless":false,"potions_floor_spawned":[6,9,12,15,29,31,32,33,37,42,49],"ascension_level":0}}