{"host":"t7mx8yfj1no5p62f","time":1607840202,"event":{"mods":["BaseMod","Colored Map","Colored Powertips","Minty Spire (QoL Compilation)","Relic Stats","StSLib"],"gold_per_floor":[364,375,375,375,385,418,430,96,151,72,72,100,100,127,127,204,204,214,32,44,44,75,75,75],"floor_reached":23,"playtime":766,"items_purged":["Strike_R"],"score":418,"play_id":"9980d423-56eb-473a-9514-b497dd248c1d","local_time":"20201213011642","is_ascension_mode":true,"campfire_choices":[{"data":"Uppercut","floor":11,"key":"SMITH"},{"data":"Fire Breathing","floor":15,"key":"SMITH"}],"circlet_count":0,"master_deck":["AscendersBane","Strike_R","Strike_R","Strike_R","Defend_R","Defend_R","Defend_R","Defend_R","Bash","Anger","Thunderclap","Battle Trance","Fire Breathing+1","Shrug It Off","Combust","Uppercut+1","Corruption","Wild Strike","Rupture"],"relics":["Burning Blood","Singing Bowl","OrangePellets","Bag of Marbles","Boot","Anchor","Black Star","ClockworkSouvenir","Eternal Feather"],"acts_visited":["Exordium","TheCity"],"potions_floor_usage":[6,18,22,22],"damage_taken":[{"damage":3.0,"enemies":"Small Slimes","floor":1.0,"turns":4.0},{"damage":8.0,"enemies":"2 Louse","floor":2.0,"turns":3.0},{"damage":2.0,"enemies":"Jaw Worm","floor":5.0,"turns":3.0},{"damage":55,"enemies":"3 Sentries","floor":6,"turns":10},{"damage":0,"enemies":"Large Slime","floor":7,"turns":4},{"damage":26,"enemies":"Lagavulin","floor":12,"turns":5},{"damage":14,"enemies":"3 Sentries","floor":14,"turns":4},{"damage":29,"enemies":"Slime Boss","floor":16,"turns":6},{"damage":17,"enemies":"3 Byrds","floor":18,"turns":5},{"damage":30,"enemies":"Shell Parasite","floor":20,"turns":5},{"damage":23,"enemies":"Snake Plant","floor":22,"turns":5},{"damage":25,"enemies":"Slavers","floor":23,"turns":2}],"seed_played":"-9195129394649646390","potions_obtained":[{"floor":2.0,"key":"Regen Potion"},{"floor":5.0,"key":"ColorlessPotion"},{"floor":14,"key":"Weak Potion"},{"floor":18,"key":"ColorlessPotion"},{"floor":22,"key":"Fruit Juice"}],"is_trial":false,"path_per_floor":["M","M","?","?","M","E","M","$","T","$","R","E","?","E","R","B",null,"M","$","M","T","M","E"],"character_chosen":"IRONCLAD","items_purchased":["OrangePellets","Shrug It Off","Combust","Uppercut","ClockworkSouvenir","Wild Strike"],"campfire_rested":0,"item_purchase_floors":[8,8,8,10,19,19],"current_hp_per_floor":[68,66,66,71,73,39,47,47,47,47,47,29,77,71,71,48,71,62,62,40,40,23,0,0],"gold":75,"neow_bonus":"TWO_FIFTY_GOLD","is_daily":false,"chose_seed":false,"campfire_upgraded":2,"win_rate":0.0,"timestamp":1607840202,"path_taken":["M","M","?","?","M","E","M","$","T","?","R","E","?","E","R","BOSS","M","$","?","?","M","E"],"items_purchased_type":["Relic","Card","Card","Card","Relic","Card"],"build_version":"2020-11-30","purchased_purges":1,"victory":false,"max_hp_per_floor":[68,68,68,73,73,73,75,75,75,75,75,77,77,79,79,79,79,81,81,83,83,83,83,83],"relic_stats":{"OrangePellets":[6],"Singing Bowl":10,"counters":[12,56],"Eternal Feather":0,"Black Star":0,"Boot":[23],"obtain_stats":[{"OrangePellets":8,"Anchor":14,"Singing Bowl":6,"Eternal Feather":21,"Bag of Marbles":9,"Black Star":17,"Boot":12,"Burning Blood":0,"ClockworkSouvenir":19},{"OrangePellets":5,"Anchor":7,"Singing Bowl":4,"Eternal Feather":10,"Bag of Marbles":5,"Black Star":8,"Boot":6,"Burning Blood":0,"ClockworkSouvenir":9},{"OrangePellets":24,"Anchor":33,"Singing Bowl":20,"Eternal Feather":49,"Bag of Marbles":24,"Black Star":39,"Boot":29,"Burning Blood":0,"ClockworkSouvenir":44}],"Burning Blood":61},"card_choices":[{"not_picked":["Wild Strike","Reckless Charge"],"picked":"Anger","floor":1.0},{"not_picked":["Flame Barrier","Dropkick"],"picked":"Thunderclap","floor":2.0},{"not_picked":["Rampage","Body Slam","Perfected Strike"],"picked":"SKIP","floor":5.0},{"not_picked":["Power Through","Headbutt"],"picked":"Fire Breathing","floor":6},{"not_picked":["Blood for Blood","Body Slam","Headbutt"],"picked":"Singing Bowl","floor":7},{"not_picked":["Whirlwind","Berserk","Perfected Strike"],"picked":"Singing Bowl","floor":12},{"not_picked":["Pommel Strike","Carnage","Demon Form"],"picked":"Singing Bowl","floor":14},{"not_picked":["Brutality","Barricade"],"picked":"Corruption","floor":16},{"not_picked":["Heavy Blade","Cleave","Clothesline"],"picked":"Singing Bowl","floor":18},{"not_picked":["Hemokinesis","Rage","Juggernaut"],"picked":"Singing Bowl","floor":20},{"not_picked":["Warcry","Cleave"],"picked":"Rupture","floor":22}],"player_experience":1540926,"relics_obtained":[{"floor":6,"key":"Singing Bowl"},{"floor":9,"key":"Bag of Marbles"},{"floor":12,"key":"Boot"},{"floor":14,"key":"Anchor"},{"floor":21,"key":"Eternal Feather"}],"event_choices":[{"damage_healed":0.0,"max_hp_gain":0.0,"max_hp_loss":0.0,"gold_gain":0.0,"cards_transformed":["Strike_R"],"event_name":"Living Wall","player_choice":"Change","floor":3.0,"gold_loss":0.0,"damage_taken":0.0,"cards_obtained":["Battle Trance"]},{"damage_healed":0.0,"max_hp_gain":5.0,"max_hp_loss":0.0,"gold_gain":0.0,"event_name":"Big Fish","player_choice":"Donut","floor":4.0,"gold_loss":0.0,"damage_taken":0.0},{"damage_healed":48,"gold_gain":0,"player_choice":"Full Heal","damage_taken":0,"max_hp_gain":0,"max_hp_loss":0,"event_name":"Wheel of Change","floor":13,"gold_loss":0}],"is_beta":false,"boss_relics":[{"not_picked":["Runic Cube","Busted Crown"],"picked":"Black Star"}],"items_purged_floors":[8],"is_endless":false,"potions_floor_spawned":[2,5,14,16,18,22],"killed_by":"Slavers","ascension_level":20}}