{"host":"dz1qwalix8eproj8","time":1607873709,"event":{"mods":["AchievementEnabler","BaseMod","Block Reminder","Minty Spire (QoL Compilation)","Relic Stats","StSLib","SuperFastMode"],"gold_per_floor":[113,126,126,137,137,137,464,477,548,567,275,275,450,470,470,575,575,590,608,7,23,23,23,23],"floor_reached":23,"playtime":1642,"items_purged":["Doubt"],"score":270,"play_id":"eee9059a-2aa9-43b9-9601-e6f3d1147259","local_time":"20201213163509","is_ascension_mode":true,"campfire_choices":[{"data":"Barrage","floor":6,"key":"SMITH"},{"floor":12,"key":"REST"},{"data":"Tempest","floor":15,"key":"SMITH"}],"circlet_count":0,"master_deck":["Strike_B","Strike_B","Strike_B","Strike_B","Defend_B","Defend_B","Defend_B","Zap+1","Dualcast","Barrage+1","BootSequence","Leap","Barrage","Tempest+1","White Noise","Compile Driver","Rainbow","Beam Cell+1","Melter+1","Rainbow","Hologram"],"relics":["Cracked Core","Old Coin","Singing Bowl","Vajra","Blood Vial","Black Star","Pen Nib","TheAbacus","Potion Belt","CultistMask"],"acts_visited":["Exordium","TheCity"],"potions_floor_usage":[7,19,23],"damage_taken":[{"damage":2,"enemies":"Jaw Worm","floor":1,"turns":4},{"damage":12,"enemies":"Small Slimes","floor":2,"turns":3},{"damage":1,"enemies":"Cultist","floor":4,"turns":3},{"damage":16,"enemies":"Lagavulin","floor":7,"turns":7},{"damage":0,"enemies":"Red Slaver","floor":8,"turns":3},{"damage":12,"enemies":"Large Slime","floor":10,"turns":5},{"damage":4,"enemies":"3 Louse","floor":14,"turns":2},{"damage":32,"enemies":"The Guardian","floor":16,"turns":8},{"damage":4,"enemies":"3 Byrds","floor":18,"turns":5},{"damage":29,"enemies":"2 Thieves","floor":19,"turns":3},{"damage":13,"enemies":"Shelled Parasite and Fungi","floor":21,"turns":3},{"damage":1,"enemies":"Gremlin Leader","floor":23,"turns":6}],"seed_played":"4575528817905432009","potions_obtained":[{"floor":2,"key":"SkillPotion"},{"floor":8,"key":"SteroidPotion"},{"floor":14,"key":"BlessingOfTheForge"},{"floor":16,"key":"DistilledChaos"},{"floor":21,"key":"BlessingOfTheForge"}],"is_trial":false,"path_per_floor":["M","M","?","M","?","R","E","M","T","M","$","R","?","M","R","B",null,"M","M","$","M","?","E"],"character_chosen":"DEFECT","items_purchased":["Vajra","Blood Vial","Pen Nib","Rainbow","TheAbacus","Potion Belt"],"campfire_rested":1,"item_purchase_floors":[11,11,20,20,20,20],"current_hp_per_floor":[73,61,54,53,53,53,37,37,37,25,25,49,49,47,47,17,66,64,37,37,26,26,27,27],"gold":23,"neow_bonus":"TEN_PERCENT_HP_BONUS","is_daily":false,"chose_seed":false,"campfire_upgraded":2,"win_rate":0.0,"timestamp":1607873709,"path_taken":["M","M","?","M","?","R","E","?","T","M","?","R","?","M","R","BOSS","M","M","$","M","?","E"],"items_purchased_type":["Relic","Relic","Relic","Card","Relic","Relic"],"build_version":"2020-11-30","purchased_purges":1,"victory":false,"max_hp_per_floor":[82,82,82,82,82,82,82,82,82,82,82,82,82,82,82,82,82,82,82,82,82,82,82,82],"relic_stats":{"Blood Vial":12,"TheAbacus":[6],"Singing Bowl":0,"counters":[12,52],"Pen Nib":[1],"Black Star":0,"obtain_stats":[{"Blood Vial":11,"Potion Belt":20,"TheAbacus":20,"Singing Bowl":9,"Vajra":11,"Pen Nib":20,"CultistMask":22,"Black Star":17,"Cracked Core":0,"Old Coin":7},{"Blood Vial":6,"Potion Belt":10,"TheAbacus":10,"Singing Bowl":5,"Vajra":6,"Pen Nib":10,"CultistMask":11,"Black Star":8,"Cracked Core":0,"Old Coin":4},{"Blood Vial":25,"Potion Belt":43,"TheAbacus":43,"Singing Bowl":20,"Vajra":25,"Pen Nib":43,"CultistMask":46,"Black Star":35,"Cracked Core":0,"Old Coin":17}]},"card_choices":[{"not_picked":["Turbo","Go for the Eyes"],"picked":"Barrage","floor":1},{"not_picked":["Turbo","Streamline"],"picked":"BootSequence","floor":2},{"not_picked":["Storm","Barrage"],"picked":"Leap","floor":4},{"not_picked":["Reinforced Body","Streamline"],"picked":"Barrage","floor":7},{"not_picked":["Beam Cell","Meteor Strike"],"picked":"Tempest","floor":8},{"not_picked":["Defragment","Leap"],"picked":"White Noise","floor":10},{"not_picked":["Conserve Battery","Beam Cell"],"picked":"Compile Driver","floor":14},{"not_picked":["Buffer","Echo Form"],"picked":"Rainbow","floor":16},{"not_picked":["Gash","Sunder"],"picked":"Beam Cell+1","floor":18},{"not_picked":["Gash","Ball Lightning"],"picked":"Melter+1","floor":19},{"not_picked":["Compile Driver","Sweeping Beam"],"picked":"Hologram","floor":21}],"player_experience":575535,"relics_obtained":[{"floor":7,"key":"Old Coin"},{"floor":9,"key":"Singing Bowl"}],"event_choices":[{"cards_removed":["Defend_B"],"damage_healed":0,"gold_gain":0,"player_choice":"Card Removal","damage_taken":7,"max_hp_gain":0,"max_hp_loss":0,"event_name":"Golden Wing","floor":3,"gold_loss":0},{"damage_healed":0,"gold_gain":0,"player_choice":"Upgraded","damage_taken":0,"max_hp_gain":0,"max_hp_loss":0,"event_name":"Upgrade Shrine","floor":5,"gold_loss":0,"cards_upgraded":["Zap"]},{"damage_healed":0,"gold_gain":175,"player_choice":"AGREE","damage_taken":0,"max_hp_gain":0,"max_hp_loss":0,"event_name":"Liars Game","floor":13,"gold_loss":0,"cards_obtained":["Doubt"]},{"damage_healed":0,"gold_gain":0,"player_choice":"Trade","damage_taken":0,"relics_obtained":["CultistMask"],"max_hp_gain":0,"max_hp_loss":0,"event_name":"FaceTrader","floor":22,"gold_loss":0}],"is_beta":false,"boss_relics":[{"not_picked":["Coffee Dripper","SacredBark"],"picked":"Black Star"}],"items_purged_floors":[20],"is_endless":false,"potions_floor_spawned":[2,8,14,16,18,21],"killed_by":"Gremlin Leader","ascension_level":8}}