{"host":"a1bw7lw6d0kskskg","time":1607895773,"event":{"mods":["AchievementEnabler","BaseMod","Better Note","Better Skull","Block Reminder","Colored Map","Colored Powertips","Downfall","Koishi","Minty Spire (QoL Compilation)","Quick Restart","Rare Cards Sparkle","Relic Stats","StSLib","The IronCluck","Waifu the Spire","everything is the same but u backflip on backflip","slay the spire mod where everything is the same but ironclad has a cowboy hat"],"gold_per_floor":[116,46,62,78,3,21,54,154,231,231,257,273,98,113,113,210,210,197,197,72,72,72,99,99,117,117,117,143,153,173,88,88,88,88],"floor_reached":33,"playtime":1679,"items_purged":["Strike_R","Battle Trance","Bash"],"score":303,"play_id":"02d320ed-2f98-4124-a193-2afb8c84276a","local_time":"20201213224253","is_ascension_mode":true,"campfire_choices":[{"data":"Burning Pact","floor":10.0,"key":"SMITH"},{"floor":15.0,"key":"REST"},{"data":"True Grit","floor":24.0,"key":"SMITH"},{"floor":27.0,"key":"REST"},{"floor":32.0,"key":"RECALL"}],"circlet_count":0,"master_deck":["Strike_R","Strike_R","Defend_R","Defend_R","Wild Strike","Infernal Blade","True Grit+1","Feel No Pain","Burning Pact+1","Evolve","Dark Embrace","Shrug It Off","Power Through"],"relics":["Burning Blood","StoneCalendar","Kunai","Bag of Marbles","SlaversCollar","Pen Nib","Paper Frog","Akabeko","HornCleat"],"acts_visited":["Exordium","TheCity"],"potions_floor_usage":[],"damage_taken":[{"damage":0.0,"enemies":"Small Slimes","floor":1.0,"turns":2.0},{"damage":0.0,"enemies":"Cultist","floor":3.0,"turns":2.0},{"damage":4.0,"enemies":"2 Louse","floor":4.0,"turns":2.0},{"damage":23.0,"enemies":"Exordium Thugs","floor":6.0,"turns":4.0},{"damage":14.0,"enemies":"3 Sentries","floor":7.0,"turns":13.0},{"damage":21.0,"enemies":"Gremlin Nob","floor":11.0,"turns":4.0},{"damage":8.0,"enemies":"3 Louse","floor":12.0,"turns":3.0},{"damage":0.0,"enemies":"Large Slime","floor":14.0,"turns":4.0},{"damage":29.0,"enemies":"Slime Boss","floor":16.0,"turns":8.0},{"damage":24.0,"enemies":"2 Thieves","floor":18.0,"turns":4.0},{"damage":58.0,"enemies":"Gremlin Leader","floor":23.0,"turns":9.0},{"damage":0.0,"enemies":"Chosen","floor":25.0,"turns":6.0},{"damage":16.0,"enemies":"Shelled Parasite and Fungi","floor":29.0,"turns":10.0},{"damage":31.0,"enemies":"Snake Plant","floor":30.0,"turns":7.0},{"damage":22,"enemies":"Collector","floor":33,"turns":5}],"seed_played":"2177790523758967826","potions_obtained":[{"floor":4.0,"key":"LiquidMemories"},{"floor":11.0,"key":"SkillPotion"},{"floor":16.0,"key":"Guardian:BlockOnCardUsePotion"},{"floor":23.0,"key":"hexamod:EctoCoolerPotion"},{"floor":25.0,"key":"Regen Potion"},{"floor":29.0,"key":"Energy Potion"}],"is_trial":false,"path_per_floor":["M","$","M","M","$","M","E","?","T","R","E","M","$","M","R","B",null,"M","?","$","?","?","E","R","M","T","R","T","M","M","?","R","B"],"character_chosen":"IRONCLAD","items_purchased":["Feel No Pain","Evolve"],"campfire_rested":2,"item_purchase_floors":[2,13],"current_hp_per_floor":[62,62,68,70,70,53,45,45,45,45,30,28,28,34,58,35,80,62,62,62,62,62,10,10,16,16,40,40,45,20,20,20,0,0],"gold":88,"neow_bonus":"TRANSFORM_TWO_CARDS","is_daily":false,"chose_seed":false,"campfire_upgraded":2,"win_rate":0.0,"timestamp":1607895773,"path_taken":["M","$","M","M","$","M","E","?","T","R","E","M","?","?","R","BOSS","M","?","?","?","?","E","R","M","T","R","?","M","M","?","R","BOSS"],"items_purchased_type":["Card","Card"],"build_version":"2020-11-30","purchased_purges":3,"victory":false,"max_hp_per_floor":[80,80,80,80,80,80,80,80,80,80,80,80,80,80,80,80,80,80,80,80,80,80,80,80,80,80,80,80,80,80,80,80,80,80],"relic_stats":{"counters":[15,83],"StoneCalendar":[199],"Pen Nib":[4],"Kunai":[6],"obtain_stats":[{"SlaversCollar":17,"HornCleat":31,"StoneCalendar":7,"Pen Nib":21,"Bag of Marbles":11,"Kunai":9,"Burning Blood":0,"Akabeko":28,"Paper Frog":23},{"SlaversCollar":9,"HornCleat":14,"StoneCalendar":5,"Pen Nib":10,"Bag of Marbles":6,"Kunai":5,"Burning Blood":0,"Akabeko":12,"Paper Frog":11},{"SlaversCollar":42,"HornCleat":78,"StoneCalendar":23,"Pen Nib":46,"Bag of Marbles":27,"Kunai":23,"Burning Blood":0,"Akabeko":61,"Paper Frog":55}],"Burning Blood":84},"card_choices":[{"not_picked":["Anger","Wild Strike"],"picked":"True Grit","floor":1.0},{"not_picked":["Havoc","Hemokinesis","Cleave"],"picked":"SKIP","floor":3.0},{"not_picked":["Anger","Disarm"],"picked":"Burning Pact","floor":4.0},{"not_picked":["Entrench","Uppercut","Flex"],"picked":"SKIP","floor":6.0},{"not_picked":["Entrench","Flex"],"picked":"Battle Trance","floor":7.0},{"not_picked":["Anger","Impervious","Pommel Strike"],"picked":"SKIP","floor":11.0},{"not_picked":["Reckless Charge","Flame Barrier","Anger"],"picked":"SKIP","floor":12.0},{"not_picked":["Perfected Strike","Armaments","Carnage"],"picked":"SKIP","floor":14.0},{"not_picked":["Infernal Blade","Heavy Blade","Anger"],"picked":"SKIP","floor":18.0},{"not_picked":["Wild Strike","Clothesline"],"picked":"Dark Embrace","floor":23.0},{"not_picked":["Armaments+1","Cleave","Inflame"],"picked":"SKIP","floor":25.0},{"not_picked":["Seeing Red+1","Searing Blow"],"picked":"Shrug It Off","floor":29.0},{"not_picked":["Disarm","Infernal Blade+1"],"picked":"Power Through","floor":30.0}],"player_experience":181827,"relics_obtained":[{"floor":7.0,"key":"StoneCalendar"},{"floor":9.0,"key":"Kunai"},{"floor":11.0,"key":"Bag of Marbles"},{"floor":23.0,"key":"Paper Frog"},{"floor":28.0,"key":"Akabeko"}],"event_choices":[{"damage_healed":0.0,"max_hp_gain":0.0,"max_hp_loss":0.0,"gold_gain":100.0,"event_name":"Golden Shrine","player_choice":"Pray","floor":8.0,"gold_loss":0.0,"damage_taken":0.0},{"cards_removed":["Strike_R"],"damage_healed":0.0,"max_hp_gain":0.0,"max_hp_loss":0.0,"gold_gain":0.0,"event_name":"Purifier","player_choice":"Purged","floor":19.0,"gold_loss":0.0,"damage_taken":0.0},{"damage_healed":0.0,"max_hp_gain":0.0,"max_hp_loss":0.0,"gold_gain":0.0,"event_name":"The Mausoleum","player_choice":"Opened","floor":21.0,"gold_loss":0.0,"damage_taken":0.0,"relics_obtained":["Pen Nib"]},{"cards_removed":["Defend_R"],"damage_healed":0.0,"max_hp_gain":0.0,"max_hp_loss":0.0,"gold_gain":0.0,"event_name":"Back to Basics","player_choice":"Elegance","floor":22.0,"gold_loss":0.0,"damage_taken":0.0},{"damage_healed":0.0,"max_hp_gain":0.0,"max_hp_loss":0.0,"gold_gain":0.0,"event_name":"Addict","player_choice":"Obtained Relic","floor":31.0,"gold_loss":85.0,"damage_taken":0.0,"relics_obtained":["HornCleat"]}],"is_beta":false,"boss_relics":[{"not_picked":["Philosopher\u0027s Stone","Calling Bell"],"picked":"SlaversCollar"}],"items_purged_floors":[5,13,20],"is_endless":false,"potions_floor_spawned":[4,11,16,23,25,29],"killed_by":"Collector","ascension_level":2}}