{"host":"p9t7qd83igtcp2bh","time":1607878476,"event":{"mods":["2.2 Compatiblity","AchievementEnabler","BaseMod","Colored Map","Colored Powertips","Custom Start","DeckTracker","Keyboard Shortcuts","Minty Spire (QoL Compilation)","Permanent Neow","Spicy Shops","StSLib","SuperFastMode","everything is the same but u backflip on backflip"],"gold_per_floor":[109,109,109,34,48,76,76,92,92,105,130,80,80,92,92,195,195,207,0,15,15,15,15,15,42,90,165,165,177,190,206,206,206,206],"floor_reached":33,"playtime":841,"items_purged":["Pain","Strike_G","Strike_G"],"score":278,"play_id":"96dc5b2f-0483-4cd0-8238-877ea6227281","local_time":"20201214015436","is_ascension_mode":true,"campfire_choices":[{"data":"Defend_G","floor":7.0,"key":"PURGE"},{"floor":13.0,"key":"REST"},{"data":"Tactician","floor":15.0,"key":"SMITH"},{"data":"Escape Plan","floor":23.0,"key":"SMITH"},{"floor":28,"key":"REST"},{"data":"Calculated Gamble","floor":32,"key":"SMITH"}],"circlet_count":0,"master_deck":["Defend_G","Defend_G","Survivor","Neutralize","Distraction","After Image","Skewer","Finisher+1","Underhanded Strike+1","Dash","Masterful Stab","Tactician+1","Corpse Explosion","Escape Plan+1","Reflex","Calculated Gamble+1"],"relics":["Ring of the Snake","Peace Pipe","Bag of Marbles","Blue Candle","Smiling Mask","Empty Cage","TheAbacus","Boot","Whetstone"],"acts_visited":["Exordium","TheCity"],"potions_floor_usage":[33],"damage_taken":[{"damage":10.0,"enemies":"Cultist","floor":1.0,"turns":5.0},{"damage":1.0,"enemies":"2 Louse","floor":5.0,"turns":2.0},{"damage":14.0,"enemies":"Lagavulin","floor":6.0,"turns":10.0},{"damage":6.0,"enemies":"Jaw Worm","floor":8.0,"turns":4.0},{"damage":5.0,"enemies":"Exordium Thugs","floor":10.0,"turns":6.0},{"damage":0.0,"enemies":"Blue Slaver","floor":14.0,"turns":2.0},{"damage":42.0,"enemies":"Slime Boss","floor":16.0,"turns":19.0},{"damage":24.0,"enemies":"Shell Parasite","floor":18.0,"turns":7.0},{"damage":2.0,"enemies":"Spheric Guardian","floor":20.0,"turns":7.0},{"damage":11.0,"enemies":"Book of Stabbing","floor":25.0,"turns":6.0},{"damage":10,"enemies":"Snake Plant","floor":29,"turns":4},{"damage":0,"enemies":"Centurion and Healer","floor":30,"turns":2},{"damage":26,"enemies":"Shelled Parasite and Fungi","floor":31,"turns":10},{"damage":31,"enemies":"Champ","floor":33,"turns":2}],"seed_played":"3567334555539190167","potions_obtained":[{"floor":5.0,"key":"Block Potion"},{"floor":6.0,"key":"Weak Potion"},{"floor":10.0,"key":"LiquidMemories"},{"floor":14.0,"key":"DuplicationPotion"},{"floor":20.0,"key":"Ancient Potion"},{"floor":29,"key":"FairyPotion"}],"is_trial":false,"path_per_floor":["M","?","?","$","M","E","R","M","T","M","T","$","R","M","R","B",null,"M","$","M","?","$","R","$","E","T","?","R","M","M","M","R","B"],"character_chosen":"THE_SILENT","items_purchased":["TheAbacus"],"campfire_rested":2,"item_purchase_floors":[19],"current_hp_per_floor":[60,53,53,53,52,38,38,32,32,27,27,27,48,48,48,6,70,46,46,44,31,31,31,31,20,20,13,35,25,25,21,21,0,0],"gold":206,"neow_bonus":"TRANSFORM_TWO_CARDS","is_daily":false,"chose_seed":false,"campfire_upgraded":3,"win_rate":0.0,"timestamp":1607878476,"path_taken":["M","?","?","$","M","E","R","M","T","?","?","?","R","M","R","BOSS","M","$","M","?","$","R","$","E","T","?","R","?","M","M","R","BOSS"],"items_purchased_type":["Relic"],"build_version":"2020-11-30","purchased_purges":3,"victory":false,"max_hp_per_floor":[70,70,70,70,70,70,70,70,70,70,70,70,70,70,70,70,70,70,70,70,75,75,75,75,75,75,75,75,75,75,75,75,75,75],"card_choices":[{"not_picked":["Concentrate","Quick Slash"],"picked":"Skewer","floor":1.0},{"not_picked":["Outmaneuver","Bane"],"picked":"Underhanded Strike","floor":5.0},{"not_picked":["Terror","Caltrops"],"picked":"Dash","floor":6.0},{"not_picked":["Dagger Spray","Underhanded Strike"],"picked":"Masterful Stab","floor":8.0},{"not_picked":["Backflip","Flechettes"],"picked":"Tactician","floor":10.0},{"not_picked":["Quick Slash","Blade Dance","Dash"],"picked":"SKIP","floor":14.0},{"not_picked":["Glass Knife","Phantasmal Killer"],"picked":"Corpse Explosion","floor":16.0},{"not_picked":["Blade Dance","Cloak And Dagger","All Out Attack"],"picked":"SKIP","floor":18.0},{"not_picked":["Underhanded Strike","Quick Slash"],"picked":"Escape Plan","floor":20.0},{"not_picked":["Terror","PiercingWail"],"picked":"Reflex","floor":25.0},{"not_picked":["Poisoned Stab","Slice+1","Underhanded Strike"],"picked":"SKIP","floor":29},{"not_picked":["Quick Slash+1","Finisher","Dagger Throw"],"picked":"SKIP","floor":30},{"not_picked":["Dagger Spray","Finisher+1"],"picked":"Calculated Gamble","floor":31}],"player_experience":541025,"relics_obtained":[{"floor":6.0,"key":"Bag of Marbles"},{"floor":9.0,"key":"Blue Candle"},{"floor":11.0,"key":"Smiling Mask"},{"floor":25.0,"key":"Boot"},{"floor":26.0,"key":"Whetstone"}],"event_choices":[{"damage_healed":0.0,"max_hp_gain":0.0,"max_hp_loss":0.0,"gold_gain":0.0,"event_name":"Scrap Ooze","player_choice":"Success","floor":2.0,"gold_loss":0.0,"damage_taken":7.0,"relics_obtained":["Peace Pipe"]},{"damage_healed":0.0,"max_hp_gain":0.0,"max_hp_loss":0.0,"gold_gain":0.0,"cards_transformed":["Strike_G"],"event_name":"Transmorgrifier","player_choice":"Transformed","floor":3.0,"gold_loss":0.0,"damage_taken":0.0,"cards_obtained":["Finisher"]},{"damage_healed":0.0,"max_hp_gain":5.0,"max_hp_loss":0.0,"gold_gain":0.0,"event_name":"Forgotten Altar","player_choice":"Shed Blood","floor":21.0,"gold_loss":0.0,"damage_taken":18.0},{"damage_healed":0,"gold_gain":75,"player_choice":"Touch","damage_taken":7,"max_hp_gain":0,"max_hp_loss":0,"event_name":"FaceTrader","floor":27,"gold_loss":0}],"is_beta":false,"boss_relics":[{"not_picked":["HoveringKite","Runic Dome"],"picked":"Empty Cage"}],"items_purged_floors":[4,12,19],"is_endless":false,"potions_floor_spawned":[5,6,10,14,20,29],"killed_by":"Champ","ascension_level":1}}