{"host":"kda2p2afd6bvz6qo","time":1607827898,"event":{"mods":["BaseMod","Colored Map","Minty Spire (QoL Compilation)","Relic Stats"],"gold_per_floor":[112,112,123,135,151,183,183,211,237,268,268,268,309,51,51,170,170,195,215,140,40,58,96,96,132,132,170,184,184,184,220,220,351,351,365,379,160,174,174,209,234,234,234,234,267,328,347,388,388,388],"floor_reached":51,"playtime":4414,"items_purged":["Injury","Defend_G"],"score":978,"play_id":"5d34813c-6067-42cc-af1c-71a4458391eb","local_time":"20201213025138","is_ascension_mode":true,"campfire_choices":[{"data":"Bouncing Flask","floor":7.0,"key":"SMITH"},{"data":"Noxious Fumes","floor":15.0,"key":"SMITH"},{"data":"Leg Sweep","floor":24.0,"key":"SMITH"},{"data":"Well Laid Plans","floor":29.0,"key":"SMITH"},{"data":"Malaise","floor":32.0,"key":"SMITH"},{"floor":42,"key":"REST"},{"data":"Burst","floor":44,"key":"SMITH"},{"floor":49,"key":"REST"}],"circlet_count":0,"master_deck":["Survivor","Neutralize","Bane+1","Tactician+1","Unload+1","Quick Slash","Acrobatics","PiercingWail","Bouncing Flask+1","Dash","Deadly Poison","Outmaneuver","Noxious Fumes+1","Quick Slash+1","Unload+1","Sucker Punch+1","Malaise+1","Leg Sweep+1","Dash+1","Calculated Gamble+1","Well Laid Plans+1","After Image","Slice+1","Predator+1","Corpse Explosion","Prepared","Crippling Poison+1","Backflip+1","Deflect+1","Burst+1","Backflip","Footwork","PiercingWail+1","Neutralize+1","Unload+1","Deflect+1","Footwork+1","Cloak And Dagger+1","Blur"],"relics":["Astrolabe","Happy Flower","Centennial Puzzle","Boot","Blood Vial","Molten Egg 2","Golden Idol","Lizard Tail","Empty Cage","Pear","Lantern","Ninja Scroll","Question Card","Gambling Chip","Black Star","Orrery","PreservedInsect","Regal Pillow","Mercury Hourglass","Bag of Marbles","Shuriken","Thread and Needle","Darkstone Periapt","Paper Crane"],"acts_visited":["Exordium","TheCity","TheBeyond"],"potions_floor_usage":[38,40,41],"damage_taken":[{"damage":0.0,"enemies":"Cultist","floor":1.0,"turns":3.0},{"damage":0.0,"enemies":"2 Louse","floor":3.0,"turns":2.0},{"damage":0.0,"enemies":"Small Slimes","floor":4.0,"turns":2.0},{"damage":0.0,"enemies":"Looter","floor":5.0,"turns":2.0},{"damage":0.0,"enemies":"3 Sentries","floor":6.0,"turns":7.0},{"damage":8.0,"enemies":"Lagavulin","floor":8.0,"turns":5.0},{"damage":9.0,"enemies":"3 Sentries","floor":10.0,"turns":6.0},{"damage":2.0,"enemies":"Lagavulin","floor":13.0,"turns":6.0},{"damage":17.0,"enemies":"Hexaghost","floor":16.0,"turns":6.0},{"damage":6.0,"enemies":"Shell Parasite","floor":18.0,"turns":5.0},{"damage":0.0,"enemies":"Chosen","floor":19.0,"turns":4.0},{"damage":3.0,"enemies":"Snecko","floor":22.0,"turns":3.0},{"damage":3.0,"enemies":"Slavers","floor":23.0,"turns":4.0},{"damage":4.0,"enemies":"Book of Stabbing","floor":25.0,"turns":5.0},{"damage":8.0,"enemies":"Gremlin Leader","floor":27.0,"turns":6.0},{"damage":0.0,"enemies":"Snake Plant","floor":28.0,"turns":4.0},{"damage":27.0,"enemies":"Slavers","floor":31.0,"turns":8.0},{"damage":35.0,"enemies":"Automaton","floor":33.0,"turns":10.0},{"damage":6.0,"enemies":"3 Darklings","floor":35.0,"turns":3.0},{"damage":6.0,"enemies":"Orb Walker","floor":36.0,"turns":4.0},{"damage":32,"enemies":"Writhing Mass","floor":38,"turns":8},{"damage":49,"enemies":"Nemesis","floor":40,"turns":7},{"damage":38,"enemies":"Transient","floor":41,"turns":5},{"damage":14,"enemies":"Giant Head","floor":45,"turns":8},{"damage":5,"enemies":"2 Orb Walkers","floor":46,"turns":3},{"damage":0,"enemies":"3 Darklings","floor":47,"turns":1},{"damage":4,"enemies":"Nemesis","floor":48,"turns":5},{"damage":0,"enemies":"Time Eater","floor":50,"turns":15}],"seed_played":"745049656586990221","potions_obtained":[{"floor":1.0,"key":"Explosive Potion"},{"floor":3.0,"key":"SpeedPotion"},{"floor":4.0,"key":"LiquidMemories"},{"floor":10.0,"key":"AttackPotion"},{"floor":18.0,"key":"Swift Potion"},{"floor":19.0,"key":"EntropicBrew"},{"floor":23.0,"key":"EssenceOfSteel"},{"floor":25.0,"key":"GamblersBrew"},{"floor":36.0,"key":"Dexterity Potion"},{"floor":38,"key":"CunningPotion"},{"floor":41,"key":"SneckoOil"}],"is_trial":false,"path_per_floor":["M","?","M","M","M","E","R","E","T","E","T","?","E","$","R","B",null,"M","M","?","$","M","E","R","E","T","E","M","R","?","E","R","B",null,"M","M","$","M","?","E","M","R","T","R","E","?","M","E","R","B",null],"character_chosen":"THE_SILENT","items_purchased":["Unload+1","Sucker Punch+1","Orrery","Footwork"],"campfire_rested":2,"item_purchase_floors":[14,14,37,37],"current_hp_per_floor":[70,70,70,70,70,70,70,62,62,53,53,53,53,53,53,38,70,64,66,66,66,65,74,74,72,72,66,68,68,68,43,43,10,80,74,70,70,40,40,40,4,43,43,43,31,28,30,28,67,69],"gold":388,"neow_bonus":"BOSS_RELIC","is_daily":false,"chose_seed":false,"campfire_upgraded":6,"win_rate":0.0,"timestamp":1607827898,"path_taken":["M","?","?","M","M","E","R","E","T","E","?","?","E","$","R","BOSS","M","M","?","$","M","E","R","E","T","E","M","R","?","E","R","BOSS","M","M","$","M","?","E","?","R","T","R","E","?","M","E","R","BOSS"],"items_purchased_type":["Card","Card","Relic","Card"],"build_version":"2020-11-30","purchased_purges":2,"victory":true,"max_hp_per_floor":[70,70,70,70,70,70,70,70,70,70,70,70,70,70,70,70,70,70,70,70,70,70,80,80,80,80,80,80,80,80,80,80,80,80,80,80,80,80,80,80,80,80,80,80,80,80,80,80,80,80],"relic_stats":{"Darkstone Periapt":0,"Regal Pillow":30,"Happy Flower":[43],"counters":[28,147],"Golden Idol":182,"Astrolabe":["Bane","Tactician","Unload"],"PreservedInsect":172,"Boot":[117],"Question Card":17,"Mercury Hourglass":[104],"Blood Vial":38,"Centennial Puzzle":[54],"Lizard Tail":40,"Shuriken":[8],"Gambling Chip":[21],"Black Star":3,"obtain_stats":[{"Darkstone Periapt":48,"Lantern":25,"Regal Pillow":40,"Boot":9,"Empty Cage":17,"Blood Vial":10,"Centennial Puzzle":8,"Lizard Tail":13,"Ninja Scroll":26,"Gambling Chip":31,"Ring of the Snake":0,"Pear":23,"Happy Flower":6,"Golden Idol":12,"Astrolabe":0,"Thread and Needle":46,"PreservedInsect":40,"Paper Crane":48,"Question Card":27,"Mercury Hourglass":43,"Shuriken":45,"Orrery":37,"Molten Egg 2":11,"Black Star":34,"Bag of Marbles":45},{"Darkstone Periapt":27,"Lantern":14,"Regal Pillow":22,"Boot":6,"Empty Cage":9,"Blood Vial":7,"Centennial Puzzle":6,"Lizard Tail":8,"Ninja Scroll":14,"Gambling Chip":17,"Ring of the Snake":0,"Pear":13,"Happy Flower":5,"Golden Idol":7,"Astrolabe":0,"Thread and Needle":25,"PreservedInsect":22,"Paper Crane":27,"Question Card":15,"Mercury Hourglass":23,"Shuriken":24,"Orrery":20,"Molten Egg 2":7,"Black Star":18,"Bag of Marbles":24},{"Darkstone Periapt":132,"Lantern":60,"Regal Pillow":110,"Boot":21,"Empty Cage":39,"Blood Vial":27,"Centennial Puzzle":21,"Lizard Tail":33,"Ninja Scroll":60,"Gambling Chip":78,"Ring of the Snake":0,"Pear":55,"Happy Flower":16,"Golden Idol":27,"Astrolabe":0,"Thread and Needle":126,"PreservedInsect":110,"Paper Crane":132,"Question Card":66,"Mercury Hourglass":115,"Shuriken":123,"Orrery":95,"Molten Egg 2":27,"Black Star":88,"Bag of Marbles":123}]},"card_choices":[{"not_picked":["Distraction","Tactician"],"picked":"Quick Slash","floor":1.0},{"not_picked":["Flying Knee","Masterful Stab"],"picked":"PiercingWail","floor":3.0},{"not_picked":["Flying Knee","Tactician"],"picked":"Bouncing Flask","floor":4.0},{"not_picked":["Deflect","Masterful Stab"],"picked":"Dash","floor":5.0},{"not_picked":["Dagger Spray","Infinite Blades"],"picked":"Deadly Poison","floor":6.0},{"not_picked":["Tactician","Dagger Throw"],"picked":"Outmaneuver","floor":8.0},{"not_picked":["Bouncing Flask","Venomology"],"picked":"Noxious Fumes","floor":10.0},{"not_picked":["Endless Agony+1","Dodge and Roll"],"picked":"Quick Slash+1","floor":13.0},{"not_picked":["Doppelganger","Envenom"],"picked":"Malaise","floor":16.0},{"not_picked":["Blur","Accuracy+1"],"picked":"Leg Sweep","floor":18.0},{"not_picked":["Deflect","Dodge and Roll"],"picked":"Dash+1","floor":19.0},{"not_picked":["Flying Knee+1","Acrobatics+1","Endless Agony+1"],"picked":"SKIP","floor":22.0},{"not_picked":["Bane+1","Bouncing Flask+1"],"picked":"Calculated Gamble+1","floor":23.0},{"not_picked":["Acrobatics","Sucker Punch+1","Expertise"],"picked":"SKIP","floor":25.0},{"not_picked":["Eviscerate+1","All Out Attack+1"],"picked":"Well Laid Plans","floor":27.0},{"not_picked":["Outmaneuver+1","Slice+1","Masterful Stab+1","Noxious Fumes"],"picked":"SKIP","floor":28.0},{"not_picked":["Blade Dance","Deadly Poison","Calculated Gamble"],"picked":"Predator+1","floor":31.0},{"not_picked":["After Image","Burst","Malaise"],"picked":"Corpse Explosion","floor":33.0},{"not_picked":["Deadly Poison+1","Flying Knee+1","Sucker Punch+1"],"picked":"Prepared","floor":35.0},{"not_picked":["Dagger Throw+1","Cloak And Dagger","Acrobatics+1"],"picked":"Crippling Poison+1","floor":36.0},{"not_picked":["Dagger Spray+1","Underhanded Strike+1","Storm of Steel"],"picked":"Backflip+1","floor":37.0},{"not_picked":["Masterful Stab+1","Blur","Bane+1"],"picked":"Deflect+1","floor":37.0},{"not_picked":["Footwork","PiercingWail","Endless Agony+1"],"picked":"Burst","floor":37.0},{"not_picked":["Poisoned Stab+1","Outmaneuver+1","Flechettes+1"],"picked":"Backflip","floor":37.0},{"not_picked":["Blade Dance+1","Dodge and Roll+1","Dagger Throw+1"],"picked":"PiercingWail+1","floor":38},{"not_picked":["Slice+1","Masterful Stab+1","Bane+1"],"picked":"Deflect+1","floor":40},{"not_picked":["Eviscerate+1","Calculated Gamble+1","Dagger Spray+1","PiercingWail"],"picked":"SKIP","floor":41},{"not_picked":["Distraction+1","Quick Slash+1","Poisoned Stab+1"],"picked":"Footwork+1","floor":45},{"not_picked":["Caltrops+1","Underhanded Strike+1","Sucker Punch+1"],"picked":"Cloak And Dagger+1","floor":47},{"not_picked":["Deflect+1","Masterful Stab+1","Outmaneuver"],"picked":"Blur","floor":48}],"player_experience":20439,"relics_obtained":[{"floor":6.0,"key":"Happy Flower"},{"floor":8.0,"key":"Centennial Puzzle"},{"floor":9.0,"key":"Boot"},{"floor":10.0,"key":"Blood Vial"},{"floor":11.0,"key":"Molten Egg 2"},{"floor":13.0,"key":"Lizard Tail"},{"floor":23.0,"key":"Pear"},{"floor":25.0,"key":"Lantern"},{"floor":26.0,"key":"Ninja Scroll"},{"floor":27.0,"key":"Question Card"},{"floor":31.0,"key":"Gambling Chip"},{"floor":40,"key":"PreservedInsect"},{"floor":40,"key":"Regal Pillow"},{"floor":43,"key":"Mercury Hourglass"},{"floor":45,"key":"Bag of Marbles"},{"floor":45,"key":"Shuriken"},{"floor":46,"key":"Thread and Needle"},{"floor":48,"key":"Darkstone Periapt"},{"floor":48,"key":"Paper Crane"}],"event_choices":[{"damage_healed":0.0,"max_hp_gain":0.0,"max_hp_loss":0.0,"gold_gain":0.0,"cards_transformed":["Strike_G"],"event_name":"Transmorgrifier","player_choice":"Transformed","floor":2.0,"gold_loss":0.0,"damage_taken":0.0,"cards_obtained":["Acrobatics"]},{"damage_healed":0.0,"max_hp_gain":0.0,"max_hp_loss":0.0,"gold_gain":0.0,"event_name":"Golden Idol","player_choice":"Take Wound","floor":12.0,"gold_loss":0.0,"damage_taken":0.0,"relics_obtained":["Golden Idol"],"cards_obtained":["Injury"]},{"cards_removed":["Defend_G"],"damage_healed":0.0,"max_hp_gain":0.0,"max_hp_loss":0.0,"gold_gain":0.0,"event_name":"Beggar","player_choice":"Gave Gold","floor":20.0,"gold_loss":75.0,"damage_taken":0.0},{"damage_healed":0.0,"max_hp_gain":0.0,"max_hp_loss":0.0,"gold_gain":0.0,"cards_transformed":["Defend_G","Defend_G"],"event_name":"Drug Dealer","player_choice":"Became Test Subject","floor":30.0,"gold_loss":0.0,"damage_taken":0.0,"cards_obtained":["After Image","Slice"]},{"damage_healed":0,"gold_gain":0,"player_choice":"2 cards matched","damage_taken":0,"max_hp_gain":0,"max_hp_loss":0,"event_name":"Match and Keep!","floor":39,"gold_loss":0,"cards_obtained":["Neutralize","Unload"]},{"damage_healed":0,"gold_gain":0,"player_choice":"Fight","damage_taken":0,"max_hp_gain":0,"max_hp_loss":0,"event_name":"Mysterious Sphere","floor":46,"gold_loss":0}],"is_beta":false,"boss_relics":[{"not_picked":["Runic Dome","Fusion Hammer"],"picked":"Empty Cage"},{"not_picked":["Sozu","Tiny House"],"picked":"Black Star"}],"items_purged_floors":[14,21],"is_endless":false,"potions_floor_spawned":[1,3,4,10,18,19,23,25,36,38,41],"ascension_level":2}}