{"host":"w3x3n9s6mrz4xpf0","time":1607834286,"event":{"mods":["BaseMod","Minty Spire (QoL Compilation)","StSLib","SuperFastMode"],"gold_per_floor":[115,85,102,121,136,168,168,203,238,250,296,308,339,362,374,463,475,504,534,559,269,269,269,269,269,296,306,17,35,35,55,55,129,129,149,167,42,60,76,105,119,137,184,203,213,225,255,271,271,271],"floor_reached":51,"playtime":2471,"items_purged":["Corruption","Bash","Armaments+1"],"score":1707,"play_id":"35203fc5-914e-4339-ac97-7763ad44fe00","local_time":"20201213133806","is_ascension_mode":true,"campfire_choices":[{"data":"Battle Trance","floor":7.0,"key":"SMITH"},{"data":"Armaments","floor":12.0,"key":"SMITH"},{"data":"Flex","floor":15.0,"key":"SMITH"},{"data":"Evolve","floor":23.0,"key":"SMITH"},{"data":"Rage","floor":25.0,"key":"SMITH"},{"data":"Apotheosis","floor":30.0,"key":"SMITH"},{"floor":32,"key":"REST"},{"floor":49,"key":"REST"}],"circlet_count":0,"master_deck":["AscendersBane","Battle Trance+1","Headbutt+1","Rage+1","Flex+1","Limit Break","Sentinel","Reckless Charge","Exhume","Limit Break","Uppercut","Double Tap","Evolve+1","Second Wind","Shrug It Off","Impervious","Impervious","RitualDagger+1","Sword Boomerang","Apotheosis+1","Exhume","Dual Wield"],"relics":["Burning Blood","Unceasing Top","Strawberry","MawBank","MealTicket","Oddly Smooth Stone","Pandora\u0027s Box","DollysMirror","Happy Flower","Runic Pyramid","Whetstone","Juzu Bracelet","Art of War"],"acts_visited":["Exordium","TheCity","TheBeyond"],"potions_floor_usage":[50],"damage_taken":[{"damage":12.0,"enemies":"Small Slimes","floor":1.0,"turns":4.0},{"damage":6.0,"enemies":"Cultist","floor":3.0,"turns":3.0},{"damage":1.0,"enemies":"2 Louse","floor":4.0,"turns":2.0},{"damage":10.0,"enemies":"Exordium Wildlife","floor":5.0,"turns":5.0},{"damage":14.0,"enemies":"3 Sentries","floor":6.0,"turns":9.0},{"damage":50.0,"enemies":"Lagavulin","floor":8.0,"turns":8.0},{"damage":48.0,"enemies":"Gremlin Nob","floor":11.0,"turns":5.0},{"damage":5.0,"enemies":"3 Louse","floor":13.0,"turns":4.0},{"damage":10.0,"enemies":"Blue Slaver","floor":14.0,"turns":4.0},{"damage":30.0,"enemies":"The Guardian","floor":16.0,"turns":12.0},{"damage":6.0,"enemies":"Chosen","floor":18.0,"turns":6.0},{"damage":13.0,"enemies":"2 Thieves","floor":19.0,"turns":4.0},{"damage":27.0,"enemies":"Snecko","floor":20.0,"turns":7.0},{"damage":29.0,"enemies":"Snake Plant","floor":27.0,"turns":7.0},{"damage":21.0,"enemies":"Centurion and Healer","floor":29.0,"turns":5.0},{"damage":21,"enemies":"Sentry and Sphere","floor":31,"turns":5},{"damage":19,"enemies":"Champ","floor":33,"turns":7},{"damage":25,"enemies":"3 Shapes","floor":35,"turns":5},{"damage":4,"enemies":"3 Darklings","floor":36,"turns":2},{"damage":3,"enemies":"Maw","floor":38,"turns":5},{"damage":0,"enemies":"Transient","floor":39,"turns":5},{"damage":22,"enemies":"Giant Head","floor":40,"turns":5},{"damage":36,"enemies":"Writhing Mass","floor":41,"turns":4},{"damage":4,"enemies":"Spire Growth","floor":42,"turns":3},{"damage":0,"enemies":"Maw","floor":44,"turns":2},{"damage":0,"enemies":"Jaw Worm Horde","floor":45,"turns":2},{"damage":0,"enemies":"Transient","floor":46,"turns":5},{"damage":0,"enemies":"Nemesis","floor":47,"turns":3},{"damage":11,"enemies":"Sphere and 2 Shapes","floor":48,"turns":5},{"damage":0,"enemies":"Awakened One","floor":50,"turns":4}],"seed_played":"5243830489773176760","potions_obtained":[{"floor":2.0,"key":"BlessingOfTheForge"},{"floor":2.0,"key":"Ancient Potion"},{"floor":5.0,"key":"Regen Potion"},{"floor":8.0,"key":"SpeedPotion"},{"floor":14.0,"key":"Ancient Potion"},{"floor":19.0,"key":"Fruit Juice"},{"floor":20.0,"key":"Fruit Juice"},{"floor":31,"key":"BlessingOfTheForge"},{"floor":38,"key":"PowerPotion"},{"floor":42,"key":"BloodPotion"}],"is_trial":false,"path_per_floor":["M","?","M","M","M","E","R","E","T","?","E","R","M","M","R","B",null,"M","M","M","$","?","R","?","R","T","M","$","M","R","M","R","B",null,"M","M","$","M","M","E","M","M","T","M","M","M","E","M","R","B",null],"character_chosen":"IRONCLAD","items_purchased":["Impervious","DollysMirror","Apotheosis"],"campfire_rested":2,"item_purchase_floors":[21,21,28],"current_hp_per_floor":[45,45,45,50,46,60,60,16,16,87,45,45,46,42,42,18,70,70,68,52,67,67,67,61,61,61,38,53,38,38,23,52,39,83,64,66,81,84,90,74,44,46,46,52,58,64,70,65,94,97],"gold":271,"neow_bonus":"ONE_RARE_RELIC","is_daily":false,"chose_seed":false,"campfire_upgraded":6,"win_rate":0.0,"timestamp":1607834286,"path_taken":["M","?","M","M","?","E","R","E","T","?","E","R","M","M","R","BOSS","M","M","M","$","?","R","?","R","T","M","?","M","R","M","R","BOSS","M","M","$","M","M","E","M","M","T","M","M","M","E","M","R","BOSS"],"items_purchased_type":["Card","Relic","Card"],"build_version":"2020-11-30","purchased_purges":3,"victory":true,"max_hp_per_floor":[80,80,80,80,80,87,87,87,87,87,87,87,87,87,87,87,87,87,92,97,97,97,97,97,97,97,97,97,97,97,97,97,97,97,97,97,97,97,97,97,97,97,97,97,97,97,97,97,97,97],"card_choices":[{"not_picked":["Heavy Blade","Dark Embrace"],"picked":"Battle Trance","floor":1.0},{"not_picked":["Iron Wave","Twin Strike"],"picked":"Headbutt","floor":3.0},{"not_picked":["Clash","Twin Strike"],"picked":"Rage","floor":4.0},{"not_picked":["Iron Wave","Ghostly Armor","Pommel Strike"],"picked":"SKIP","floor":5.0},{"not_picked":["Infernal Blade","Pommel Strike"],"picked":"Seeing Red","floor":6.0},{"not_picked":["Dual Wield","True Grit"],"picked":"Armaments","floor":8.0},{"not_picked":["Clash","Shockwave","Twin Strike"],"picked":"SKIP","floor":11.0},{"not_picked":["Infernal Blade","True Grit"],"picked":"Flex","floor":13.0},{"not_picked":["Heavy Blade","Perfected Strike","Infernal Blade"],"picked":"SKIP","floor":14.0},{"not_picked":["Exhume","Impervious"],"picked":"Limit Break","floor":16.0},{"not_picked":["Evolve","Headbutt+1","Intimidate"],"picked":"SKIP","floor":18.0},{"not_picked":["Body Slam","Iron Wave+1"],"picked":"Shrug It Off","floor":19.0},{"not_picked":["Thunderclap","Body Slam","True Grit"],"picked":"SKIP","floor":20.0},{"not_picked":["Sever Soul+1","Headbutt"],"picked":"Sword Boomerang","floor":27.0},{"not_picked":["Cleave","Warcry","Anger"],"picked":"SKIP","floor":29.0},{"not_picked":["Bloodletting","Perfected Strike"],"picked":"Exhume","floor":31},{"not_picked":["Cleave+1","Burning Pact+1","Dropkick"],"picked":"SKIP","floor":35},{"not_picked":["Shrug It Off","Dark Embrace","Havoc+1"],"picked":"SKIP","floor":36},{"not_picked":["Shrug It Off","Dark Embrace","Havoc+1"],"picked":"SKIP","floor":36},{"not_picked":["True Grit","Heavy Blade","Warcry+1"],"picked":"SKIP","floor":38},{"not_picked":["Reckless Charge","Anger","Cleave"],"picked":"SKIP","floor":39},{"not_picked":["Perfected Strike","Immolate","Flex+1"],"picked":"SKIP","floor":40},{"not_picked":["Second Wind","Battle Trance+1","Havoc"],"picked":"SKIP","floor":41},{"not_picked":["Body Slam","Heavy Blade+1","Perfected Strike"],"picked":"SKIP","floor":42},{"not_picked":["Warcry","Heavy Blade","Thunderclap"],"picked":"SKIP","floor":44},{"not_picked":["True Grit","Body Slam"],"picked":"Dual Wield","floor":45},{"not_picked":["Heavy Blade+1","Perfected Strike+1","Reckless Charge"],"picked":"SKIP","floor":46},{"not_picked":["Anger","Carnage","Entrench+1"],"picked":"SKIP","floor":47},{"not_picked":["Anger","Carnage","Entrench+1"],"picked":"SKIP","floor":47},{"not_picked":["Iron Wave","Warcry","Havoc"],"picked":"SKIP","floor":48}],"player_experience":59394,"relics_obtained":[{"floor":6.0,"key":"Strawberry"},{"floor":8.0,"key":"MawBank"},{"floor":9.0,"key":"MealTicket"},{"floor":11.0,"key":"Oddly Smooth Stone"},{"floor":26.0,"key":"Happy Flower"},{"floor":40,"key":"Whetstone"},{"floor":43,"key":"Juzu Bracelet"},{"floor":47,"key":"Art of War"}],"event_choices":[{"damage_healed":0.0,"max_hp_gain":0.0,"max_hp_loss":0.0,"gold_gain":0.0,"event_name":"The Woman in Blue","player_choice":"Bought 2 Potions","floor":2.0,"gold_loss":0.0,"damage_taken":0.0},{"cards_removed":["Seeing Red"],"damage_healed":71.0,"max_hp_gain":0.0,"max_hp_loss":0.0,"gold_gain":0.0,"event_name":"Bonfire Elementals","player_choice":"Offered Uncommon","floor":10.0,"gold_loss":0.0,"damage_taken":0.0},{"damage_healed":0.0,"max_hp_gain":0.0,"max_hp_loss":0.0,"gold_gain":0.0,"event_name":"Ghosts","player_choice":"Ignored","floor":22.0,"gold_loss":0.0,"damage_taken":0.0},{"damage_healed":0.0,"max_hp_gain":0.0,"max_hp_loss":0.0,"gold_gain":0.0,"event_name":"Nest","player_choice":"Joined the Cult","floor":24.0,"gold_loss":0.0,"damage_taken":6.0,"cards_obtained":["RitualDagger"]}],"is_beta":false,"boss_relics":[{"not_picked":["Sozu","Black Blood"],"picked":"Pandora\u0027s Box"},{"not_picked":["Snecko Eye","Tiny House"],"picked":"Runic Pyramid"}],"items_purged_floors":[21,28,37],"is_endless":false,"potions_floor_spawned":[3,4,5,8,14,19,20,31,38,40,42,46,48],"ascension_level":13}}