{"host":"vdpaduzlq0qlaikq","time":1607875427,"event":{"mods":["AchievementEnabler","BaseMod","Better Third Choice","BetterRewards","Colored Map","Downfall","Gold Saver","Hermit","Jorbs\u0027s Wanderer Trilogy","Minty Spire (QoL Compilation)","Relic Filter","Spicy Shops","StSLib","The Necromancer"],"gold_per_floor":[118,137,137,137,137,155,155,169,193,193,204,204,237,250,250,348,348,368,384,384,384,191,191,205,205,205],"floor_reached":25,"playtime":1378,"items_purged":["Strike_G","Defend_G"],"score":423,"play_id":"068e9c0e-a908-4082-921c-fd6bb1f6631d","local_time":"20201213140347","is_ascension_mode":true,"campfire_choices":[{"data":"Cloak And Dagger","floor":10,"key":"SMITH"},{"floor":15,"key":"RECALL"},{"data":"Footwork","floor":23,"key":"SMITH"}],"circlet_count":0,"master_deck":["Strike_G","Strike_G","Strike_G","Defend_G","Defend_G","Defend_G","Survivor","Neutralize","Footwork+1","Cloak And Dagger","Terror","Cloak And Dagger+1","Bouncing Flask","Backflip","Burst","Cloak And Dagger+1","Deadly Poison+1","Blade Dance","Escape Plan+1"],"relics":["Ring of the Snake","Pantograph","Sling","Ancient Tea Set","White Beast Statue","Eternal Feather","Smiling Mask","Meat on the Bone","Toy Ornithopter","Spirit Poop","Nunchaku"],"acts_visited":["Exordium","TheCity"],"potions_floor_usage":[8,13,13,13,13,13,13,13,13,16,16,18,19,24,24],"damage_taken":[{"damage":0,"enemies":"2 Louse","floor":1,"turns":3},{"damage":0,"enemies":"Jaw Worm","floor":2,"turns":6},{"damage":1,"enemies":"Small Slimes","floor":6,"turns":6},{"damage":17,"enemies":"Exordium Thugs","floor":8,"turns":5},{"damage":0,"enemies":"Red Slaver","floor":11,"turns":3},{"damage":7,"enemies":"Gremlin Nob","floor":13,"turns":3},{"damage":16,"enemies":"Blue Slaver","floor":14,"turns":4},{"damage":50,"enemies":"The Guardian","floor":16,"turns":11},{"damage":27,"enemies":"Chosen","floor":18,"turns":7},{"damage":13,"enemies":"Shell Parasite","floor":19,"turns":6},{"damage":0,"enemies":"3 Cultists","floor":24,"turns":4},{"damage":66,"enemies":"Gremlin Leader","floor":25,"turns":5}],"seed_played":"3564715651212875096","potions_obtained":[{"floor":1,"key":"PowerPotion"},{"floor":2,"key":"EntropicBrew"},{"floor":6,"key":"ColorlessPotion"},{"floor":8,"key":"Strength Potion"},{"floor":11,"key":"EntropicBrew"},{"floor":13,"key":"SteroidPotion"},{"floor":16,"key":"Weak Potion"},{"floor":18,"key":"SpeedPotion"},{"floor":19,"key":"CunningPotion"},{"floor":24,"key":"sneckomod:MuddlingPotion"}],"is_trial":false,"path_per_floor":["M","M","$","?","?","M","?","M","T","R","M","T","E","M","R","B",null,"M","M","?","?","$","R","M","E"],"character_chosen":"THE_SILENT","items_purchased":["Pantograph","Sling","Ancient Tea Set","White Beast Statue","Footwork","Eternal Feather","Blade Dance","Nunchaku"],"campfire_rested":0,"item_purchase_floors":[0,0,0,0,0,0,22,22],"current_hp_per_floor":[63,63,63,63,56,55,55,38,38,44,44,44,46,42,51,32,61,39,43,43,43,43,52,62,0,0],"gold":205,"neow_bonus":"","is_daily":false,"chose_seed":false,"campfire_upgraded":2,"win_rate":0.0,"timestamp":1607875427,"path_taken":["M","M","$","?","?","M","?","M","T","R","M","?","E","M","R","BOSS","M","M","?","?","$","R","M","E"],"items_purchased_type":["Relic","Relic","Relic","Relic","Card","Relic","Card","Relic"],"build_version":"2020-11-30","purchased_purges":2,"victory":false,"max_hp_per_floor":[70,70,70,70,70,70,70,70,70,70,70,70,70,70,70,70,70,70,70,70,70,70,70,70,70,70],"card_choices":[{"not_picked":["Outmaneuver","Deflect"],"picked":"Cloak And Dagger","floor":1},{"not_picked":["Riddle With Holes","Calculated Gamble"],"picked":"Terror","floor":2},{"not_picked":["Dagger Spray","Sucker Punch"],"picked":"Cloak And Dagger","floor":6},{"not_picked":["Night Terror","Dagger Spray","Riddle With Holes"],"picked":"SKIP","floor":8},{"not_picked":["Dash","Bouncing Flask"],"picked":"Backflip","floor":11},{"not_picked":["Escape Plan","Flechettes","Quick Slash"],"picked":"SKIP","floor":13},{"not_picked":["Sucker Punch","Dagger Throw","Dash"],"picked":"SKIP","floor":14},{"not_picked":["Envenom","Grand Finale"],"picked":"Burst","floor":16},{"not_picked":["PiercingWail+1","Backstab"],"picked":"Cloak And Dagger+1","floor":18},{"not_picked":["Bane","PiercingWail"],"picked":"Deadly Poison+1","floor":19},{"not_picked":["Prepared","Predator+1"],"picked":"Escape Plan+1","floor":24}],"player_experience":487796,"relics_obtained":[{"floor":12,"key":"Meat on the Bone"},{"floor":13,"key":"Toy Ornithopter"}],"event_choices":[{"damage_healed":0,"gold_gain":0,"player_choice":"Box","damage_taken":0,"relics_obtained":["Smiling Mask"],"max_hp_gain":0,"max_hp_loss":0,"event_name":"Big Fish","floor":4,"gold_loss":0,"cards_obtained":["Regret"]},{"cards_removed":["Strike_G"],"damage_healed":0,"gold_gain":0,"player_choice":"Card Removal","damage_taken":7,"max_hp_gain":0,"max_hp_loss":0,"event_name":"Golden Wing","floor":5,"gold_loss":0},{"damage_healed":0,"gold_gain":0,"cards_transformed":["Defend_G"],"player_choice":"Change","damage_taken":0,"max_hp_gain":0,"max_hp_loss":0,"event_name":"Living Wall","floor":7,"gold_loss":0,"cards_obtained":["Bouncing Flask"]},{"damage_healed":0,"gold_gain":0,"player_choice":"Ignored","damage_taken":0,"max_hp_gain":0,"max_hp_loss":0,"event_name":"Ghosts","floor":20,"gold_loss":0},{"cards_removed":["Regret"],"damage_healed":0,"gold_gain":0,"player_choice":"Offered Curse","damage_taken":0,"relics_obtained":["Spirit Poop"],"max_hp_gain":0,"max_hp_loss":0,"event_name":"Bonfire Elementals","floor":21,"gold_loss":0}],"is_beta":false,"boss_relics":[{"not_picked":["Fusion Hammer","Runic Dome","Ectoplasm"]}],"items_purged_floors":[0,0],"is_endless":false,"potions_floor_spawned":[1,2,6,8,11,13,14,16,18,19,24],"killed_by":"Gremlin Leader","ascension_level":8}}