{"host":"vdpaduzlq0qlaikq","time":1607880166,"event":{"mods":["AchievementEnabler","BaseMod","Better Third Choice","BetterRewards","Colored Map","Downfall","Gold Saver","Hermit","Jorbs\u0027s Wanderer Trilogy","Minty Spire (QoL Compilation)","Relic Filter","Spicy Shops","StSLib","The Necromancer"],"gold_per_floor":[289,289,289,344,344,344,381,441,441,441,506,122,122,139,139,259,259,321,384,384,423,201,258,258,82,82,82,138,98,98,98,98,98,98],"floor_reached":33,"playtime":3155,"items_purged":["Regret","Decay"],"score":273,"play_id":"888e3821-6c09-4dcd-bde5-2df49b6894bd","local_time":"20201213152246","is_ascension_mode":false,"campfire_choices":[{"data":"HandOfGreed","floor":6.0,"key":"SMITH"},{"data":"Neutralize","floor":10.0,"key":"SMITH"},{"data":"Accuracy","floor":13.0,"key":"SMITH"},{"floor":15.0,"key":"REST"},{"floor":27,"key":"RECALL"},{"floor":30,"key":"REST"},{"floor":32,"key":"REST"}],"circlet_count":0,"master_deck":["Strike_G","Strike_G+1","Strike_G","Strike_G+1","Strike_G","Defend_G","Defend_G","Defend_G","Defend_G","Defend_G","Survivor","Neutralize+1","HandOfGreed+1","Outmaneuver","All Out Attack","Accuracy+1","Dodge and Roll","Venomology","Escape Plan+1","Backstab","Bullet Time","Accuracy","Accuracy"],"relics":["Ring of the Snake","Strawberry","Paper Crane","Ninja Scroll","HandDrill","WristBlade","Boot","Bronze Scales","TheAbacus","Whetstone"],"acts_visited":["Exordium","TheCity"],"potions_floor_usage":[23,23,23,28,33,33],"damage_taken":[{"damage":7.0,"enemies":"2 Louse","floor":1.0,"turns":3.0},{"damage":3.0,"enemies":"Small Slimes","floor":4.0,"turns":6.0},{"damage":6.0,"enemies":"Cultist","floor":7.0,"turns":4.0},{"damage":4.0,"enemies":"Large Slime","floor":8.0,"turns":6.0},{"damage":7.0,"enemies":"Gremlin Gang","floor":11.0,"turns":5.0},{"damage":2.0,"enemies":"Looter","floor":14.0,"turns":2.0},{"damage":45.0,"enemies":"Hexaghost","floor":16.0,"turns":15.0},{"damage":23.0,"enemies":"3 Byrds","floor":18.0,"turns":6.0},{"damage":0.0,"enemies":"2 Thieves","floor":19.0,"turns":4.0},{"damage":18.0,"enemies":"Centurion and Healer","floor":21.0,"turns":7.0},{"damage":18,"enemies":"Slavers","floor":23,"turns":5},{"damage":7,"enemies":"Book of Stabbing","floor":28,"turns":5},{"damage":77,"enemies":"Champ","floor":33,"turns":15}],"seed_played":"4305833474524617990","potions_obtained":[{"floor":4.0,"key":"BlessingOfTheForge"},{"floor":5.0,"key":"Strength Potion"},{"floor":5.0,"key":"hexamod:EctoCoolerPotion"},{"floor":7.0,"key":"EssenceOfSteel"},{"floor":11.0,"key":"Dexterity Potion"},{"floor":16.0,"key":"SneckoOil"},{"floor":19.0,"key":"Dexterity Potion"},{"floor":23,"key":"DuplicationPotion"}],"is_trial":false,"path_per_floor":["M","?","?","M","?","R","M","M","T","R","M","$","R","M","R","B",null,"M","M","?","M","$","E","?","$","T","R","E","$","R","?","R","B"],"character_chosen":"THE_SILENT","items_purchased":["Ninja Scroll","HandDrill","Boot","Bullet Time","TheAbacus","Accuracy"],"campfire_rested":3,"item_purchase_floors":[12,12,22,22,25,29],"current_hp_per_floor":[56,63,63,60,60,60,54,50,50,50,43,43,43,41,62,17,70,47,47,70,52,52,34,34,34,34,34,27,27,48,48,69,0,0],"gold":98,"neow_bonus":"RANDOM_COLORLESS_2","is_daily":false,"chose_seed":false,"campfire_upgraded":3,"win_rate":0.0,"timestamp":1607880166,"path_taken":["M","?","?","?","?","R","M","?","T","R","M","$","R","M","R","BOSS","M","M","?","M","$","E","?","$","T","R","E","?","R","?","R","BOSS"],"items_purchased_type":["Relic","Relic","Relic","Card","Relic","Card"],"build_version":"2020-11-30","purchased_purges":2,"victory":false,"max_hp_per_floor":[63,70,70,70,70,70,70,70,70,70,70,70,70,70,70,70,70,70,70,70,70,70,70,70,70,70,70,70,70,70,70,70,70,70],"card_choices":[{"not_picked":["Violence","Panache"],"picked":"HandOfGreed","floor":0.0},{"not_picked":["Deadly Poison","Quick Slash","Skewer"],"picked":"SKIP","floor":1.0},{"not_picked":["Crippling Poison","Sucker Punch","Setup"],"picked":"SKIP","floor":4.0},{"not_picked":["Dagger Throw","Poisoned Stab"],"picked":"Outmaneuver","floor":7.0},{"not_picked":["Bane","Dagger Throw"],"picked":"All Out Attack","floor":8.0},{"not_picked":["Blur","Dagger Spray"],"picked":"Accuracy","floor":11.0},{"not_picked":["Prepared","Expertise"],"picked":"Dodge and Roll","floor":14.0},{"not_picked":["Doppelganger","Unload"],"picked":"Venomology","floor":16.0},{"not_picked":["Quick Slash","Dagger Throw"],"picked":"Escape Plan+1","floor":18.0},{"not_picked":["Slice","Dagger Spray+1"],"picked":"Backstab","floor":19.0},{"not_picked":["Bouncing Flask+1","Distraction","Quick Slash"],"picked":"SKIP","floor":21.0},{"not_picked":["Dagger Throw","Outmaneuver","Crippling Poison+1"],"picked":"SKIP","floor":23},{"not_picked":["Leg Sweep","Flying Knee"],"picked":"Accuracy","floor":28}],"player_experience":490624,"relics_obtained":[{"floor":9.0,"key":"Paper Crane"},{"floor":23,"key":"Bronze Scales"},{"floor":28,"key":"Whetstone"}],"event_choices":[{"damage_healed":0.0,"max_hp_gain":0.0,"max_hp_loss":0.0,"gold_gain":0.0,"event_name":"Big Fish","player_choice":"Box","floor":2.0,"gold_loss":0.0,"damage_taken":0.0,"relics_obtained":["Strawberry"],"cards_obtained":["Regret"]},{"damage_healed":0.0,"max_hp_gain":0.0,"max_hp_loss":0.0,"gold_gain":0.0,"event_name":"WeMeetAgain","player_choice":"Ignored","floor":3.0,"gold_loss":0.0,"damage_taken":0.0},{"damage_healed":0.0,"max_hp_gain":0.0,"max_hp_loss":0.0,"gold_gain":0.0,"event_name":"Lab","player_choice":"Got Potions","floor":5.0,"gold_loss":0.0,"damage_taken":0.0},{"damage_healed":23.0,"max_hp_gain":0.0,"max_hp_loss":0.0,"gold_gain":0.0,"event_name":"The Library","player_choice":"Heal","floor":20.0,"gold_loss":0.0,"damage_taken":0.0},{"damage_healed":0,"gold_gain":0,"player_choice":"Smashed Altar","damage_taken":0,"max_hp_gain":0,"max_hp_loss":0,"event_name":"Forgotten Altar","floor":24,"gold_loss":0,"cards_obtained":["Decay"]}],"is_beta":false,"boss_relics":[{"not_picked":["Sozu","Cursed Key"],"picked":"WristBlade"}],"items_purged_floors":[22,25],"is_endless":false,"potions_floor_spawned":[4,7,11,16,19,21,23],"killed_by":"Champ","ascension_level":0}}