{"host":"8fup84v061vi31le","time":1607826274,"event":{"mods":["BaseMod","Better Match","Better Third Choice","Minty Spire (QoL Compilation)","Replay The Spire","Shop Mod","StSLib"],"gold_per_floor":[113,65,65,65,85,85,112,37,37,37,90,90,117,143,143,264,264,307,307,339,375,407,407,154,164,164],"floor_reached":25,"playtime":895,"items_purged":["Defend_R","Strike_R"],"score":253,"play_id":"12695cec-c820-49ba-998b-53073bb2ae6b","local_time":"20201213102434","is_ascension_mode":true,"campfire_choices":[{"data":"Anger","floor":6,"key":"SMITH"},{"floor":10,"key":"REST"},{"floor":12,"key":"REST"},{"floor":15,"key":"REST"}],"circlet_count":0,"master_deck":["Strike_R+1","Strike_R","Strike_R+1","Strike_R","Defend_R","Defend_R","Defend_R","Bash","Anger+1","Anger+1","ReplayTheSpireMod:Muscle Training","Clash","Flex","Anger","Demonic Infusion","ReplayTheSpireMod:Muscle Training","Ghostly Armor"],"relics":["Runic Cube","Replay:Bandana","Simple Rune","Mummified Hand","Electric Blood","FaceOfCleric","Red Skull"],"acts_visited":["Exordium","TheCity"],"potions_floor_usage":[16],"damage_taken":[{"damage":11,"enemies":"Cultist","floor":1,"turns":4},{"damage":2,"enemies":"Jaw Worm","floor":5,"turns":3},{"damage":45,"enemies":"Lagavulin","floor":7,"turns":6},{"damage":32,"enemies":"3 Sentries","floor":11,"turns":6},{"damage":1,"enemies":"Small Slimes","floor":13,"turns":2},{"damage":1,"enemies":"Exordium Thugs","floor":14,"turns":2},{"damage":46,"enemies":"Fading Forest","floor":16,"turns":11},{"damage":13,"enemies":"3 Byrds","floor":18,"turns":3},{"damage":16,"enemies":"Chosen","floor":20,"turns":3},{"damage":28,"enemies":"Sentry and Sphere","floor":21,"turns":3},{"damage":18,"enemies":"Centurion and Healer","floor":22,"turns":3},{"damage":14,"enemies":"Snake Plant","floor":25,"turns":1}],"seed_played":"156327944626665221","potions_obtained":[{"floor":7,"key":"Swift Potion"},{"floor":13,"key":"ElixirPotion"},{"floor":14,"key":"Adrenaline Potion"},{"floor":16,"key":"Milkshake"}],"is_trial":false,"path_per_floor":["M","$","?","?","M","R","E","$","T","R","E","R","M","M","R","B",null,"M","?","M","M","M","?","$","M"],"character_chosen":"IRONCLAD","items_purchased":["Anger","Red Skull"],"campfire_rested":3,"item_purchase_floors":[2,24],"current_hp_per_floor":[69,69,80,80,78,78,33,33,33,57,25,49,48,47,71,47,80,67,67,52,25,8,8,8,0,0],"gold":164,"neow_bonus":"BOSS_RELIC","is_daily":false,"chose_seed":false,"campfire_upgraded":1,"win_rate":0.0,"timestamp":1607826274,"path_taken":["M","?","?","?","?","R","E","?","T","R","E","R","M","?","R","BOSS","M","?","?","M","M","?","?","M"],"items_purchased_type":["Card","Relic"],"build_version":"2020-11-30","purchased_purges":2,"victory":false,"max_hp_per_floor":[80,80,80,80,80,80,80,80,80,80,80,80,80,80,80,80,80,80,80,81,82,83,83,83,83,83],"card_choices":[{"not_picked":["Sword Boomerang","True Grit","Body Slam"],"picked":"SKIP","floor":1},{"not_picked":["ReplayTheSpireMod:Stacked","Perfected Strike"],"picked":"Anger","floor":5},{"not_picked":["ReplayTheSpireMod:LeadingStrike","Limit Break"],"picked":"ReplayTheSpireMod:Muscle Training","floor":7},{"not_picked":["ReplayTheSpireMod:Corrosion Curse","True Grit"],"picked":"Clash","floor":11},{"not_picked":["Seeing Red","Sword Boomerang"],"picked":"Flex","floor":13},{"not_picked":["Infernal Blade","Rage"],"picked":"Anger","floor":14},{"not_picked":["Limit Break","Fiend Fire"],"picked":"Demonic Infusion","floor":16},{"not_picked":["Havoc","Twin Strike"],"picked":"ReplayTheSpireMod:Muscle Training","floor":18},{"not_picked":["Heavy Blade+1","Headbutt","Armaments"],"picked":"SKIP","floor":20},{"not_picked":["ReplayTheSpireMod:Strike From Hell","Clothesline","Shrug It Off"],"picked":"SKIP","floor":21},{"not_picked":["Whirlwind","Run Through"],"picked":"Ghostly Armor","floor":22}],"player_experience":71451,"relics_obtained":[{"floor":7,"key":"Replay:Bandana"},{"floor":9,"key":"Simple Rune"},{"floor":11,"key":"Mummified Hand"}],"event_choices":[{"damage_healed":26,"gold_gain":0,"player_choice":"Banana","damage_taken":0,"max_hp_gain":0,"max_hp_loss":0,"event_name":"Big Fish","floor":3,"gold_loss":0},{"damage_healed":0,"gold_gain":0,"player_choice":"Forge","damage_taken":0,"max_hp_gain":0,"max_hp_loss":0,"event_name":"Accursed Blacksmith","floor":4,"gold_loss":0,"cards_upgraded":["Anger"]},{"damage_healed":0,"gold_gain":0,"player_choice":"Trade","damage_taken":0,"relics_obtained":["FaceOfCleric"],"max_hp_gain":0,"max_hp_loss":0,"event_name":"FaceTrader","floor":19,"gold_loss":0},{"damage_healed":0,"gold_gain":0,"player_choice":"Ignored","damage_taken":0,"max_hp_gain":0,"max_hp_loss":0,"event_name":"Vampires","floor":23,"gold_loss":0}],"is_beta":false,"boss_relics":[{"not_picked":["Calling Bell","SacredBark"],"picked":"Electric Blood"}],"items_purged_floors":[8,24],"is_endless":false,"potions_floor_spawned":[7,13,14,16,18],"killed_by":"Snake Plant","ascension_level":4}}