{"host":"cx72hbz6x0kxjg15","time":1607890867,"event":{"mods":["Aspiration","BaseMod","BetterRewards","Colored Map","Downfall","Friendly Minions","Hubris","Minty Spire (QoL Compilation)","Relic Sorter","Relic Stats","Replay The Spire","StSLib","vexMod"],"gold_per_floor":[118,98,115,115,133,159,177,205,205,205,231,243,265,352,364,431,443,470,482,513,536,548,593,288,323,323,352,405,472,525,570,570,718,718,755,186,228,290,348,348,413,476,503,584,584,680,760,799,799,849,849,849,159,235,277,277],"floor_reached":55,"playtime":2152,"items_purged":["Strike_R","Strike_R","Strike_R","Defend_R"],"score":1134,"play_id":"4dd22a86-d6f9-48c1-b41b-43980846d49a","local_time":"20201213212107","is_ascension_mode":true,"campfire_choices":[{"data":"Hemokinesis","floor":10,"key":"SMITH"},{"data":"Replay:Many Hands","floor":15,"key":"SMITH"},{"data":"Hemokinesis","floor":32,"key":"SMITH"},{"data":"ReplayTheSpireMod:Muscle Training","floor":40,"key":"SMITH"},{"floor":45,"key":"RECALL"},{"data":"Bash","floor":49,"key":"SMITH"},{"data":"Strike_R","floor":52,"key":"SMITH"}],"circlet_count":0,"master_deck":["Strike_R","Strike_R+1","Defend_R","Defend_R","Defend_R","Bash+1","ReplayTheSpireMod:Muscle Training+1","Shrug It Off+1","Hemokinesis+1","Hemokinesis+1","Sword Boomerang+1","Replay:Many Hands+1","Combust+1","Inflame+1","ReplayTheSpireMod:Muscle Training+1","Rupture"],"relics":["Burning Blood","hubris:Icosahedron","Replay:Rubber Ducky","hubris:Potato","vexMod:RetaliationKit","MealTicket","TungstenRod","Happy Flower","MawBank","Painkiller Herb","Mirror","Replay:Baseball","Chemical X","ReplayTheSpireMod:Lightbulb","InkBottle","Replay:Bandana","Pet Ghost","vexMod:TanglingVine","Unceasing Top","ReplayTheSpireMod:TigerMarble","Anchor","Orichalcum","Du-Vu Doll","Replay:Mystery Machine","Turnip","aspiration:Lifesprig","Ginger"],"acts_visited":["Exordium","TheCity","TheBeyond","TheEnding"],"potions_floor_usage":[5,6,6,6,8,8,11,25,27,29,33,41,55,55,55],"damage_taken":[{"damage":0,"enemies":"2 Louse","floor":1,"turns":3},{"damage":1,"enemies":"Cultist","floor":3,"turns":4},{"damage":0,"enemies":"Small Slimes","floor":5,"turns":2},{"damage":1,"enemies":"3 Sentries","floor":6,"turns":6},{"damage":5,"enemies":"2 Fungi Beasts","floor":7,"turns":3},{"damage":8,"enemies":"Lagavulin","floor":8,"turns":5},{"damage":8,"enemies":"3 Sentries","floor":11,"turns":4},{"damage":0,"enemies":"Large Slime","floor":13,"turns":4},{"damage":18,"enemies":"The Guardian","floor":16,"turns":8},{"damage":12,"enemies":"3 Byrds","floor":18,"turns":6},{"damage":20,"enemies":"Shell Parasite","floor":20,"turns":3},{"damage":12,"enemies":"Centurion and Healer","floor":21,"turns":4},{"damage":28,"enemies":"Slavers","floor":23,"turns":5},{"damage":1,"enemies":"Book of Stabbing","floor":25,"turns":3},{"damage":5,"enemies":"Replay:Snechameleon","floor":27,"turns":2},{"damage":8,"enemies":"Snake Plant","floor":28,"turns":2},{"damage":19,"enemies":"Slavers","floor":29,"turns":4},{"damage":0,"enemies":"Cultist and Chosen","floor":30,"turns":4},{"damage":0,"enemies":"3 Cultists","floor":31,"turns":3},{"damage":10,"enemies":"Collector","floor":33,"turns":4},{"damage":0,"enemies":"Orb Walker","floor":35,"turns":2},{"damage":0,"enemies":"3 Shapes","floor":37,"turns":2},{"damage":0,"enemies":"Transient","floor":38,"turns":5},{"damage":13,"enemies":"Spire Growth","floor":39,"turns":3},{"damage":5,"enemies":"R_Hoarder","floor":41,"turns":5},{"damage":0,"enemies":"3 Darklings","floor":42,"turns":3},{"damage":8,"enemies":"Giant Head","floor":44,"turns":4},{"damage":10,"enemies":"Mind Bloom Boss Battle","floor":46,"turns":4},{"damage":10,"enemies":"Reptomancer","floor":47,"turns":3},{"damage":22,"enemies":"Jaw Worm Horde","floor":48,"turns":3},{"damage":45,"enemies":"Donu and Deca","floor":50,"turns":5},{"damage":52,"enemies":"Shield and Spear","floor":54,"turns":4},{"damage":39,"enemies":"The Heart","floor":55,"turns":3}],"seed_played":"8195180149102250477","potions_obtained":[{"floor":1,"key":"AttackPotion"},{"floor":2,"key":"Reflective Coating"},{"floor":3,"key":"EntropicBrew"},{"floor":7,"key":"Weak Potion"},{"floor":8,"key":"Explosive Potion"},{"floor":23,"key":"CultistPotion"},{"floor":27,"key":"Fruit Juice"},{"floor":28,"key":"Elixir"},{"floor":29,"key":"Cursed Concoction"},{"floor":30,"key":"Dexterity Potion"},{"floor":39,"key":"champ:CounterPotion"},{"floor":42,"key":"SmokeBomb"},{"floor":44,"key":"Fire Potion"}],"is_trial":false,"path_per_floor":["M","?","M","?","M","E","M","E","T","R","E","?","M","?","R","B",null,"?","?","?","?","?","E","T","E","T","E","?","E","?","?","T","B",null,"?","T","?","?","?","T","E","?","T","E","T","?","E","?","T","B",null,"T","T","E","B"],"character_chosen":"IRONCLAD","items_purchased":["Replay:Rubber Ducky","ReplayTheSpireMod:Muscle Training","Chemical X","Inflame+1","Unceasing Top","ReplayTheSpireMod:TigerMarble","Turnip","aspiration:Lifesprig","PowerPotion","Rupture"],"campfire_rested":0,"item_purchase_floors":[0,0,24,24,36,36,53,53,53,53],"current_hp_per_floor":[44,44,49,49,55,60,61,59,59,59,57,57,63,53,53,41,80,74,74,60,54,54,32,47,52,52,58,56,43,49,55,55,51,85,85,85,85,85,78,78,79,85,85,83,83,79,75,59,59,20,85,85,85,39,0,0],"gold":277,"neow_bonus":"","is_daily":false,"chose_seed":false,"campfire_upgraded":6,"win_rate":0.0,"timestamp":1607890867,"path_taken":["M","?","?","?","?","E","M","E","T","R","E","?","M","?","R","BOSS","?","?","?","?","?","E","T","E","T","E","?","E","?","?","T","BOSS","?","T","?","?","?","T","E","?","T","E","T","?","E","?","T","BOSS","T","T","E","BOSS"],"items_purchased_type":["Relic","Card","Relic","Card","Relic","Relic","Relic","Relic","Potion","Card"],"build_version":"2020-11-30","purchased_purges":4,"victory":false,"max_hp_per_floor":[80,80,80,80,80,80,80,80,80,80,80,80,80,80,80,80,80,80,80,80,80,80,80,80,80,80,85,85,85,85,85,85,85,85,85,85,85,85,85,85,85,85,85,85,85,85,85,85,85,85,85,85,85,85,85,85],"relic_stats":{"Happy Flower":[41],"counters":[135,497],"Ginger":[2],"Orichalcum":[18],"MawBank":156,"Burning Blood":756,"MealTicket":15,"Turnip":[2],"Chemical X":[1],"obtain_stats":[{"Golden Egg":42,"Ginger":0,"vexMod:TanglingVine":34,"Boot":0,"Old Coin":0,"Blood Vial":43,"Replay:Ringing Soul":14,"hubris:HerbalPaste":0,"MealTicket":6,"HandDrill":0,"Replay:Bottled Flurry":40,"Kunai":0,"Blue Candle":0,"ReplayTheSpireMod:Ring of Addiction":2,"Counterbalance":6,"vexMod:GhostlyGear":40,"Bird Faced Urn":0,"MutagenicStrength":29,"Mark of Pain":0,"Unceasing Top":36,"hubris:Metronome":26,"aspiration:Lifesprig":53,"Torii":0,"Magic Flower":26,"Painkiller Herb":17,"Replay:Multitool":0,"hubris:EmptyBottle":2,"Cursed Key":17,"Burning Blood":0,"Pet Ghost":22,"Replay:Rubber Ducky":0,"BranchBurnRelic":47,"Matryoshka":0,"Shovel":0,"hubris:CuriousFeather":0,"Chemical X":24,"hubris:ChampionShield":34,"InkBottle":0,"Ring of the Snake":20,"Self Forming Clay":0,"Golden Idol":3,"hubris:64BitClover":27,"Thread and Needle":0,"The Courier":0,"PreservedInsect":32,"Omamori":9,"Frozen Egg 2":44,"MawBank":0,"Ornamental Fan":41,"Turnip":53,"Champion Belt":0,"ReplayTheSpireMod:Ring of Challenge":12,"ReplayTheSpireMod:Lightbulb":28,"Toy Ornithopter":2,"CeramicFish":28,"Vajra":0,"aspiration:Stabinomicon":27,"Sozu":36,"Centennial Puzzle":0,"Lizard Tail":0,"HornCleat":0,"DollysMirror":0,"Philosopher\u0027s Stone":17,"Toxic Egg 2":25,"vexMod:RetaliationKit":0,"hubris:Teleporter":50,"Happy Flower":43,"vexMod:ScavengeHelm":50,"aspiration:Nostalgia":20,"Dead Branch":46,"Oddly Smooth Stone":24,"vexMod:TimeEaterHat":48,"Charon\u0027s Ashes":9,"Ring of Chaos":36,"War Paint":24,"Du-Vu Doll":46,"OrangePellets":0,"ReplayTheSpireMod:Spearhead":49,"Replay:Baseball":23,"ReplayTheSpireMod:Shallot":0,"Brimstone":0,"Bronze Scales":0,"Molten Egg 2":4,"Simple Rune":20,"hubris:ToyBattleship":8,"ReplayTheSpireMod:TigerMarble":36,"Grinning Jar":45,"ReplayTheSpireMod:DimensionalGlitch":36,"Mirror":19,"ReplayFunnel":41,"Black Blood":34,"Incense Burner":0,"Replay:Mystery Machine":47,"Nunchaku":29,"Replay:Bandana":27,"hubris:Icosahedron":12,"Gambling Chip":0,"Red Mask":0,"Red Skull":0,"Gremlin Food":42,"hubris:DisguiseKit":26,"Replay:WaspNest":25,"Orichalcum":44,"Calling Bell":0,"vexMod:Dragonfruit":9,"Strange Spoon":48,"Anchor":0,"CaptainsWheel":28,"vexMod:BarristanHead":6,"infinitespire:Satchel":11,"Ring of Fury":22,"ChewingGum":17,"Coffee Dripper":19,"Bag of Marbles":21,"vexMod:CursedCompass":34,"Membership Card":24,"FossilizedHelix":0,"hubris:Potato":0,"hubris:OldNail":6,"TungstenRod":8},{"Golden Egg":74,"Ginger":1,"vexMod:TanglingVine":122,"Boot":0,"Old Coin":0,"Blood Vial":74,"Replay:Ringing Soul":84,"hubris:HerbalPaste":27,"MealTicket":106,"HandDrill":53,"Replay:Bottled Flurry":95,"Kunai":0,"Blue Candle":0,"ReplayTheSpireMod:Ring of Addiction":54,"Counterbalance":56,"vexMod:GhostlyGear":21,"Bird Faced Urn":0,"MutagenicStrength":90,"Mark of Pain":0,"Unceasing Top":123,"hubris:Metronome":67,"aspiration:Lifesprig":133,"Torii":27,"Magic Flower":89,"Painkiller Herb":111,"Replay:Multitool":53,"hubris:EmptyBottle":54,"Cursed Key":34,"Burning Blood":0,"Pet Ghost":87,"Replay:Rubber Ducky":102,"BranchBurnRelic":25,"Matryoshka":0,"Shovel":0,"hubris:CuriousFeather":27,"Chemical X":115,"hubris:ChampionShield":18,"InkBottle":0,"Ring of the Snake":63,"Self Forming Clay":0,"Golden Idol":28,"hubris:64BitClover":39,"Thread and Needle":0,"The Courier":0,"PreservedInsect":17,"Omamori":81,"Frozen Egg 2":24,"MawBank":0,"Ornamental Fan":48,"Turnip":133,"Champion Belt":1,"ReplayTheSpireMod:Ring of Challenge":32,"ReplayTheSpireMod:Lightbulb":68,"Toy Ornithopter":54,"CeramicFish":15,"Vajra":78,"aspiration:Stabinomicon":15,"Sozu":19,"Centennial Puzzle":0,"Lizard Tail":0,"HornCleat":0,"DollysMirror":0,"Philosopher\u0027s Stone":62,"Toxic Egg 2":38,"vexMod:RetaliationKit":102,"hubris:Teleporter":52,"Happy Flower":96,"vexMod:ScavengeHelm":52,"aspiration:Nostalgia":63,"Dead Branch":25,"Oddly Smooth Stone":37,"vexMod:TimeEaterHat":51,"Charon\u0027s Ashes":30,"Ring of Chaos":94,"War Paint":66,"Du-Vu Doll":130,"OrangePellets":0,"ReplayTheSpireMod:Spearhead":51,"Replay:Baseball":115,"ReplayTheSpireMod:Shallot":53,"Brimstone":27,"Bronze Scales":0,"Molten Egg 2":28,"Simple Rune":86,"hubris:ToyBattleship":5,"ReplayTheSpireMod:TigerMarble":123,"Grinning Jar":24,"ReplayTheSpireMod:DimensionalGlitch":44,"Mirror":112,"ReplayFunnel":73,"Black Blood":93,"Incense Burner":0,"Replay:Mystery Machine":131,"Nunchaku":40,"Replay:Bandana":117,"hubris:Icosahedron":109,"Gambling Chip":0,"Red Mask":0,"Red Skull":0,"Gremlin Food":49,"hubris:DisguiseKit":67,"Replay:WaspNest":14,"Orichalcum":129,"Calling Bell":0,"vexMod:Dragonfruit":57,"Strange Spoon":25,"Anchor":0,"CaptainsWheel":39,"vexMod:BarristanHead":29,"infinitespire:Satchel":7,"Ring of Fury":12,"ChewingGum":85,"Coffee Dripper":11,"Bag of Marbles":12,"vexMod:CursedCompass":69,"Membership Card":37,"FossilizedHelix":0,"hubris:Potato":78,"hubris:OldNail":80,"TungstenRod":108},{"Golden Egg":262,"Ginger":5,"vexMod:TanglingVine":451,"Boot":0,"Old Coin":0,"Blood Vial":262,"Replay:Ringing Soul":301,"hubris:HerbalPaste":107,"MealTicket":387,"HandDrill":191,"Replay:Bottled Flurry":349,"Kunai":0,"Blue Candle":0,"ReplayTheSpireMod:Ring of Addiction":194,"Counterbalance":205,"vexMod:GhostlyGear":91,"Bird Faced Urn":0,"MutagenicStrength":327,"Mark of Pain":0,"Unceasing Top":453,"hubris:Metronome":236,"aspiration:Lifesprig":490,"Torii":107,"Magic Flower":323,"Painkiller Herb":411,"Replay:Multitool":191,"hubris:EmptyBottle":194,"Cursed Key":125,"Burning Blood":0,"Pet Ghost":316,"Replay:Rubber Ducky":372,"BranchBurnRelic":100,"Matryoshka":0,"Shovel":0,"hubris:CuriousFeather":107,"Chemical X":429,"hubris:ChampionShield":81,"InkBottle":0,"Ring of the Snake":226,"Self Forming Clay":0,"Golden Idol":109,"hubris:64BitClover":140,"Thread and Needle":0,"The Courier":0,"PreservedInsect":78,"Omamori":287,"Frozen Egg 2":98,"MawBank":0,"Ornamental Fan":171,"Turnip":490,"Champion Belt":5,"ReplayTheSpireMod:Ring of Challenge":120,"ReplayTheSpireMod:Lightbulb":239,"Toy Ornithopter":194,"CeramicFish":72,"Vajra":275,"aspiration:Stabinomicon":72,"Sozu":87,"Centennial Puzzle":0,"Lizard Tail":0,"HornCleat":0,"DollysMirror":0,"Philosopher\u0027s Stone":222,"Toxic Egg 2":136,"vexMod:RetaliationKit":372,"hubris:Teleporter":187,"Happy Flower":351,"vexMod:ScavengeHelm":187,"aspiration:Nostalgia":226,"Dead Branch":100,"Oddly Smooth Stone":133,"vexMod:TimeEaterHat":183,"Charon\u0027s Ashes":113,"Ring of Chaos":344,"War Paint":233,"Du-Vu Doll":479,"OrangePellets":0,"ReplayTheSpireMod:Spearhead":183,"Replay:Baseball":429,"ReplayTheSpireMod:Shallot":191,"Brimstone":107,"Bronze Scales":0,"Molten Egg 2":109,"Simple Rune":311,"hubris:ToyBattleship":28,"ReplayTheSpireMod:TigerMarble":453,"Grinning Jar":98,"ReplayTheSpireMod:DimensionalGlitch":158,"Mirror":417,"ReplayFunnel":258,"Black Blood":341,"Incense Burner":0,"Replay:Mystery Machine":482,"Nunchaku":144,"Replay:Bandana":434,"hubris:Icosahedron":399,"Gambling Chip":0,"Red Mask":0,"Red Skull":0,"Gremlin Food":175,"hubris:DisguiseKit":236,"Replay:WaspNest":69,"Orichalcum":475,"Calling Bell":0,"vexMod:Dragonfruit":207,"Strange Spoon":100,"Anchor":0,"CaptainsWheel":140,"vexMod:BarristanHead":111,"infinitespire:Satchel":38,"Ring of Fury":64,"ChewingGum":308,"Coffee Dripper":60,"Bag of Marbles":64,"vexMod:CursedCompass":242,"Membership Card":133,"FossilizedHelix":0,"hubris:Potato":275,"hubris:OldNail":283,"TungstenRod":395}],"TungstenRod":87,"InkBottle":[44],"Unceasing Top":[17]},"card_choices":[{"not_picked":["Thunderclap","ReplayTheSpireMod:Strike From Hell","Anger"],"picked":"SKIP","floor":1},{"not_picked":["Clothesline","hubris:CleavingFinish"],"picked":"Shrug It Off","floor":3},{"not_picked":["Spot Weakness","Dropkick"],"picked":"Hemokinesis","floor":5},{"not_picked":["Flame Barrier","Warcry"],"picked":"Hemokinesis","floor":6},{"not_picked":["Cleave","Headbutt","Entrench"],"picked":"SKIP","floor":7},{"not_picked":["Iron Wave","Run Through"],"picked":"Sword Boomerang","floor":8},{"not_picked":["ReplayTheSpireMod:Muscle Training","Iron Wave"],"picked":"Replay:Many Hands","floor":11},{"not_picked":["Iron Wave","Headbutt","Flame Barrier"],"picked":"SKIP","floor":13},{"not_picked":["Shockwave","hubris:ReadiedAction","ReplayReversal"],"picked":"SKIP","floor":18},{"not_picked":["Perfected Strike+1","hubris:ReadiedAction"],"picked":"Combust+1","floor":20},{"not_picked":["Fire Breathing+1","Perfected Strike","Cleave"],"picked":"SKIP","floor":21},{"not_picked":["Clothesline","Shockwave","Hemokinesis"],"picked":"SKIP","floor":23},{"not_picked":["Rage","Run Through+1"],"picked":"ReplayTheSpireMod:Muscle Training+1","floor":25},{"not_picked":["hubris:SharpeningStone","Warcry","Cleave+1"],"picked":"SKIP","floor":27},{"not_picked":["Bloodletting","Iron Wave","Entrench"],"picked":"SKIP","floor":28},{"not_picked":["Warcry","Searing Blow+1","True Grit"],"picked":"SKIP","floor":29},{"not_picked":["ReplayTheSpireMod:Muscle Training","Bloodletting+1","Flex"],"picked":"SKIP","floor":30},{"not_picked":["Ghostly Armor+1","Sword Boomerang+1","hubris:ReadiedAction+1"],"picked":"SKIP","floor":31},{"not_picked":["Havoc","Clash","Wild Strike+1"],"picked":"SKIP","floor":35},{"not_picked":["hubris:ReadiedAction","Havoc+1","hubris:SharpeningStone"],"picked":"SKIP","floor":37},{"not_picked":["Rage+1","Perfected Strike+1","Body Slam+1"],"picked":"SKIP","floor":38},{"not_picked":["Disarm","Metallicize+1","Run Through+1"],"picked":"SKIP","floor":39},{"not_picked":["hubris:ReadiedAction","Carnage","True Grit+1"],"picked":"SKIP","floor":41},{"not_picked":["ReplayTheSpireMod:Muscle Training","Reckless Charge","Fire Breathing+1"],"picked":"SKIP","floor":42},{"not_picked":["Sentinel+1","Abandon+1","Fiend Fire"],"picked":"SKIP","floor":44},{"not_picked":["Ghostly Armor","Dropkick","Burning Pact+1"],"picked":"SKIP","floor":47},{"not_picked":["Twin Strike","Shockwave+1","ReplayTheSpireMod:Strike From Hell+1"],"picked":"SKIP","floor":48},{"not_picked":["Cleave+1","Shrug It Off","Thunderclap+1"],"picked":"SKIP","floor":54}],"player_experience":467952,"relics_obtained":[{"floor":6,"key":"MealTicket"},{"floor":8,"key":"TungstenRod"},{"floor":9,"key":"Happy Flower"},{"floor":11,"key":"MawBank"},{"floor":23,"key":"Replay:Baseball"},{"floor":25,"key":"ReplayTheSpireMod:Lightbulb"},{"floor":26,"key":"InkBottle"},{"floor":27,"key":"Replay:Bandana"},{"floor":29,"key":"Pet Ghost"},{"floor":41,"key":"Anchor"},{"floor":44,"key":"Orichalcum"},{"floor":46,"key":"Du-Vu Doll"},{"floor":47,"key":"Replay:Mystery Machine"},{"floor":54,"key":"Ginger"}],"event_choices":[{"damage_healed":0,"gold_gain":0,"player_choice":"Bought 1 Potion","damage_taken":0,"max_hp_gain":0,"max_hp_loss":0,"event_name":"The Woman in Blue","floor":2,"gold_loss":0},{"damage_healed":0,"gold_gain":0,"player_choice":"Upgraded","damage_taken":0,"max_hp_gain":0,"max_hp_loss":0,"event_name":"Upgrade Shrine","floor":4,"gold_loss":0,"cards_upgraded":["Shrug It Off"]},{"damage_healed":0,"gold_gain":75,"player_choice":"Gather Gold","damage_taken":11,"max_hp_gain":0,"max_hp_loss":0,"event_name":"World of Goop","floor":14,"gold_loss":0},{"damage_healed":0,"gold_gain":0,"player_choice":"Fight","damage_taken":0,"max_hp_gain":0,"max_hp_loss":0,"event_name":"MindBloom","floor":46,"gold_loss":0}],"is_beta":false,"boss_relics":[{"not_picked":["Replay:Ancient Bell","aspiration:WatcherSkillbook"],"picked":"Painkiller Herb"},{"not_picked":["Sozu","vexMod:MysteryBossChallenge"],"picked":"vexMod:TanglingVine"}],"items_purged_floors":[0,24,36,53],"is_endless":false,"potions_floor_spawned":[1,3,7,8,23,27,28,29,30,39,42,44,47,48],"killed_by":"The Heart","ascension_level":1}}