{"host":"4cz9gr89nglr7k8k","time":1607877943,"event":{"mods":["BaseMod","Minty Spire (QoL Compilation)","Relic Stats","Slay-I"],"gold_per_floor":[367,367,34,48,60,60,70,70,70,81,81,41,6,22,22,99,99,99,99,99,99,99,99,99,99,99,99,7,7,7,7,7,7,7],"floor_reached":33,"playtime":796,"items_purged":["Shame"],"score":462,"play_id":"8990637d-db4f-4656-a978-bbb71db0f4b3","local_time":"20201213174543","is_ascension_mode":true,"campfire_choices":[{"floor":6,"key":"REST"},{"data":"Backstab","floor":8,"key":"SMITH"},{"data":"Caltrops","floor":11,"key":"SMITH"},{"floor":15,"key":"REST"},{"floor":23,"key":"REST"},{"floor":25,"key":"REST"},{"floor":32,"key":"REST"}],"circlet_count":0,"master_deck":["AscendersBane","Strike_G","Strike_G","Strike_G","Strike_G","Defend_G+1","Defend_G","Defend_G","Defend_G","Defend_G+1","Survivor","Neutralize","Cloak And Dagger","Backstab+1","Endless Agony","Caltrops+1","Deflect","Blade Dance","Crippling Poison","Cloak And Dagger","Dash","Caltrops","Blade Dance","Die Die Die","Bouncing Flask","Bouncing Flask","Dagger Spray","Distraction","Dramatic Entrance","Decay","Slice","Writhe"],"relics":["Ring of the Snake","Blue Candle","Ectoplasm","War Paint","Shuriken"],"acts_visited":["Exordium","TheCity"],"potions_floor_usage":[27,27,30,30],"damage_taken":[{"damage":12,"enemies":"Jaw Worm","floor":1,"turns":7},{"damage":0,"enemies":"Cultist","floor":4,"turns":3},{"damage":0,"enemies":"Small Slimes","floor":5,"turns":2},{"damage":5,"enemies":"3 Louse","floor":7,"turns":3},{"damage":1,"enemies":"Red Slaver","floor":10,"turns":3},{"damage":5,"enemies":"Exordium Wildlife","floor":14,"turns":3},{"damage":34,"enemies":"Hexaghost","floor":16,"turns":9},{"damage":23,"enemies":"Spheric Guardian","floor":18,"turns":5},{"damage":4,"enemies":"Chosen","floor":20,"turns":3},{"damage":37,"enemies":"Shelled Parasite and Fungi","floor":24,"turns":5},{"damage":20,"enemies":"Cultist and Chosen","floor":27,"turns":8},{"damage":1,"enemies":"Centurion and Healer","floor":30,"turns":3},{"damage":35,"enemies":"Collector","floor":33,"turns":3}],"seed_played":"6948379953738018199","potions_obtained":[{"floor":1,"key":"GhostInAJar"},{"floor":2,"key":"EntropicBrew"},{"floor":27,"key":"DuplicationPotion"}],"is_trial":false,"path_per_floor":["M","?","$","M","M","R","M","R","T","M","R","$","?","M","R","B",null,"M","?","M","?","?","R","M","R","T","M","$","?","M","?","R","B"],"character_chosen":"THE_SILENT","items_purchased":["Backstab","Endless Agony","Caltrops","Deflect","Caltrops","Dramatic Entrance"],"campfire_rested":5,"item_purchase_floors":[3,3,3,3,12,28],"current_hp_per_floor":[47,47,47,47,47,66,61,61,61,60,60,60,66,61,66,32,58,35,35,31,31,31,50,13,32,32,12,12,12,11,11,30,0,0],"gold":7,"neow_bonus":"TWO_FIFTY_GOLD","is_daily":false,"chose_seed":false,"campfire_upgraded":2,"win_rate":0.0,"timestamp":1607877943,"path_taken":["M","?","?","?","M","R","M","R","T","?","R","$","?","M","R","BOSS","M","?","?","?","?","R","M","R","T","?","$","?","M","?","R","BOSS"],"items_purchased_type":["Card","Card","Card","Card","Card","Card"],"build_version":"2020-11-30","purchased_purges":1,"victory":false,"max_hp_per_floor":[66,66,66,66,66,66,66,66,66,66,66,66,66,66,66,66,66,66,66,66,66,66,66,66,66,66,66,66,66,66,66,66,66,66],"relic_stats":{"counters":[13,57],"Shuriken":[3],"Blue Candle":[1],"Ectoplasm":113,"War Paint":["Defend_G","Defend_G"],"obtain_stats":[{"Shuriken":31,"Blue Candle":9,"Ectoplasm":17,"War Paint":26,"Ring of the Snake":0},{"Shuriken":12,"Blue Candle":4,"Ectoplasm":7,"War Paint":10,"Ring of the Snake":0},{"Shuriken":54,"Blue Candle":15,"Ectoplasm":30,"War Paint":43,"Ring of the Snake":0}],"Ring of the Snake":[26]},"card_choices":[{"not_picked":["PiercingWail","Backflip"],"picked":"Cloak And Dagger","floor":1},{"not_picked":["Deflect","Concentrate"],"picked":"Blade Dance","floor":4},{"not_picked":["Outmaneuver","Prepared"],"picked":"Crippling Poison","floor":5},{"not_picked":["Flechettes","Outmaneuver"],"picked":"Cloak And Dagger","floor":7},{"not_picked":["Reflex","Dodge and Roll"],"picked":"Dash","floor":10},{"not_picked":["Calculated Gamble","Underhanded Strike"],"picked":"Blade Dance","floor":14},{"not_picked":["Burst","Glass Knife"],"picked":"Die Die Die","floor":16},{"not_picked":["Outmaneuver+1","Slice"],"picked":"Bouncing Flask","floor":18},{"not_picked":["Dagger Spray","Dash"],"picked":"Bouncing Flask","floor":20},{"not_picked":["Poisoned Stab","Heel Hook"],"picked":"Dagger Spray","floor":24},{"not_picked":["Crippling Poison","Prepared+1"],"picked":"Distraction","floor":27},{"not_picked":["Riddle With Holes","Skewer"],"picked":"Slice","floor":30}],"player_experience":1437125,"relics_obtained":[{"floor":9,"key":"Blue Candle"},{"floor":26,"key":"War Paint"}],"event_choices":[{"damage_healed":0,"gold_gain":0,"player_choice":"Got Potions","damage_taken":0,"max_hp_gain":0,"max_hp_loss":0,"event_name":"Lab","floor":2,"gold_loss":0},{"damage_healed":16,"gold_gain":0,"player_choice":"Healed","damage_taken":0,"max_hp_gain":0,"max_hp_loss":0,"event_name":"The Cleric","floor":13,"gold_loss":35},{"cards_removed":["Strike_G"],"damage_healed":0,"gold_gain":0,"player_choice":"Card Removal","damage_taken":0,"max_hp_gain":0,"max_hp_loss":0,"event_name":"Wheel of Change","floor":19,"gold_loss":0},{"damage_healed":0,"gold_gain":0,"player_choice":"Ignored","damage_taken":0,"max_hp_gain":0,"max_hp_loss":0,"event_name":"Beggar","floor":21,"gold_loss":0},{"damage_healed":0,"gold_gain":0,"player_choice":"Ignored","damage_taken":0,"max_hp_gain":0,"max_hp_loss":0,"event_name":"Golden Shrine","floor":22,"gold_loss":0},{"damage_healed":0,"gold_gain":0,"player_choice":"Smashed Altar","damage_taken":0,"max_hp_gain":0,"max_hp_loss":0,"event_name":"Forgotten Altar","floor":29,"gold_loss":0,"cards_obtained":["Decay"]},{"damage_healed":0,"gold_gain":0,"player_choice":"Opened","damage_taken":0,"relics_obtained":["Shuriken"],"max_hp_gain":0,"max_hp_loss":0,"event_name":"The Mausoleum","floor":31,"gold_loss":0,"cards_obtained":["Writhe"]}],"is_beta":false,"boss_relics":[{"not_picked":["Philosopher\u0027s Stone","Fusion Hammer"],"picked":"Ectoplasm"}],"items_purged_floors":[3],"is_endless":false,"potions_floor_spawned":[1,4,16,24,27],"killed_by":"Collector","ascension_level":19}}