{"host":"7w6cwn2mfnw5hprs","time":1607887756,"event":{"mods":["AchievementEnabler","BaseMod","Colored Map","Colored Powertips","Custom Start","Downfall","Infinite Spire","Minty Spire (QoL Compilation)","StSLib","The Cursed","The IronCluck"],"gold_per_floor":[99,110,110,110,120,120,143,143,53,53,53,53,66,51,69,165,165,165,185,195,195,224,224,224,234,234,234,234],"floor_reached":27,"playtime":1106,"items_purged":["sneckomod:Defend"],"score":219,"play_id":"b1e61633-4656-41a3-98ea-44f6fd83c264","local_time":"20201213112916","is_ascension_mode":false,"campfire_choices":[{"data":"sneckomod:Unknown","floor":1.0,"key":"SMITH"},{"data":"sneckomod:Unknown","floor":4,"key":"SMITH"},{"data":"sneckomod:DiceBoulder","floor":6,"key":"SMITH"},{"data":"sneckomod:DiceBoulder+1","floor":8,"key":"SMITH"},{"data":"sneckomod:DiceBoulder+2","floor":10,"key":"SMITH"},{"data":"sneckomod:DiceBoulder+3","floor":18,"key":"SMITH"},{"data":"sneckomod:DiceBoulder+4","floor":21,"key":"SMITH"},{"data":"sneckomod:DiceBoulder+5","floor":27,"key":"SMITH"}],"circlet_count":0,"master_deck":["sneckomod:Strike","sneckomod:Strike","sneckomod:Defend","sneckomod:Defend","sneckomod:TailWhip","sneckomod:SnekBite","sneckomod:Unknown+1","sneckomod:Unknown+1","sneckomod:UnknownExhaust","sneckomod:DiceBoulder+6","sneckomod:Unknown0Cost","infinitespire:Starlight","sneckomod:Unknown0Cost+1","sneckomod:UnknownClassINFINITE_BLACK+1","sneckomod:UnknownRareSkill+1","sneckomod:MasterEye","Ghostly+1","Ghostly+1","Ghostly+1","Ghostly+1","Ghostly+1"],"relics":["sneckomod:SneckoSoul","Oddly Smooth Stone","Toxic Egg 2","Sozu","Bird Faced Urn","Bottled Tornado"],"acts_visited":["TheCity"],"potions_floor_usage":[],"damage_taken":[{"damage":8.0,"enemies":"Jaw Worm","floor":2.0,"turns":2.0},{"damage":0,"enemies":"Cultist","floor":5,"turns":3},{"damage":5,"enemies":"downfall:FleeingMerchant","floor":9,"turns":4},{"damage":0,"enemies":"Small Slimes","floor":13,"turns":2},{"damage":9,"enemies":"downfall:FleeingMerchant","floor":14,"turns":4},{"damage":0,"enemies":"Blue Slaver","floor":15,"turns":2},{"damage":0,"enemies":"downfall:CharBossDefect","floor":16,"turns":1},{"damage":4,"enemies":"Chosen","floor":19,"turns":3},{"damage":0,"enemies":"Spheric Guardian","floor":20,"turns":3},{"damage":75,"enemies":"Slavers","floor":22,"turns":5},{"damage":6,"enemies":"Cultist and Chosen","floor":25,"turns":6}],"seed_played":"-8982638457888306541","potions_obtained":[{"floor":5,"key":"Strength Potion"},{"floor":15,"key":"ColorlessPotion"},{"floor":16,"key":"PowerPotion"}],"is_trial":false,"path_per_floor":["R","M","?","R","M","R","T","R","$","R","?","T","M","$","M","B",null,"R","M","M","R","E","?","T","M","?","R"],"character_chosen":"THE_SNECKO","items_purchased":[],"campfire_rested":0,"item_purchase_floors":[],"current_hp_per_floor":[99,92,92,92,92,92,92,92,88,88,64,64,90,92,92,103,104,104,100,104,104,49,49,49,55,52,52,52],"gold":234,"neow_bonus":"TEN_PERCENT_HP_BONUS","is_daily":false,"chose_seed":false,"campfire_upgraded":8,"win_rate":0.0,"timestamp":1607887756,"path_taken":["R","M","?","R","M","R","T","R","?","R","?","?","?","$","M","BOSS","R","M","M","R","E","?","T","M","?","R"],"items_purchased_type":[],"build_version":"2020-11-30","purchased_purges":1,"victory":false,"max_hp_per_floor":[99,100,100,100,100,100,100,100,101,101,101,101,102,103,103,104,104,104,104,104,104,104,104,104,104,52,52,52],"card_choices":[{"not_picked":["sneckomod:IronFang","sneckomod:WideSting"],"picked":"sneckomod:UnknownExhaust","floor":2},{"not_picked":["sneckomod:QuickBite","sneckomod:Nope"],"picked":"sneckomod:DiceBoulder","floor":5},{"not_picked":["sneckomod:SoulRoll","sneckomod:UnknownExhaust"],"picked":"sneckomod:Unknown0Cost","floor":9},{"not_picked":["infinitespire:Oblivion","infinitespire:TheBestDefense"],"picked":"infinitespire:Starlight","floor":11},{"not_picked":["sneckomod:IronFang","sneckomod:UnknownStrike"],"picked":"sneckomod:Unknown0Cost+1","floor":13},{"not_picked":["sneckomod:UnknownClassTHE_CURSED_PURPLE+1","sneckomod:UnknownWeak+1"],"picked":"sneckomod:UnknownClassINFINITE_BLACK+1","floor":14},{"not_picked":["sneckomod:Nope+1","sneckomod:DiceCrush","sneckomod:WideSting"],"picked":"SKIP","floor":15},{"not_picked":["sneckomod:UnknownRareAttack","sneckomod:Restock+1"],"picked":"sneckomod:UnknownRareSkill+1","floor":16},{"not_picked":["sneckomod:SerpentIdol+1","sneckomod:DefensiveFlair+1","sneckomod:WideSting"],"picked":"SKIP","floor":19},{"not_picked":["sneckomod:UnknownX+1","sneckomod:UnknownClassPURPLE+1"],"picked":"sneckomod:MasterEye","floor":20},{"not_picked":["sneckomod:UnknownCommonAttack","sneckomod:ImprovisedGuard+1","sneckomod:UnknownStrike+1"],"picked":"SKIP","floor":22},{"not_picked":["sneckomod:IronFang","sneckomod:SnakeSap+1","sneckomod:UnknownClassRED+1"],"picked":"SKIP","floor":25}],"player_experience":407335,"relics_obtained":[{"floor":7,"key":"Oddly Smooth Stone"},{"floor":12,"key":"Toxic Egg 2"},{"floor":22,"key":"Bird Faced Urn"},{"floor":24,"key":"Bottled Tornado"}],"event_choices":[{"damage_healed":0,"gold_gain":0,"player_choice":"Ignored","damage_taken":0,"max_hp_gain":0,"max_hp_loss":0,"event_name":"Vampires","floor":23,"gold_loss":0},{"damage_healed":0,"gold_gain":0,"player_choice":"Became a Ghost","damage_taken":0,"max_hp_gain":0,"max_hp_loss":52,"event_name":"Ghosts","floor":26,"gold_loss":0,"cards_obtained":["Ghostly","Ghostly","Ghostly","Ghostly","Ghostly"]}],"is_beta":false,"boss_relics":[{"not_picked":["Velvet Choker","Astrolabe"],"picked":"Sozu"}],"items_purged_floors":[9],"is_endless":false,"potions_floor_spawned":[5,15,16,19,22],"ascension_level":0}}