{"host":"qwttrqaysb380yri","time":1607893041,"event":{"mods":["BaseMod","Custom Start","Minty Spire (QoL Compilation)","Puzzle Mod","Relic Stats","StSLib","The Cursed","The Hierophant"],"gold_per_floor":[117,134,160,160,154,154,154,179,179,194,194,236,62,64,64,140,190,204,196,45,45,69,69,99,99],"floor_reached":24,"playtime":844,"items_purged":[],"score":364,"play_id":"aa741d95-bb92-46a2-b3bd-929a2aa7607f","local_time":"20201213215721","is_ascension_mode":true,"campfire_choices":[{"floor":6,"key":"REST"},{"floor":11,"key":"REST"},{"data":"hierophant:Purify","floor":15,"key":"SMITH"},{"floor":23,"key":"REST"}],"circlet_count":0,"master_deck":["AscendersBane","hierophant:Strike_Hierophant","hierophant:Strike_Hierophant","hierophant:Strike_Hierophant","hierophant:Strike_Hierophant","hierophant:Punish","hierophant:Defend_Hierophant","hierophant:Defend_Hierophant","hierophant:Defend_Hierophant","hierophant:Defend_Hierophant+1","hierophant:ChurchCoffers","hierophant:Doubloon+1","hierophant:ConvertCurrency","hierophant:FlamingChariot","hierophant:Purify","hierophant:Endure","hierophant:OrnateBuckler","hierophant:Zeal","hierophant:HammerAndAnvil","hierophant:FlamingChariot","hierophant:Purify+1","hierophant:MintersHammer","hierophant:DivineIntervention","hierophant:OrnateBuckler","hierophant:Endure","hierophant:Embezzle"],"relics":["hierophant:PropheticMaskRelic","Turnip","Art of War","Akabeko","Mummified Hand","Pantograph","Tiny House","Regal Pillow"],"acts_visited":["Exordium","TheCity"],"potions_floor_usage":[8,10,10,16,16,22,24],"damage_taken":[{"damage":15,"enemies":"Small Slimes","floor":1,"turns":5},{"damage":11,"enemies":"Cultist","floor":2,"turns":4},{"damage":9,"enemies":"Jaw Worm","floor":3,"turns":4},{"damage":7,"enemies":"Looter","floor":5,"turns":4},{"damage":3,"enemies":"Large Slime","floor":8,"turns":4},{"damage":7,"enemies":"Lagavulin","floor":10,"turns":6},{"damage":15,"enemies":"3 Sentries","floor":12,"turns":8},{"damage":0,"enemies":"Lots of Slimes","floor":14,"turns":3},{"damage":14,"enemies":"Slime Boss","floor":16,"turns":12},{"damage":21,"enemies":"Chosen","floor":18,"turns":5},{"damage":11,"enemies":"2 Thieves","floor":19,"turns":2},{"damage":12,"enemies":"Shelled Parasite and Fungi","floor":22,"turns":2},{"damage":42,"enemies":"Book of Stabbing","floor":24,"turns":5}],"seed_played":"-2038741121020794822","potions_obtained":[{"floor":2,"key":"Weak Potion"},{"floor":5,"key":"Swift Potion"},{"floor":8,"key":"FearPotion"},{"floor":10,"key":"Strength Potion"},{"floor":17,"key":"DuplicationPotion"},{"floor":19,"key":"Energy Potion"}],"is_trial":false,"path_per_floor":["M","M","M","?","M","R","?","M","T","E","R","E","$","M","R","B",null,"M","M","$","?","M","R","E"],"character_chosen":"HIEROPHANT","items_purchased":["hierophant:HammerAndAnvil","hierophant:FlamingChariot","hierophant:Purify","BlessingOfTheForge","Regal Pillow"],"campfire_rested":3,"item_purchase_floors":[13,13,13,13,20],"current_hp_per_floor":[53,42,33,33,26,48,48,45,45,38,60,45,45,45,45,56,75,54,43,43,43,31,70,28,28],"gold":99,"neow_bonus":"ONE_RARE_RELIC","is_daily":false,"chose_seed":false,"campfire_upgraded":1,"win_rate":0.0,"timestamp":1607893041,"path_taken":["M","M","M","?","?","R","?","M","T","E","R","E","$","M","R","BOSS","M","?","$","?","M","R","E"],"items_purchased_type":["Card","Card","Card","Potion","Relic"],"build_version":"2020-11-30","purchased_purges":0,"victory":false,"max_hp_per_floor":[75,75,75,75,75,75,75,75,75,75,75,75,75,75,75,75,80,80,80,80,80,80,80,80,80],"relic_stats":{"Regal Pillow":15,"counters":[13,64],"Mummified Hand":[0],"Pantograph":25,"Turnip":[8],"Art of War":[13],"obtain_stats":[{"Regal Pillow":20,"Tiny House":17,"Mummified Hand":10,"hierophant:PropheticMaskRelic":0,"Pantograph":12,"Turnip":0,"Art of War":7,"Akabeko":9},{"Regal Pillow":11,"Tiny House":9,"Mummified Hand":6,"hierophant:PropheticMaskRelic":0,"Pantograph":7,"Turnip":0,"Art of War":4,"Akabeko":5},{"Regal Pillow":57,"Tiny House":50,"Mummified Hand":27,"hierophant:PropheticMaskRelic":0,"Pantograph":35,"Turnip":0,"Art of War":17,"Akabeko":21}]},"card_choices":[{"not_picked":["hierophant:Rebuild","hierophant:DisplayOfPower"],"picked":"hierophant:Patience","floor":1},{"not_picked":["hierophant:Mercenaries","hierophant:DisplayOfPower"],"picked":"hierophant:ConvertCurrency","floor":2},{"not_picked":["hierophant:RustyCrate","hierophant:RecallFunds"],"picked":"hierophant:FlamingChariot","floor":3},{"not_picked":["hierophant:OrnateBuckler","hierophant:Zeal"],"picked":"hierophant:Purify","floor":5},{"not_picked":["hierophant:RepressedViolence","hierophant:Sermon"],"picked":"hierophant:Endure","floor":8},{"not_picked":["hierophant:Blessing","hierophant:Levitation"],"picked":"hierophant:OrnateBuckler","floor":10},{"not_picked":["hierophant:Rebuild","hierophant:Racketeering"],"picked":"hierophant:Zeal","floor":12},{"not_picked":["hierophant:Sermon","hierophant:Purify"],"picked":"hierophant:MintersHammer","floor":14},{"not_picked":["hierophant:MintersHammer","hierophant:Cornucopia"],"picked":"hierophant:DivineIntervention","floor":16},{"not_picked":["hierophant:Encroach","hierophant:Glossolalia"],"picked":"hierophant:OrnateBuckler","floor":17},{"not_picked":["hierophant:Smite+1","hierophant:SealAway"],"picked":"hierophant:Endure","floor":18},{"not_picked":["hierophant:FlamingChariot","hierophant:Community","hierophant:AuricBeam"],"picked":"SKIP","floor":19},{"not_picked":["hierophant:Generosity","hierophant:Encroach"],"picked":"hierophant:Embezzle","floor":22}],"player_experience":1834398,"relics_obtained":[{"floor":9,"key":"Akabeko"},{"floor":10,"key":"Mummified Hand"},{"floor":12,"key":"Pantograph"}],"event_choices":[{"cards_removed":["TheCursedMod:Dregs"],"damage_healed":0,"gold_gain":0,"player_choice":"Removed Curses","damage_taken":0,"max_hp_gain":0,"max_hp_loss":0,"event_name":"Fountain of Cleansing","floor":4,"gold_loss":0},{"cards_removed":["hierophant:Patience"],"damage_healed":0,"gold_gain":0,"player_choice":"Gave Card","damage_taken":0,"relics_obtained":["Art of War"],"max_hp_gain":0,"max_hp_loss":0,"event_name":"WeMeetAgain","floor":7,"gold_loss":0},{"damage_healed":0,"gold_gain":0,"player_choice":"Ignored","damage_taken":0,"max_hp_gain":0,"max_hp_loss":0,"event_name":"Ghosts","floor":21,"gold_loss":0}],"is_beta":false,"boss_relics":[{"not_picked":["Fusion Hammer","Busted Crown"],"picked":"Tiny House"}],"items_purged_floors":[],"is_endless":false,"potions_floor_spawned":[2,5,8,10,19],"killed_by":"Book of Stabbing","ascension_level":15}}