{"host":"5uvzo7moqy5vd63g","time":1607883564,"event":{"mods":["Aspiration","BaseMod","Conspire","Dio Mod","Downfall","Hermit","Hubris","Jedi Mod","Jorbs\u0027s Wanderer Trilogy","Mimic Mod","Minty Spire (QoL Compilation)","Replay The Spire","StSLib","The Animator","Wandering Minibosses"],"gold_per_floor":[110,121,121,134,59,87,87,87,87,102,117,117,130,160,160,160,160],"floor_reached":16,"playtime":1077,"items_purged":["Injury"],"score":112,"play_id":"b8bf2bfc-c6b4-40ba-b5df-5e6f3c49a1ed","local_time":"20201213131924","is_ascension_mode":false,"campfire_choices":[{"data":"dioMod:SadisticLaugh","floor":7,"key":"SMITH"},{"floor":15,"key":"REST"}],"circlet_count":0,"master_deck":["dioMod:Strike","dioMod:Strike","dioMod:Strike","Bite","dioMod:Defend","dioMod:Defend","dioMod:Defend","dioMod:Defend","dioMod:CautiousMuda","dioMod:SadisticLaugh+1","dioMod:CutDeep","dioMod:LaserVision+1","dioMod:Diversion","dioMod:ComboFever+1","dioMod:MudaMudaMuda","dioMod:Hiss+1"],"relics":["dioMod:VampireBlood","Toxic Egg 2","Tiny Chest","HornCleat"],"acts_visited":["Exordium"],"potions_floor_usage":[6,16,16,16],"damage_taken":[{"damage":0,"enemies":"conspire:RoseBush","floor":1,"turns":4},{"damage":8,"enemies":"2 Louse","floor":2,"turns":2},{"damage":0,"enemies":"Small Slimes","floor":4,"turns":4},{"damage":48,"enemies":"3 Sentries","floor":6,"turns":12},{"damage":12,"enemies":"3 Louse","floor":10,"turns":3},{"damage":2,"enemies":"Exordium Thugs","floor":11,"turns":4},{"damage":9,"enemies":"2 Fungi Beasts","floor":13,"turns":3},{"damage":40,"enemies":"Lagavulin","floor":14,"turns":9},{"damage":57,"enemies":"The Guardian","floor":16,"turns":11}],"seed_played":"3437865513435902201","potions_obtained":[{"floor":2,"key":"jedi:holywater"},{"floor":4,"key":"SkillPotion"},{"floor":10,"key":"sneckomod:MuddlingPotion"},{"floor":14,"key":"Adrenaline Potion"}],"is_trial":false,"path_per_floor":["M","M","?","M","$","E","R","?","T","M","M","?","M","E","R","B"],"character_chosen":"THE_DEFAULT","items_purchased":[],"campfire_rested":1,"item_purchase_floors":[],"current_hp_per_floor":[82,82,82,82,82,49,49,49,49,48,54,54,53,22,46,0,0],"gold":160,"neow_bonus":"TEN_PERCENT_HP_BONUS","is_daily":false,"chose_seed":false,"campfire_upgraded":1,"win_rate":0.0,"timestamp":1607883564,"path_taken":["M","M","?","M","$","E","R","?","T","M","M","?","M","E","R","BOSS"],"items_purchased_type":[],"build_version":"2020-11-30","purchased_purges":1,"victory":false,"max_hp_per_floor":[82,82,82,82,82,82,82,82,82,82,82,82,82,82,82,82,82],"card_choices":[{"not_picked":["dioMod:VengefulMuda","dioMod:HeavyLifting"],"picked":"dioMod:CautiousMuda","floor":1},{"not_picked":["dioMod:BlendIn","dioMod:DarkRebirth"],"picked":"dioMod:SadisticLaugh","floor":2},{"not_picked":["dioMod:FlyAway+1","dioMod:DaggerSpree"],"picked":"dioMod:CutDeep","floor":4},{"not_picked":["dioMod:Muda","dioMod:TripleThreat","dioMod:LaserVision"],"picked":"SKIP","floor":6},{"not_picked":["dioMod:DarkRebirth","dioMod:CutDeep"],"picked":"dioMod:Diversion","floor":10},{"not_picked":["dioMod:LaserVision","dioMod:SlashThroughTime"],"picked":"dioMod:ComboFever+1","floor":11},{"not_picked":["dioMod:CoffinBath+1","dioMod:WRYYY"],"picked":"dioMod:MudaMudaMuda","floor":13},{"not_picked":["dioMod:RoadRoller","dioMod:BlendIn+1"],"picked":"dioMod:Hiss+1","floor":14}],"player_experience":1272223,"relics_obtained":[{"floor":6,"key":"Tiny Chest"},{"floor":14,"key":"HornCleat"}],"event_choices":[{"damage_healed":0,"gold_gain":0,"player_choice":"Ignored","damage_taken":0,"max_hp_gain":0,"max_hp_loss":0,"event_name":"Liars Game","floor":12,"gold_loss":0}],"is_beta":false,"boss_relics":[],"items_purged_floors":[5],"is_endless":false,"potions_floor_spawned":[2,4,10,14],"killed_by":"The Guardian","ascension_level":0}}