{"host":"ilxricga2547gmyy","time":1607822080,"event":{"mods":["AchievementEnabler","BaseMod","Minty Spire (QoL Compilation)","Quick Restart","StSLib"],"gold_per_floor":[117,131,150,150,164,164,191,204,204,204,237,253,253,264,264,264,264],"floor_reached":16,"playtime":3080,"items_purged":[],"score":125,"play_id":"870df01b-d3e8-4f26-bfb0-86fb6e4b865c","local_time":"20201213021440","is_ascension_mode":true,"campfire_choices":[{"data":"Fusion","floor":6,"key":"SMITH"},{"floor":13,"key":"REST"},{"floor":15,"key":"REST"}],"circlet_count":0,"master_deck":["Strike_B","Strike_B","Strike_B","Strike_B","Defend_B","Defend_B","Defend_B","Defend_B","Zap","Dualcast","Leap","Rainbow","Fusion+1","FTL","Conserve Battery","Core Surge","Conserve Battery"],"relics":["Cracked Core","Ginger","Kunai","Matryoshka","Smiling Mask"],"acts_visited":["Exordium"],"potions_floor_usage":[11,14,16,16],"damage_taken":[{"damage":0,"enemies":"Small Slimes","floor":1,"turns":3},{"damage":4,"enemies":"Jaw Worm","floor":2,"turns":4},{"damage":2,"enemies":"Cultist","floor":3,"turns":4},{"damage":9,"enemies":"Exordium Wildlife","floor":5,"turns":6},{"damage":29,"enemies":"3 Sentries","floor":7,"turns":8},{"damage":4,"enemies":"Exordium Thugs","floor":8,"turns":5},{"damage":16,"enemies":"Lagavulin","floor":11,"turns":7},{"damage":1,"enemies":"Blue Slaver","floor":12,"turns":3},{"damage":19,"enemies":"Exordium Wildlife","floor":14,"turns":4},{"damage":44,"enemies":"Hexaghost","floor":16,"turns":16}],"seed_played":"-8791965940042436846","potions_obtained":[{"floor":7,"key":"DuplicationPotion"},{"floor":8,"key":"Explosive Potion"},{"floor":11,"key":"Swift Potion"},{"floor":14,"key":"GamblersBrew"}],"is_trial":false,"path_per_floor":["M","M","M","?","M","R","E","M","T","?","E","M","R","M","R","B"],"character_chosen":"DEFECT","items_purchased":[],"campfire_rested":2,"item_purchase_floors":[],"current_hp_per_floor":[82,78,76,76,67,67,38,34,34,31,15,14,38,19,43,0,0],"gold":264,"neow_bonus":"TEN_PERCENT_HP_BONUS","is_daily":false,"chose_seed":false,"campfire_upgraded":1,"win_rate":0.0,"timestamp":1607822080,"path_taken":["M","M","M","?","M","R","E","M","T","?","E","M","R","M","R","BOSS"],"items_purchased_type":[],"build_version":"2020-11-30","purchased_purges":0,"victory":false,"max_hp_per_floor":[82,82,82,82,82,82,82,82,82,82,82,82,82,82,82,82,82],"card_choices":[{"not_picked":["Conserve Battery","Gash","Rebound"],"picked":"SKIP","floor":1},{"not_picked":["Compile Driver","Barrage"],"picked":"Leap","floor":2},{"not_picked":["Tempest","Streamline"],"picked":"Rainbow","floor":3},{"not_picked":["Recycle","Beam Cell"],"picked":"Fusion","floor":5},{"not_picked":["Auto Shields","Consume"],"picked":"FTL","floor":7},{"not_picked":["Streamline","Turbo","Recycle"],"picked":"SKIP","floor":8},{"not_picked":["Fusion","Stack"],"picked":"Conserve Battery","floor":11},{"not_picked":["Stack","Ball Lightning"],"picked":"Core Surge","floor":12},{"not_picked":["Turbo","Go for the Eyes"],"picked":"Conserve Battery","floor":14}],"player_experience":207311,"relics_obtained":[{"floor":7,"key":"Ginger"},{"floor":9,"key":"Kunai"},{"floor":11,"key":"Smiling Mask"}],"event_choices":[{"damage_healed":0,"gold_gain":0,"player_choice":"Ignored","damage_taken":0,"max_hp_gain":0,"max_hp_loss":0,"event_name":"Liars Game","floor":4,"gold_loss":0},{"damage_healed":0,"gold_gain":0,"player_choice":"Success","damage_taken":3,"relics_obtained":["Matryoshka"],"max_hp_gain":0,"max_hp_loss":0,"event_name":"Scrap Ooze","floor":10,"gold_loss":0}],"is_beta":false,"boss_relics":[],"items_purged_floors":[],"is_endless":false,"potions_floor_spawned":[7,8,11,14],"killed_by":"Hexaghost","ascension_level":2}}