{"host":"rtq35k3rt1qs984b","time":1607894529,"event":{"mods":["2.2 Compatiblity","AchievementEnabler","Act Like it!","Aspiration","BaseMod","Better Note","BetterRewards","Card Forge","Colored Map","Colored Powertips","Conspire","Downfall","Friendly Minions","Gensokyo","GifTheSpireLib","Grow up Mod","Halation","Hallownest","Highlight Path","Hubris","Infinite Spire","Minty Spire (QoL Compilation)","Permanent Neow","Rare Cards Sparkle","Replay The Spire","Shop Mod","StSLib","Steal the Spire","Stuff the Spire","SuperFastMode"],"gold_per_floor":[109,124,142,142,157,189,203,59,83,83,8,37,49,78,78,173,173,188,206,206,238,36,36,91,91,91,189,203,203,233,244,244,340,340,351,381,394,394,414,414,445,462,488,515,515,540,540,566,566,666,666,666],"floor_reached":51,"playtime":1407,"items_purged":["Parasite","True Grit+1"],"score":1210,"play_id":"e3fcea6f-d262-4742-b21b-b49aac3f602c","local_time":"20201213212209","is_ascension_mode":true,"campfire_choices":[{"data":"Disarm","floor":23,"key":"PURGE"},{"data":"Shrug It Off","floor":25,"key":"PURGE"},{"data":"Inflame","floor":29,"key":"SMITH"},{"data":"Demon Form","floor":32,"key":"SMITH"},{"floor":40,"key":"DIG"},{"data":"Juggernaut","floor":45,"key":"SMITH"},{"data":"Defend_R","floor":47,"key":"PURGE"},{"data":"Defend_R","floor":49,"key":"PURGE"}],"circlet_count":0,"master_deck":["Strike_R","Strike_R","Strike_R","Strike_R","Strike_R","Defend_R","Defend_R","Bash","Brutality","Rampage","Sword Boomerang","Perfected Strike","Feed","Dropkick","Demon Form+1","Iron Wave+1","Iron Wave","Inflame+1","Pommel Strike","Pummel","Pummel","Sever Soul","Clash","Heavy Blade","Dropkick+1","hubris:StunningStrike","StuffTheSpire:RockThrow","Offering","Heavy Blade","Juggernaut+1","Twin Strike+1","Thunderclap+1","Inflame+1","Searing Blow","Bludgeon","Hallucinations","Delirium","sneckomod:Bewildered"],"relics":["StuffTheSpire:RunicConfusion","SlaversCollar","Snake Skull","Replay:Multitool","hubris:Reverence","infinitespire:Chaos","Boot","Tiny Chest","Ornamental Fan","aspiration:PoetsPen_weak","Red Mask","halation:AfternoonTea","infinitespire:FocusingShard","StuffTheSpire:Experiment12","Replay:Grab Bag","Philosopher\u0027s Stone","aspiration:FutureDiary","Runic Cube","Runic Pyramid","Anchor","infinitespire:Bottled Soul","aspiration:StickyExplosives_weak","halation:KoshaPiece","hubris:ChampionShield","PreservedInsect","Replay:Ancient Bell","King of Hearts","Shuriken","Calipers"],"acts_visited":["Exordium","TheCity","TheBeyond","Exordium"],"potions_floor_usage":[6],"damage_taken":[{"damage":19,"enemies":"2 Louse","floor":1,"turns":4},{"damage":16,"enemies":"Jaw Worm","floor":2,"turns":3},{"damage":6,"enemies":"Cultist","floor":3,"turns":3},{"damage":14,"enemies":"Blue Slaver","floor":5,"turns":2},{"damage":58,"enemies":"3 Sentries","floor":6,"turns":8},{"damage":24,"enemies":"Looter","floor":7,"turns":3},{"damage":29,"enemies":"Lagavulin","floor":12,"turns":4},{"damage":23,"enemies":"Exordium Wildlife","floor":13,"turns":4},{"damage":28,"enemies":"3 Sentries","floor":14,"turns":6},{"damage":76,"enemies":"Fading Forest","floor":16,"turns":11},{"damage":20,"enemies":"Shell Parasite","floor":18,"turns":3},{"damage":15,"enemies":"3 Byrds","floor":19,"turns":5},{"damage":29,"enemies":"Masked Bandits","floor":21,"turns":4},{"damage":0,"enemies":"3 Cultists","floor":28,"turns":3},{"damage":17,"enemies":"Nightmare","floor":30,"turns":4},{"damage":9,"enemies":"Snake Plant","floor":31,"turns":2},{"damage":4,"enemies":"hubris:MusketHawk","floor":33,"turns":5},{"damage":33,"enemies":"3 Shapes","floor":35,"turns":3},{"damage":23,"enemies":"conspire:MimicChest","floor":36,"turns":4},{"damage":0,"enemies":"Orb Walker","floor":37,"turns":1},{"damage":0,"enemies":"Maw","floor":39,"turns":5},{"damage":4,"enemies":"Nemesis","floor":41,"turns":2},{"damage":0,"enemies":"Transient","floor":42,"turns":5},{"damage":2,"enemies":"Giant Head","floor":44,"turns":4},{"damage":31,"enemies":"Nightmare","floor":46,"turns":4},{"damage":4,"enemies":"hubris:GrandSnecko","floor":50,"turns":4}],"seed_played":"7434353176202722505","potions_obtained":[{"floor":2,"key":"ColorlessPotion"},{"floor":5,"key":"FearPotion"},{"floor":6,"key":"BlessingOfTheForge"},{"floor":16,"key":"ColorlessPotion"}],"is_trial":false,"path_per_floor":["M","M","M","?","M","E","M","$","T","?","$","E","M","E","R_BF","B",null,"M","M","?","?","$","R","T","R","T","?","M","R","NM","M","R","B",null,"M","?","M","?","M","R","E","M","T","E","R","NM","R","T","R","B",null],"character_chosen":"IRONCLAD","items_purchased":["infinitespire:Chaos","Pommel Strike","Pummel"],"campfire_rested":0,"item_purchase_floors":[8,22,22],"current_hp_per_floor":[87,87,97,107,109,67,59,69,79,134,144,125,115,100,179,121,230,223,218,257,238,248,258,268,278,288,209,219,229,222,223,233,239,389,366,353,363,373,383,393,399,409,419,427,437,416,426,436,446,452,560,560],"gold":666,"neow_bonus":"ONE_RANDOM_RARE_CARD","is_daily":false,"chose_seed":false,"campfire_upgraded":3,"win_rate":0.0,"timestamp":1607894529,"path_taken":["M","M","M","?","M","E","M","?","T","?","$","E","M","E","R_BF","BOSS","M","M","?","?","?","R","?","R","T","?","M","R","NM","M","R","BOSS","M","?","M","?","M","R","E","M","T","E","R","NM","R","?","R","BOSS"],"items_purchased_type":["Relic","Card","Card"],"build_version":"2020-11-30","purchased_purges":2,"victory":false,"max_hp_per_floor":[100,110,120,130,140,150,160,170,180,190,197,207,220,233,243,253,263,276,286,296,306,316,326,336,346,356,366,376,386,396,406,416,426,436,446,456,466,476,486,496,506,516,526,536,546,556,566,576,586,596,596,596],"card_choices":[{"not_picked":["Twin Strike","Replay:Undeath\u0027s Touch"],"picked":"Rampage","floor":1},{"not_picked":["ReplayTheSpireMod:Corrosion Curse","Battle Trance"],"picked":"Disarm","floor":2},{"not_picked":["Hemokinesis","Rage"],"picked":"Sword Boomerang","floor":3},{"not_picked":["True Grit","Pommel Strike"],"picked":"Shrug It Off","floor":5},{"not_picked":["Second Wind","Sever Soul","ReplayTheSpireMod:Corrosion Curse"],"picked":"SKIP","floor":6},{"not_picked":["Body Slam","StuffTheSpire:Slingshot"],"picked":"Perfected Strike","floor":7},{"not_picked":["Dual Wield","StuffTheSpire:Pyroclast"],"picked":"Feed","floor":12},{"not_picked":["Headbutt","Disarm"],"picked":"Dropkick","floor":13},{"not_picked":["Thunderclap","ReplayTheSpireMod:LeadingStrike"],"picked":"True Grit","floor":14},{"not_picked":["Replay:Many Hands","Immolate"],"picked":"Demon Form","floor":16},{"not_picked":["Ghostly Armor+1","ReplayTheSpireMod:Muscle Training+1"],"picked":"Iron Wave+1","floor":18},{"not_picked":["Dark Embrace","StuffTheSpire:Pyroclast"],"picked":"Iron Wave","floor":19},{"not_picked":["ReplayReversal","Defy Death"],"picked":"Inflame","floor":21},{"not_picked":["Fire Breathing","StuffTheSpire:Slingshot"],"picked":"Sever Soul","floor":27},{"not_picked":["Second Wind","Flame Barrier+1"],"picked":"Clash","floor":27},{"not_picked":["Warcry","Metallicize"],"picked":"Heavy Blade","floor":27},{"not_picked":["Armaments","Flame Barrier"],"picked":"Dropkick+1","floor":28},{"not_picked":["Rampage+1","StuffTheSpire:RockThrow"],"picked":"hubris:StunningStrike","floor":30},{"not_picked":["Fire Breathing","Battle Trance+1"],"picked":"StuffTheSpire:RockThrow","floor":31},{"not_picked":["Exhume","Limit Break"],"picked":"Offering","floor":33},{"not_picked":["Run Through","Twin Strike"],"picked":"Heavy Blade","floor":35},{"not_picked":["Twin Strike+1","hubris:ReadiedAction+1"],"picked":"Juggernaut","floor":36},{"not_picked":["Exhume","hubris:CleavingFinish+1"],"picked":"Twin Strike+1","floor":37},{"not_picked":["Cleave+1","Shrug It Off"],"picked":"Thunderclap+1","floor":39},{"not_picked":["Wild Strike+1","Ghostly Armor","Sword Boomerang"],"picked":"SKIP","floor":41},{"not_picked":["Defy Death+1","hubris:ReadiedAction+1","Flex+1"],"picked":"SKIP","floor":42},{"not_picked":["Replay:Undeath\u0027s Touch+1","Twin Strike+1"],"picked":"Inflame+1","floor":44},{"not_picked":["Wild Strike+1","hubris:ReadiedAction+1"],"picked":"Searing Blow","floor":46},{"not_picked":["Corruption","Double Tap"],"picked":"Bludgeon","floor":50},{"not_picked":["hubris:Disease","hubris:Greed"],"picked":"Hallucinations","floor":51},{"not_picked":["sneckomod:Bewildered","ReplayTheSpireMod:Doomed"],"picked":"Delirium","floor":51},{"not_picked":["Delirium","conspire:Blindness"],"picked":"sneckomod:Bewildered","floor":51}],"player_experience":114020,"relics_obtained":[{"floor":6,"key":"infinitespire:Beetle Shell"},{"floor":9,"key":"Boot"},{"floor":12,"key":"Tiny Chest"},{"floor":14,"key":"Ornamental Fan"},{"floor":21,"key":"Red Mask"},{"floor":24,"key":"halation:AfternoonTea"},{"floor":26,"key":"infinitespire:FocusingShard"},{"floor":30,"key":"StuffTheSpire:Experiment12"},{"floor":36,"key":"Anchor"},{"floor":40,"key":"infinitespire:Bottled Soul"},{"floor":41,"key":"aspiration:StickyExplosives_weak"},{"floor":44,"key":"halation:KoshaPiece"},{"floor":46,"key":"hubris:ChampionShield"},{"floor":48,"key":"PreservedInsect"}],"event_choices":[{"damage_healed":45,"gold_gain":0,"player_choice":"Healed and dodged fight","damage_taken":0,"max_hp_gain":0,"max_hp_loss":0,"event_name":"Mushrooms","floor":10,"gold_loss":0,"cards_obtained":["Parasite"]},{"damage_healed":0,"gold_gain":0,"player_choice":"Fought Bandits","damage_taken":0,"max_hp_gain":0,"max_hp_loss":0,"event_name":"Masked Bandits","floor":21,"gold_loss":0},{"damage_healed":0,"gold_gain":0,"player_choice":"Leave","damage_taken":0,"max_hp_gain":0,"max_hp_loss":0,"event_name":"conspire:Investor","floor":38,"gold_loss":0}],"is_beta":false,"boss_relics":[{"not_picked":["Replay:Drink Me","hubris:VirtuousBlindfold"],"picked":"aspiration:PoetsPen_weak"},{"not_picked":["hubris:HollowSoul","Fusion Hammer"],"picked":"Replay:Grab Bag"},{"not_picked":["halation:IncompleteEncyclopedia","ReplayTheSpireMod:DimensionalGlitch"],"picked":"Philosopher\u0027s Stone"},{"not_picked":["hubris:RunicObelisk","halation:ForbiddenBikini"],"picked":"aspiration:FutureDiary"},{"not_picked":["hubris:Stopwatch","aspiration:WatcherSkillbook"],"picked":"Runic Cube"},{"not_picked":["halation:MonkeysPaw","aspiration:SilentSkillbook"],"picked":"Runic Pyramid"},{"not_picked":["Honey Jar","Ooze Armor"],"picked":"Replay:Ancient Bell"},{"not_picked":["Bag of Preparation","Gremlin Food"],"picked":"King of Hearts"},{"not_picked":["infinitespire:CheckeredPen","Replay:Bottled Flurry"],"picked":"Shuriken"},{"not_picked":["hubris:CuriousFeather","conspire:GlowingRock"],"picked":"Calipers"}],"items_purged_floors":[11,22],"is_endless":true,"potions_floor_spawned":[2,5,6,16,19,30,33,36,37,44,50],"ascension_level":5}}