{"host":"4qkvkh7pd9qr2mca","time":1607878227,"event":{"mods":["AchievementEnabler","BaseMod","Colored Map","Colored Powertips","Highlight Path","Minty Spire (QoL Compilation)","Permanent Neow","Quick Restart","StSLib","SuperFastMode"],"gold_per_floor":[15,25,25,36,47,47,75,75,75,102,131,131,150,32,32,106,106,126,72,72,46,46,46,46,76,76,76,87,87,47,47,47],"floor_reached":31,"playtime":903,"items_purged":[],"score":538,"play_id":"f861999e-22a1-4b03-bec7-5d20824d9b10","local_time":"20201213175027","is_ascension_mode":true,"campfire_choices":[{"data":"Armaments","floor":6.0,"key":"SMITH"},{"floor":8.0,"key":"REST"},{"data":"Combust","floor":12.0,"key":"SMITH"},{"data":"Perfected Strike","floor":15.0,"key":"SMITH"},{"data":"Demon Form","floor":23.0,"key":"SMITH"},{"data":"Shame","floor":27.0,"key":"PURGE"},{"data":"Doubt","floor":29.0,"key":"PURGE"}],"circlet_count":0,"master_deck":["AscendersBane","Strike_R","Strike_R","Strike_R","Strike_R","Defend_R","Defend_R","Defend_R","Bash","Rage","Armaments+1","Ghostly Armor","Cleave","Combust+1","Perfected Strike+1","Burning Pact","Metallicize","Demon Form+1","Power Through+1","True Grit","Pummel","Havoc","True Grit","Headbutt+1","Pommel Strike+1","Feel No Pain"],"relics":["Burning Blood","Ginger","Ice Cream","WingedGreaves","Blue Candle","Pantograph","Cursed Key","Orichalcum","Peace Pipe","CaptainsWheel"],"acts_visited":["Exordium","TheCity"],"potions_floor_usage":[],"damage_taken":[{"damage":1.0,"enemies":"Cultist","floor":1.0,"turns":3.0},{"damage":8.0,"enemies":"Jaw Worm","floor":2.0,"turns":6.0},{"damage":2.0,"enemies":"2 Louse","floor":4.0,"turns":3.0},{"damage":0.0,"enemies":"Blue Slaver","floor":5.0,"turns":4.0},{"damage":62.0,"enemies":"Gremlin Nob","floor":7.0,"turns":6.0},{"damage":25.0,"enemies":"3 Sentries","floor":10.0,"turns":7.0},{"damage":9.0,"enemies":"Lagavulin","floor":11.0,"turns":7.0},{"damage":14.0,"enemies":"Large Slime","floor":13.0,"turns":6.0},{"damage":36.0,"enemies":"Slime Boss","floor":16.0,"turns":9.0},{"damage":20.0,"enemies":"2 Thieves","floor":18.0,"turns":4.0},{"damage":61.0,"enemies":"Slavers","floor":25.0,"turns":6.0},{"damage":2.0,"enemies":"Spheric Guardian","floor":28.0,"turns":4.0},{"damage":39,"enemies":"Gremlin Leader","floor":31,"turns":2}],"seed_played":"4356733302455090731","potions_obtained":[{"floor":10.0,"key":"Fruit Juice"},{"floor":11.0,"key":"LiquidBronze"},{"floor":13.0,"key":"DistilledChaos"},{"floor":18.0,"key":"FairyPotion"}],"is_trial":false,"path_per_floor":["M","M","$","M","M","R","E","R","T","E","E","R","M","$","R","B",null,"M","$","?","$","?","R","?","E","T","R","M","R","$","E"],"character_chosen":"IRONCLAD","items_purchased":["Burning Pact","Metallicize","True Grit","True Grit","Feel No Pain"],"campfire_rested":1,"item_purchase_floors":[14,14,19,21,30],"current_hp_per_floor":[73,71,71,75,75,75,19,41,41,27,24,24,16,16,16,11,63,49,49,49,49,49,49,49,29,29,29,33,33,33,0,0],"gold":47,"neow_bonus":"ONE_RARE_RELIC","is_daily":false,"chose_seed":false,"campfire_upgraded":4,"win_rate":0.0,"timestamp":1607878227,"path_taken":["M","M","?","?","M","R","E","R","T","E","E","R","M","$","R","BOSS","M","$","?","$","?","R","?","E","T","R","M","R","$","E"],"items_purchased_type":["Card","Card","Card","Card","Card"],"build_version":"2020-11-30","purchased_purges":0,"victory":false,"max_hp_per_floor":[75,75,75,75,75,75,75,75,75,80,80,80,80,80,80,80,80,80,80,80,80,80,80,80,80,80,80,80,80,80,80,80],"card_choices":[{"not_picked":["Clothesline","Warcry"],"picked":"Rage","floor":1.0},{"not_picked":["Body Slam","Perfected Strike"],"picked":"Armaments","floor":2.0},{"not_picked":["Entrench","Reckless Charge"],"picked":"Ghostly Armor","floor":4.0},{"not_picked":["Pommel Strike","Body Slam"],"picked":"Cleave","floor":5.0},{"not_picked":["Havoc","Exhume"],"picked":"Combust","floor":7.0},{"not_picked":["Heavy Blade","Wild Strike","Warcry"],"picked":"SKIP","floor":10.0},{"not_picked":["Sword Boomerang","Wild Strike","Body Slam"],"picked":"SKIP","floor":11.0},{"not_picked":["Sentinel","Reckless Charge"],"picked":"Perfected Strike","floor":13.0},{"not_picked":["Offering","Impervious"],"picked":"Demon Form","floor":16.0},{"not_picked":["Heavy Blade","Headbutt"],"picked":"Power Through+1","floor":18.0},{"not_picked":["True Grit","Anger"],"picked":"Headbutt+1","floor":25.0},{"not_picked":["Flex","Carnage"],"picked":"Pommel Strike+1","floor":28.0}],"player_experience":313414,"relics_obtained":[{"floor":7.0,"key":"Ice Cream"},{"floor":9.0,"key":"WingedGreaves"},{"floor":10.0,"key":"Blue Candle"},{"floor":11.0,"key":"Pantograph"},{"floor":25.0,"key":"Peace Pipe"},{"floor":26.0,"key":"CaptainsWheel"}],"event_choices":[{"damage_healed":0.0,"max_hp_gain":0.0,"max_hp_loss":0.0,"gold_gain":0.0,"cards_transformed":["Strike_R","Defend_R"],"event_name":"Drug Dealer","player_choice":"Became Test Subject","floor":20.0,"gold_loss":0.0,"damage_taken":0.0,"cards_obtained":["Pummel","Havoc"]},{"damage_healed":0.0,"max_hp_gain":0.0,"max_hp_loss":0.0,"gold_gain":0.0,"event_name":"Ghosts","player_choice":"Ignored","floor":22.0,"gold_loss":0.0,"damage_taken":0.0},{"damage_healed":0.0,"max_hp_gain":0.0,"max_hp_loss":0.0,"gold_gain":0.0,"event_name":"Addict","player_choice":"Stole Relic","floor":24.0,"gold_loss":0.0,"damage_taken":0.0,"relics_obtained":["Orichalcum"],"cards_obtained":["Shame"]}],"is_beta":false,"boss_relics":[{"not_picked":["Philosopher\u0027s Stone","Fusion Hammer"],"picked":"Cursed Key"}],"items_purged_floors":[],"is_endless":false,"potions_floor_spawned":[10,11,13,18],"killed_by":"Gremlin Leader","ascension_level":20}}