{"host":"exexdi9os29xec1d","time":1607874119,"event":{"mods":["Act Like it!","BaseMod","Colored Map","Conspire","Downfall","Gensokyo","Hero for Fun","Hubris","Infinite Spire","Marisa（F雨　魔理沙）","Minty Spire (QoL Compilation)","READ ME - Guardian Mod","Remilia（蕾米莉亚）","Replay The Spire","Shop Mod","StSLib","The Animator","The Bug Knight","The Cursed","The Disciple","The Hierophant","The Necromancer","The Servant 0.9.4","Youmu（魂魄妖梦）","[地精首领爬塔]The Maniac"],"gold_per_floor":[113,125,125,138,58,85,85,47,47,47,62,27,27,47,47,145,145,155,186,203,278,294,311,311,330,330,349,349,363,396,407,407,503,503,515,530,630,630,649,649,649,649],"floor_reached":41,"playtime":6940,"items_purged":[],"score":467,"play_id":"297368bc-ff77-4473-b246-a9b4e4f82960","local_time":"20201213234159","is_ascension_mode":false,"campfire_choices":[{"floor":7.0,"key":"REST"},{"floor":10.0,"key":"REST"},{"floor":13.0,"key":"REST"},{"floor":15.0,"key":"DIG"},{"data":"BestPractice","floor":24.0,"key":"SMITH"},{"data":"InstantArmor","floor":28.0,"key":"SMITH"},{"data":"Potential","floor":32.0,"key":"SMITH"},{"data":"infinitespire:TheBestDefense","floor":40,"key":"SMITH"}],"circlet_count":0,"master_deck":["Strike_S","Strike_S","Strike_S","Strike_S","Defend_S","Defend_S","Defend_S","Defend_S","KidneyShot","Exchange","Rewind","BottledTime","BestPractice+1","SilverBlades","InstantArmor+1","ShiftingGears","Defy","Luminosity","MurderousAura","Parasite","Bone_Wall","Solidify","expansioncontent:DonusPower","infinitespire:Starlight","BottledTime","GearUp","Rewind","Rearm","DoubleEdge+1","Defy","Potential+1","FastForward","ReturningBlade","Sunlight","Replace","infinitespire:TheBestDefense+1","Foresight"],"relics":["Uniform","NeowsBlessing","infinitespire:Beetle Shell","infinitespire:WardingShard","Meat on the Bone","Replay:Grab Bag","Philosopher\u0027s Stone","Coffee Dripper","Snecko Eye","ReplayTheSpireMod:SealedPack","Potion Belt","hubris:PeanutButter","Strawberry","conspire:RoyalGoblet","hubris:Spice"],"acts_visited":["Exordium","TheCity","TheBeyond"],"potions_floor_usage":[],"damage_taken":[{"damage":0.0,"enemies":"2 Louse","floor":1.0,"turns":1.0},{"damage":0.0,"enemies":"Jaw Worm","floor":2.0,"turns":1.0},{"damage":0.0,"enemies":"Cultist","floor":4.0,"turns":1.0},{"damage":59.0,"enemies":"Gremlin Nob","floor":6.0,"turns":7.0},{"damage":12.0,"enemies":"Red Slaver","floor":11.0,"turns":4.0},{"damage":9.0,"enemies":"Gremlin Gang","floor":14.0,"turns":8.0},{"damage":36.0,"enemies":"Slime Boss","floor":16.0,"turns":21.0},{"damage":19.0,"enemies":"Chosen","floor":18.0,"turns":7.0},{"damage":0.0,"enemies":"conspire:MimicChest","floor":19.0,"turns":6.0},{"damage":9.0,"enemies":"Spheric Guardian","floor":20.0,"turns":6.0},{"damage":0.0,"enemies":"Snecko","floor":22.0,"turns":5.0},{"damage":60.0,"enemies":"Shelled Parasite and Fungi","floor":23.0,"turns":8.0},{"damage":25.0,"enemies":"Centurion and Healer","floor":25.0,"turns":9.0},{"damage":7.0,"enemies":"Sentry and Sphere","floor":27.0,"turns":9.0},{"damage":6.0,"enemies":"3 Cultists","floor":29.0,"turns":9.0},{"damage":2.0,"enemies":"Book of Stabbing","floor":30.0,"turns":6.0},{"damage":24.0,"enemies":"Snake Plant","floor":31.0,"turns":8.0},{"damage":51.0,"enemies":"Collector","floor":33.0,"turns":17.0},{"damage":57.0,"enemies":"3 Shapes","floor":35.0,"turns":10.0},{"damage":34.0,"enemies":"3 Darklings","floor":36.0,"turns":4.0},{"damage":32,"enemies":"4 Shapes","floor":39,"turns":6},{"damage":31,"enemies":"Giant Head","floor":41,"turns":6}],"seed_played":"-8392267905777949898","potions_obtained":[{"floor":4.0,"key":"Energy Potion"},{"floor":14.0,"key":"GamblersBrew"},{"floor":18.0,"key":"LifebloodPotion"},{"floor":20.0,"key":"LifebloodPotion"},{"floor":33.0,"key":"ColorlessPotion"},{"floor":35.0,"key":"Explosive Potion"}],"is_trial":false,"path_per_floor":["M","M","?","M","$","E","R","$","T","R","M","?","R","M","R_BF","B",null,"M","?","M","?","M","M","R","M","T","M","R","M","E","M","R","B",null,"M","M","?","AVR","M","R","E"],"character_chosen":"THE_SERVANT","items_purchased":["SilverBlades","ShiftingGears"],"campfire_rested":3,"item_purchase_floors":[5,8],"current_hp_per_floor":[65,65,65,65,65,6,25,25,25,44,32,48,65,56,56,32,65,46,56,56,50,65,27,27,29,29,44,44,53,58,49,49,20,72,42,30,30,38,28,28,0,0],"gold":649,"neow_bonus":"THREE_ENEMY_KILL","is_daily":false,"chose_seed":false,"campfire_upgraded":4,"win_rate":0.0,"timestamp":1607874119,"path_taken":["M","M","?","M","$","E","R","$","T","R","M","?","R","M","R_BF","BOSS","M","?","M","?","M","M","R","?","T","M","R","M","E","M","R","BOSS","M","M","?","AVR","M","R","E"],"items_purchased_type":["Card","Card"],"build_version":"2020-11-30","purchased_purges":0,"victory":false,"max_hp_per_floor":[65,65,65,65,65,65,65,65,65,65,65,65,65,65,65,65,65,65,65,65,65,65,65,65,65,65,65,65,65,72,72,72,72,72,72,72,72,80,80,80,80,80],"card_choices":[{"not_picked":["Replace","Alleviate"],"picked":"Rewind","floor":1.0},{"not_picked":["Replace","Ricochet"],"picked":"BottledTime","floor":2.0},{"not_picked":["Defy","Unruled"],"picked":"BestPractice","floor":4.0},{"not_picked":["ReturningBlade","KillingDoll"],"picked":"InstantArmor","floor":6.0},{"not_picked":["Comet","Misdirection"],"picked":"Defy","floor":11.0},{"not_picked":["Revamp","ShiftingGears"],"picked":"Luminosity","floor":14.0},{"not_picked":["KillingDoll","LightFlow"],"picked":"MurderousAura","floor":16.0},{"not_picked":["Slimebound:Tackle","Replay:GuardianBash"],"picked":"Bone_Wall","floor":17.0},{"not_picked":["SoulSculpture","PendulumOfEternity"],"picked":"Solidify","floor":17.0},{"not_picked":["Swift Strike","Dramatic Entrance"],"picked":"expansioncontent:DonusPower","floor":17.0},{"not_picked":["infinitespire:SealOfDarkness+","infinitespire:Punishment"],"picked":"infinitespire:Starlight","floor":17.0},{"not_picked":["Shuttle+1","PendulumOfEternity"],"picked":"BottledTime","floor":18.0},{"not_picked":["Alleviate","Ricochet"],"picked":"GearUp","floor":19.0},{"not_picked":["Replace","Snipe"],"picked":"Rewind","floor":20.0},{"not_picked":["Spin+1","StarChef"],"picked":"Rearm","floor":22.0},{"not_picked":["Spin","SoulSculpture"],"picked":"DoubleEdge+1","floor":23.0},{"not_picked":["ShatteredReality","Reset","Alleviate"],"picked":"SKIP","floor":25.0},{"not_picked":["Unruled","BottledTime"],"picked":"Defy","floor":27.0},{"not_picked":["Misdirection+1","Unruled"],"picked":"Potential","floor":29.0},{"not_picked":["SilverBlades+1","Spin"],"picked":"FastForward","floor":30.0},{"not_picked":["ShatteredReality","Spin"],"picked":"ReturningBlade","floor":31.0},{"not_picked":["KillingDoll","Dilation"],"picked":"Sunlight","floor":33.0},{"not_picked":["MoonPhase","FastForward+1","Starlight+1"],"picked":"SKIP","floor":35.0},{"not_picked":["Revamp","TimeWarp"],"picked":"Replace","floor":36.0},{"not_picked":["Rewind","Unruled+1"],"picked":"Foresight","floor":39}],"player_experience":30521,"relics_obtained":[{"floor":6.0,"key":"infinitespire:Beetle Shell"},{"floor":9.0,"key":"infinitespire:WardingShard"},{"floor":15.0,"key":"Meat on the Bone"},{"floor":19.0,"key":"Potion Belt"},{"floor":26.0,"key":"hubris:PeanutButter"},{"floor":30.0,"key":"Strawberry"}],"event_choices":[{"damage_healed":0.0,"max_hp_gain":0.0,"max_hp_loss":0.0,"gold_gain":0.0,"event_name":"Golden Wing","player_choice":"Ignored","floor":3.0,"gold_loss":0.0,"damage_taken":0.0},{"damage_healed":16.0,"max_hp_gain":0.0,"max_hp_loss":0.0,"gold_gain":0.0,"event_name":"The Cleric","player_choice":"Healed","floor":12.0,"gold_loss":35.0,"damage_taken":0.0},{"damage_healed":0.0,"max_hp_gain":0.0,"max_hp_loss":0.0,"gold_gain":75.0,"event_name":"FaceTrader","player_choice":"Touch","floor":21.0,"gold_loss":0.0,"damage_taken":6.0},{"damage_healed":0.0,"max_hp_gain":0.0,"max_hp_loss":0.0,"gold_gain":100.0,"event_name":"Golden Shrine","player_choice":"Pray","floor":37.0,"gold_loss":0.0,"damage_taken":0.0}],"is_beta":false,"boss_relics":[{"not_picked":["Kintsugi","Replay:Ancient Bell"],"picked":"Replay:Grab Bag"},{"not_picked":["Cursed Key","SlaversCollar"],"picked":"Philosopher\u0027s Stone"},{"not_picked":["hubris:CrackedHourglass","ChewingGum"],"picked":"Coffee Dripper"},{"not_picked":["Runic Pyramid","SacredBark"],"picked":"Snecko Eye"},{"not_picked":["Astrolabe","conspire:SpecialSausage"],"picked":"ReplayTheSpireMod:SealedPack"},{"not_picked":["Replay:Bronze Core","conspire:SeveredTorchhead"],"picked":"conspire:RoyalGoblet"}],"items_purged_floors":[],"is_endless":false,"potions_floor_spawned":[4,14,18,20,33,35],"killed_by":"Giant Head","ascension_level":0}}