{"host":"90jl2h70xtuoeg0i","time":1607827220,"event":{"mods":["AchievementEnabler","BaseMod","Colored Map","Colored Powertips","Minty Spire (QoL Compilation)","Relic Stats","ojb\u0027s Better Paths Mod","ojb\u0027s Info Mod"],"gold_per_floor":[362,362,375,42,62,62,76,92,92,112,143,161,196,207,207,207,207],"floor_reached":16,"playtime":1049,"items_purged":["Strike_G"],"score":209,"play_id":"0518ee7c-982b-416a-9c5d-66534f808d78","local_time":"20201212214020","is_ascension_mode":true,"campfire_choices":[{"data":"Riddle With Holes","floor":6.0,"key":"SMITH"},{"floor":15,"key":"REST"}],"circlet_count":0,"master_deck":["AscendersBane","Strike_G","Strike_G","Strike_G","Strike_G","Defend_G","Defend_G","Defend_G","Defend_G","Survivor","Neutralize","Tactician","Riddle With Holes+1","Prepared","Die Die Die","Noxious Fumes","Acrobatics","Poisoned Stab","Glass Knife","PiercingWail","Dagger Spray","Adrenaline","Dagger Throw"],"relics":["Ring of the Snake","Membership Card","Letter Opener","Blue Candle","Potion Belt"],"acts_visited":["Exordium"],"potions_floor_usage":[14],"damage_taken":[{"damage":3.0,"enemies":"Jaw Worm","floor":1.0,"turns":6.0},{"damage":2.0,"enemies":"Cultist","floor":3.0,"turns":4.0},{"damage":1.0,"enemies":"Small Slimes","floor":5.0,"turns":4.0},{"damage":3.0,"enemies":"Looter","floor":7.0,"turns":3.0},{"damage":0.0,"enemies":"Lots of Slimes","floor":8.0,"turns":1.0},{"damage":0.0,"enemies":"Large Slime","floor":10.0,"turns":3.0},{"damage":10.0,"enemies":"3 Sentries","floor":11.0,"turns":6.0},{"damage":12.0,"enemies":"Blue Slaver","floor":12.0,"turns":3.0},{"damage":8.0,"enemies":"Gremlin Nob","floor":13.0,"turns":3.0},{"damage":2,"enemies":"Exordium Wildlife","floor":14,"turns":3},{"damage":31,"enemies":"The Guardian","floor":16,"turns":8}],"seed_played":"5030177706559938766","potions_obtained":[{"floor":1.0,"key":"ColorlessPotion"},{"floor":8.0,"key":"EssenceOfSteel"},{"floor":10.0,"key":"Energy Potion"},{"floor":11.0,"key":"Fruit Juice"},{"floor":12.0,"key":"Fire Potion"}],"is_trial":false,"path_per_floor":["M","?","M","$","M","R","M","M","T","M","E","M","E","M","R","B"],"character_chosen":"THE_SILENT","items_purchased":["Membership Card","Prepared","Die Die Die","Noxious Fumes"],"campfire_rested":1,"item_purchase_floors":[4,4,4,4],"current_hp_per_floor":[41,41,39,39,38,38,35,35,35,35,25,18,10,8,29,0,0],"gold":207,"neow_bonus":"TWO_FIFTY_GOLD","is_daily":false,"chose_seed":false,"campfire_upgraded":1,"win_rate":0.0,"timestamp":1607827220,"path_taken":["M","?","?","$","M","R","M","M","T","M","E","?","E","M","R","BOSS"],"items_purchased_type":["Relic","Card","Card","Card"],"build_version":"2020-11-30","purchased_purges":1,"victory":false,"max_hp_per_floor":[66,66,66,66,66,66,66,66,66,66,66,71,71,71,71,71,71],"relic_stats":{"counters":[11,44],"Blue Candle":[0],"Letter Opener":[10],"obtain_stats":[{"Potion Belt":13,"Blue Candle":11,"Membership Card":4,"Letter Opener":9,"Ring of the Snake":0},{"Potion Belt":9,"Blue Candle":7,"Membership Card":2,"Letter Opener":5,"Ring of the Snake":0},{"Potion Belt":33,"Blue Candle":27,"Membership Card":10,"Letter Opener":18,"Ring of the Snake":0}],"Ring of the Snake":[22]},"card_choices":[{"not_picked":["PiercingWail","Sucker Punch"],"picked":"Tactician","floor":1.0},{"not_picked":["Bane","Flying Knee"],"picked":"Riddle With Holes","floor":3.0},{"not_picked":["Flying Knee","Crippling Poison"],"picked":"Acrobatics","floor":5.0},{"not_picked":["PiercingWail","Dodge and Roll"],"picked":"Poisoned Stab","floor":7.0},{"not_picked":["Bouncing Flask","Deflect"],"picked":"Glass Knife","floor":8.0},{"not_picked":["Acrobatics","Quick Slash"],"picked":"PiercingWail","floor":10.0},{"not_picked":["Accuracy","Deadly Poison"],"picked":"Dagger Spray","floor":11.0},{"not_picked":["Bane","Dodge and Roll"],"picked":"Adrenaline","floor":12.0},{"not_picked":["Sucker Punch","Outmaneuver"],"picked":"Dagger Throw","floor":13.0},{"not_picked":["Choke","Expertise","Dagger Throw"],"picked":"SKIP","floor":14}],"player_experience":1254177,"relics_obtained":[{"floor":9.0,"key":"Letter Opener"},{"floor":11.0,"key":"Blue Candle"},{"floor":13.0,"key":"Potion Belt"}],"event_choices":[{"cards_removed":["Defend_G"],"damage_healed":0.0,"max_hp_gain":0.0,"max_hp_loss":0.0,"gold_gain":0.0,"event_name":"Purifier","player_choice":"Purged","floor":2.0,"gold_loss":0.0,"damage_taken":0.0}],"is_beta":false,"boss_relics":[],"items_purged_floors":[4],"is_endless":false,"potions_floor_spawned":[1,8,10,11,12],"killed_by":"The Guardian","ascension_level":16}}