{"host":"nljp4tk11zt4gqcq","time":1607854082,"event":{"mods":["2.2 Compatiblity","Bard","BaseMod","Beaked The Cultist","Better Third Choice","Conspire","Downfall","Friendly Minions","Hermit","Hubris","Jorbs\u0027s Wanderer Trilogy","Minty Spire (QoL Compilation)","Rare Cards Sparkle","Relic Stats","Replay The Spire","Robot Space Explorer","Spicy Shops","StSLib","The Bladedancer","The Bug Knight","The Construct","The Cursed","The Disciple","The Forsaken","The Hierophant","The Jungle","The Runesmith","The Servant 0.9.4","UnlockEverythingMod"],"gold_per_floor":[110,121,121,121,139,139,154,154,180,196,226,226,240,260,260,361,361,374,386,386,495,513,513,541,301,301,326,326,342,342,3,3,108,108,125,71,71,71,71,71,96,96,123,123,123],"floor_reached":44,"playtime":3677,"items_purged":[],"score":619,"play_id":"65c6c62d-7db6-4d6a-80c9-93057a6b3e34","local_time":"20201213020802","is_ascension_mode":false,"campfire_choices":[{"data":"hermit:GoldenBullet","floor":6,"key":"SMITH"},{"data":"hermit:Combo","floor":8,"key":"SMITH"},{"floor":12,"key":"REST"},{"data":"hermit:Manifest","floor":15,"key":"SMITH"},{"floor":23,"key":"REST"},{"floor":32,"key":"REST"},{"data":"hermit:Covet","floor":40,"key":"SMITH"},{"floor":42,"key":"REST"}],"circlet_count":0,"master_deck":["hermit:Strike_Hermit","hermit:Strike_Hermit","hermit:Strike_Hermit","hermit:Strike_Hermit","hermit:Defend_Hermit","hermit:Defend_Hermit","hermit:Defend_Hermit","hermit:Snapshot","hermit:Covet+1","hermit:Cheat","hermit:Snipe","hermit:GoldenBullet+1","hermit:FinalCanter","hermit:PistolWhip","hermit:Combo+1","hermit:GhostlyPresence","hermit:Manifest+1","hermit:FlashPowder","hermit:Dissolve","hermit:Misfire","hermit:Roulette","hermit:OverwhelmingPower","hermit:Determination","hermit:Vantage","hermit:Enervate+1","The Bomb","hermit:Misfire+1","hermit:Virtue","hermit:Horror","hermit:Roughhouse","hubris:NaturalOne","hermit:TakeAim+1","hermit:Brawl","hermit:Brawl","ReplayTheSpireMod:Private Reserves","Impatience","theForsaken:PlagueCurse","hermit:Quickdraw","hermit:Deadeye"],"relics":["hermit:Momento","Vajra","theForsaken:Lifeblossom","Guardian:PocketSentry","hubris:VirtuousBlindfold","betterThird:NestCultRelic","conspire:TopHat","StoneCalendar","White Beast Statue","Ancient Tea Set","hubris:Icosahedron","hubris:HerbalPaste","conspire:BottledYoYo","hubris:HollowSoul","theForsaken:PlagueMask","Lantern","HollowMod:PaleOreRelic"],"acts_visited":["Exordium","TheCity","TheBeyond"],"potions_floor_usage":[16,16,18,22,29,35,41,44,44],"damage_taken":[{"damage":1,"enemies":"Cultist","floor":1,"turns":3},{"damage":0,"enemies":"Small Slimes","floor":2,"turns":3},{"damage":11,"enemies":"Jaw Worm","floor":5,"turns":2},{"damage":9,"enemies":"Blue Slaver","floor":7,"turns":3},{"damage":7,"enemies":"3 Louse","floor":10,"turns":2},{"damage":8,"enemies":"Exordium Wildlife","floor":13,"turns":2},{"damage":0,"enemies":"Blue Slaver","floor":14,"turns":1},{"damage":36,"enemies":"Fading Forest","floor":16,"turns":11},{"damage":0,"enemies":"Spheric Guardian","floor":18,"turns":3},{"damage":2,"enemies":"Shell Parasite","floor":19,"turns":4},{"damage":19,"enemies":"Snecko","floor":22,"turns":6},{"damage":18,"enemies":"Replay:Snechameleon","floor":24,"turns":6},{"damage":25,"enemies":"3 Cultists","floor":29,"turns":5},{"damage":21,"enemies":"Pondfish","floor":33,"turns":6},{"damage":20,"enemies":"3 Shapes","floor":35,"turns":5},{"damage":62,"enemies":"Nemesis","floor":41,"turns":7},{"damage":23,"enemies":"3 Darklings","floor":44,"turns":4}],"seed_played":"-3273510126037352126","potions_obtained":[{"floor":5,"key":"Guardian:BlockOnCardUsePotion"},{"floor":7,"key":"BlessingOfTheForge"},{"floor":14,"key":"DuplicationPotion"},{"floor":16,"key":"Adrenaline Potion"},{"floor":19,"key":"Strength Potion"},{"floor":24,"key":"SneckoOil"},{"floor":29,"key":"construct:ShiftPotion"},{"floor":33,"key":"GamblersBrew"},{"floor":35,"key":"Explosive Potion"},{"floor":41,"key":"Adrenaline Potion"}],"is_trial":false,"path_per_floor":["M","M","?","?","M","R","M","R","T","M","?","R","M","M","R","B",null,"M","M","?","?","M","R","E","$","T","T","$","M","?","$","R","B",null,"M","$","?","?","?","R","E","R","T","M"],"character_chosen":"HERMIT","items_purchased":["The Bomb","hermit:Misfire+1","hubris:HerbalPaste","conspire:BottledYoYo","hermit:Horror","hermit:Brawl"],"campfire_rested":4,"item_purchase_floors":[25,25,31,31,31,36],"current_hp_per_floor":[74,74,74,74,63,63,54,54,54,50,50,72,67,67,67,37,75,75,74,74,44,31,53,41,41,41,41,41,22,22,22,44,43,75,67,67,62,62,62,62,21,43,43,35,35],"gold":123,"neow_bonus":"RANDOM_COMMON_RELIC","is_daily":false,"chose_seed":false,"campfire_upgraded":4,"win_rate":0.0,"timestamp":1607854082,"path_taken":["M","M","?","?","M","R","?","R","T","M","?","R","M","M","R","BOSS","M","M","?","?","M","R","E","$","T","?","?","M","?","$","R","BOSS","M","$","?","?","?","R","E","R","T","M"],"items_purchased_type":["Card","Card","Relic","Relic","Card","Card"],"build_version":"2020-11-30","purchased_purges":0,"victory":false,"max_hp_per_floor":[75,75,75,75,75,75,75,75,75,75,75,75,75,75,75,75,75,75,75,75,75,75,75,75,75,75,75,75,75,75,75,75,75,75,75,75,75,75,75,75,75,75,75,75,75],"relic_stats":{"counters":[17,72],"StoneCalendar":[45],"obtain_stats":[{"Lantern":41,"Vajra":0,"hubris:VirtuousBlindfold":17,"theForsaken:Lifeblossom":9,"StoneCalendar":24,"betterThird:NestCultRelic":20,"hubris:HollowSoul":34,"Guardian:PocketSentry":11,"Ancient Tea Set":27,"theForsaken:PlagueMask":38,"conspire:TopHat":21,"White Beast Statue":26,"hubris:Icosahedron":30,"hubris:HerbalPaste":31,"conspire:BottledYoYo":31,"HollowMod:PaleOreRelic":43,"hermit:Momento":0},{"Lantern":16,"Vajra":0,"hubris:VirtuousBlindfold":8,"theForsaken:Lifeblossom":4,"StoneCalendar":12,"betterThird:NestCultRelic":10,"hubris:HollowSoul":14,"Guardian:PocketSentry":5,"Ancient Tea Set":12,"theForsaken:PlagueMask":15,"conspire:TopHat":10,"White Beast Statue":12,"hubris:Icosahedron":13,"hubris:HerbalPaste":13,"conspire:BottledYoYo":13,"HollowMod:PaleOreRelic":16,"hermit:Momento":0},{"Lantern":68,"Vajra":0,"hubris:VirtuousBlindfold":27,"theForsaken:Lifeblossom":11,"StoneCalendar":45,"betterThird:NestCultRelic":34,"hubris:HollowSoul":56,"Guardian:PocketSentry":13,"Ancient Tea Set":45,"theForsaken:PlagueMask":61,"conspire:TopHat":34,"White Beast Statue":45,"hubris:Icosahedron":50,"hubris:HerbalPaste":50,"conspire:BottledYoYo":50,"HollowMod:PaleOreRelic":68,"hermit:Momento":0}]},"card_choices":[{"not_picked":["hermit:Coalescence","hermit:Showdown"],"picked":"hermit:Cheat","floor":1},{"not_picked":["hermit:LuckOfTheDraw","hermit:Ricochet"],"picked":"hermit:Snipe","floor":2},{"not_picked":["hermit:WideOpen","hermit:TakeCover"],"picked":"hermit:PistolWhip","floor":5},{"not_picked":["hermit:OverwhelmingPower","hermit:Manifest"],"picked":"hermit:Combo","floor":7},{"not_picked":["hermit:Coalescence","hermit:Snipe"],"picked":"hermit:GhostlyPresence","floor":10},{"not_picked":["hermit:Shortfuse","hermit:Desperado"],"picked":"hermit:Manifest","floor":13},{"not_picked":["hermit:Coalescence","hermit:Quickdraw"],"picked":"hermit:FlashPowder","floor":14},{"not_picked":["hermit:HighNoon","hermit:FatalDesire"],"picked":"hermit:Dissolve","floor":16},{"not_picked":["hermit:TrackingShot","hermit:Snipe"],"picked":"hermit:Misfire","floor":18},{"not_picked":["hermit:Snipe","hermit:TakeCover"],"picked":"hermit:Roulette","floor":19},{"not_picked":["hermit:CalledShot+1","hermit:Determination"],"picked":"hermit:OverwhelmingPower","floor":21},{"not_picked":["hermit:LowProfile","hermit:ShadowCloak+1"],"picked":"hermit:Determination","floor":21},{"not_picked":["hermit:GhostlyPresence+1","hermit:Manifest"],"picked":"hermit:Vantage","floor":22},{"not_picked":["hermit:Maintenance+1","hermit:GhostlyPresence"],"picked":"hermit:Enervate+1","floor":24},{"not_picked":["hermit:Feint","hermit:ItchyTrigger"],"picked":"hermit:Virtue","floor":29},{"not_picked":["hermit:HeroicBravado","hermit:Purgatory"],"picked":"hermit:Roughhouse","floor":33},{"not_picked":["hermit:TrackingShot","hermit:FullyLoaded"],"picked":"hermit:TakeAim+1","floor":35},{"not_picked":["Flash of Steel","expansioncontent:DarkVoid"],"picked":"ReplayTheSpireMod:Private Reserves","floor":37},{"not_picked":["expansioncontent:DashGenerateEvil","expansioncontent:CaCaw"],"picked":"Impatience","floor":37},{"not_picked":["hermit:TakeCover+1","hermit:Spite+1"],"picked":"hermit:Deadeye","floor":41}],"player_experience":264339,"relics_obtained":[{"floor":9,"key":"theForsaken:Lifeblossom"},{"floor":21,"key":"conspire:TopHat"},{"floor":24,"key":"StoneCalendar"},{"floor":26,"key":"White Beast Statue"},{"floor":27,"key":"Ancient Tea Set"},{"floor":41,"key":"Lantern"},{"floor":43,"key":"HollowMod:PaleOreRelic"}],"event_choices":[{"damage_healed":0,"gold_gain":0,"cards_transformed":["hermit:Defend_Hermit"],"player_choice":"Change","damage_taken":0,"max_hp_gain":0,"max_hp_loss":0,"event_name":"Living Wall","floor":4,"gold_loss":0,"cards_obtained":["hermit:FinalCanter"]},{"damage_healed":0,"gold_gain":30,"player_choice":"Searched \u00273\u0027 times","damage_taken":0,"relics_obtained":["Guardian:PocketSentry"],"max_hp_gain":0,"max_hp_loss":0,"event_name":"Dead Adventurer","floor":11,"gold_loss":0},{"damage_healed":0,"gold_gain":0,"player_choice":"Madness","damage_taken":0,"relics_obtained":["betterThird:NestCultRelic"],"max_hp_gain":0,"max_hp_loss":0,"event_name":"betterThird:BetterNest","floor":20,"gold_loss":0},{"damage_healed":0,"gold_gain":0,"player_choice":"Memory 2","damage_taken":5,"max_hp_gain":0,"max_hp_loss":0,"event_name":"SensoryStone","floor":37,"gold_loss":0},{"damage_healed":0,"gold_gain":0,"player_choice":"Obtain Plague Curse","damage_taken":0,"max_hp_gain":0,"max_hp_loss":0,"event_name":"Plague Doctor","floor":38,"gold_loss":0,"cards_obtained":["theForsaken:PlagueCurse"]},{"damage_healed":0,"gold_gain":0,"player_choice":"1 cards matched","damage_taken":0,"max_hp_gain":0,"max_hp_loss":0,"event_name":"Match and Keep!","floor":39,"gold_loss":0,"cards_obtained":["hermit:Quickdraw"]}],"is_beta":false,"boss_relics":[{"not_picked":["ReplayTheSpireMod:DimensionalGlitch","conspire:RoyalGoblet"],"picked":"hubris:VirtuousBlindfold"},{"not_picked":["Pandora\u0027s Box","beaked:MawFillet"],"picked":"hubris:HollowSoul"}],"items_purged_floors":[],"is_endless":false,"potions_floor_spawned":[5,7,14,16,19,24,29,33,35,41],"killed_by":"3 Darklings","ascension_level":0}}