{"host":"90jl2h70xtuoeg0i","time":1607855324,"event":{"mods":["AchievementEnabler","BaseMod","Colored Map","Colored Powertips","Minty Spire (QoL Compilation)","Relic Stats","ojb\u0027s Better Paths Mod","ojb\u0027s Info Mod"],"gold_per_floor":[99,99,3,3,3,3,3,3,3,3,3,3,3,0,0,0,0,0,0,0,0,0,0,0,0,0,0,0,0,0,0,0,0,0,0,0,0,0,0,0,0,0,0,0,0,0,0,0,0],"floor_reached":48,"playtime":4985,"items_purged":[],"score":994,"play_id":"3684de09-177b-4069-8c39-e733fece0bbb","local_time":"20201213052844","is_ascension_mode":true,"campfire_choices":[{"data":"Poisoned Stab","floor":6.0,"key":"SMITH"},{"data":"Riddle With Holes","floor":8.0,"key":"SMITH"},{"data":"Dagger Spray","floor":10.0,"key":"SMITH"},{"data":"Leg Sweep","floor":15.0,"key":"SMITH"},{"floor":23.0,"key":"REST"},{"floor":25.0,"key":"REST"},{"floor":27.0,"key":"REST"},{"floor":30.0,"key":"REST"},{"data":"Noxious Fumes","floor":32.0,"key":"SMITH"},{"floor":40,"key":"REST"},{"floor":42,"key":"REST"}],"circlet_count":0,"master_deck":["AscendersBane","Survivor","Neutralize","Terror","Noxious Fumes+1","Dagger Spray+1","PiercingWail","Poisoned Stab+1","Riddle With Holes+1","Leg Sweep+1","Bane","Phantasmal Killer","Deadly Poison","Malaise","Endless Agony","Bullet Time","Eviscerate","Malaise","Riddle With Holes","Sucker Punch","Concentrate","Prepared+1","Swift Strike","Cloak And Dagger","Cloak And Dagger","Leg Sweep","Malaise","Jack Of All Trades","Backflip+1"],"relics":["Ectoplasm","Whetstone","Pandora\u0027s Box","MutagenicStrength","Blood Vial","MawBank","Pen Nib","Sozu","Tingsha","Red Mask","Letter Opener"],"acts_visited":["Exordium","TheCity","TheBeyond"],"potions_floor_usage":[33,45],"damage_taken":[{"damage":3.0,"enemies":"Small Slimes","floor":1.0,"turns":6.0},{"damage":2.0,"enemies":"2 Louse","floor":4.0,"turns":3.0},{"damage":4.0,"enemies":"Jaw Worm","floor":5.0,"turns":4.0},{"damage":21.0,"enemies":"Gremlin Nob","floor":7.0,"turns":4.0},{"damage":0.0,"enemies":"Large Slime","floor":12.0,"turns":4.0},{"damage":0.0,"enemies":"Gremlin Gang","floor":13.0,"turns":3.0},{"damage":7.0,"enemies":"Exordium Thugs","floor":14.0,"turns":4.0},{"damage":0.0,"enemies":"Hexaghost","floor":16.0,"turns":8.0},{"damage":6.0,"enemies":"Chosen","floor":18.0,"turns":4.0},{"damage":14.0,"enemies":"2 Thieves","floor":19.0,"turns":3.0},{"damage":16.0,"enemies":"Shelled Parasite and Fungi","floor":22.0,"turns":4.0},{"damage":29.0,"enemies":"Slavers","floor":24.0,"turns":5.0},{"damage":20.0,"enemies":"Sentry and Sphere","floor":28.0,"turns":5.0},{"damage":3.0,"enemies":"Book of Stabbing","floor":29.0,"turns":6.0},{"damage":3.0,"enemies":"Snake Plant","floor":31.0,"turns":5.0},{"damage":31,"enemies":"Champ","floor":33,"turns":9},{"damage":10,"enemies":"3 Darklings","floor":35,"turns":4},{"damage":6,"enemies":"Orb Walker","floor":36,"turns":3},{"damage":41,"enemies":"Writhing Mass","floor":37,"turns":7},{"damage":0,"enemies":"Mind Bloom Boss Battle","floor":38,"turns":7},{"damage":20,"enemies":"4 Shapes","floor":44,"turns":6},{"damage":16,"enemies":"Reptomancer","floor":45,"turns":3},{"damage":3,"enemies":"Sphere and 2 Shapes","floor":47,"turns":5},{"damage":25,"enemies":"Spire Growth","floor":48,"turns":2}],"seed_played":"-9077415557558783145","potions_obtained":[{"floor":1.0,"key":"Poison Potion"},{"floor":4.0,"key":"Explosive Potion"},{"floor":7.0,"key":"Fire Potion"},{"floor":19.0,"key":"BlessingOfTheForge"},{"floor":24.0,"key":"SmokeBomb"},{"floor":28.0,"key":"ColorlessPotion"},{"floor":29.0,"key":"ColorlessPotion"}],"is_trial":false,"path_per_floor":["M","?","$","M","M","R","E","R","T","R","?","M","M","M","R","B",null,"M","M","?","?","M","R","E","R","T","R","M","E","R","M","R","B",null,"M","M","M","?","?","R","?","R","T","M","E","$","M","M"],"character_chosen":"THE_SILENT","items_purchased":["Noxious Fumes","Dagger Spray"],"campfire_rested":6,"item_purchase_floors":[3,3],"current_hp_per_floor":[56,49,49,47,43,43,22,22,22,22,27,27,27,20,20,20,58,52,38,38,26,10,31,2,23,23,44,26,25,46,45,45,16,57,49,45,6,8,8,29,29,50,50,32,18,18,17,0,0],"gold":0,"neow_bonus":"BOSS_RELIC","is_daily":false,"chose_seed":false,"campfire_upgraded":5,"win_rate":0.0,"timestamp":1607855324,"path_taken":["M","?","$","M","M","R","E","R","T","R","?","M","M","M","R","BOSS","M","M","?","?","M","R","E","R","T","R","M","E","R","M","R","BOSS","M","?","M","?","?","R","?","R","T","M","E","?","M","M"],"items_purchased_type":["Card","Card"],"build_version":"2020-11-30","purchased_purges":0,"victory":false,"max_hp_per_floor":[66,66,66,66,66,66,66,66,66,66,71,71,71,71,71,71,71,71,71,71,71,71,71,71,71,71,71,71,71,71,71,71,71,71,71,71,71,71,71,71,71,71,71,71,71,71,71,71,71],"relic_stats":{"Blood Vial":24,"Sozu":3,"counters":[24,114],"Pandora\u0027s Box":["Deadly Poison","Malaise","Endless Agony","Bullet Time","Eviscerate","Malaise","Riddle With Holes","Sucker Punch","Concentrate"],"Tingsha":[34],"Ectoplasm":920,"Pen Nib":[8],"Whetstone":["Strike_G","Strike_G"],"Letter Opener":[79],"MawBank":0,"obtain_stats":[{"Blood Vial":24,"Sozu":34,"MutagenicStrength":20,"Pandora\u0027s Box":17,"Tingsha":38,"Ectoplasm":0,"Pen Nib":29,"Red Mask":41,"Whetstone":7,"Letter Opener":43,"MawBank":26,"Ring of the Snake":0},{"Blood Vial":12,"Sozu":16,"MutagenicStrength":10,"Pandora\u0027s Box":8,"Tingsha":20,"Ectoplasm":0,"Pen Nib":14,"Red Mask":20,"Whetstone":4,"Letter Opener":20,"MawBank":12,"Ring of the Snake":0},{"Blood Vial":52,"Sozu":77,"MutagenicStrength":43,"Pandora\u0027s Box":36,"Tingsha":98,"Ectoplasm":0,"Pen Nib":63,"Red Mask":98,"Whetstone":17,"Letter Opener":98,"MawBank":52,"Ring of the Snake":0}]},"card_choices":[{"not_picked":["Acrobatics","Crippling Poison"],"picked":"Terror","floor":1.0},{"not_picked":["Dodge and Roll","Sucker Punch"],"picked":"PiercingWail","floor":4.0},{"not_picked":["Slice","Caltrops"],"picked":"Poisoned Stab","floor":5.0},{"not_picked":["Sucker Punch","Flying Knee"],"picked":"Riddle With Holes","floor":7.0},{"not_picked":["Well Laid Plans","Backflip"],"picked":"Leg Sweep","floor":12.0},{"not_picked":["Tactician","Dagger Throw"],"picked":"Bane","floor":13.0},{"not_picked":["Poisoned Stab","Blade Dance","Sucker Punch"],"picked":"SKIP","floor":14.0},{"not_picked":["After Image","Burst"],"picked":"Phantasmal Killer","floor":16.0},{"not_picked":["Infinite Blades","Deadly Poison"],"picked":"Prepared+1","floor":18.0},{"not_picked":["Acrobatics","Finisher","Deadly Poison"],"picked":"SKIP","floor":19.0},{"not_picked":["Escape Plan","Prepared"],"picked":"Cloak And Dagger","floor":22.0},{"not_picked":["Doppelganger","Well Laid Plans","Heel Hook"],"picked":"SKIP","floor":24.0},{"not_picked":["Sucker Punch","Bane"],"picked":"Cloak And Dagger","floor":28.0},{"not_picked":["Cloak And Dagger","Distraction"],"picked":"Leg Sweep","floor":29.0},{"not_picked":["Blade Dance","Poisoned Stab","Well Laid Plans"],"picked":"SKIP","floor":31.0},{"not_picked":["Venomology","Glass Knife"],"picked":"Malaise","floor":33},{"not_picked":["Backstab+1","Dagger Throw+1","Masterful Stab+1"],"picked":"SKIP","floor":35},{"not_picked":["Sucker Punch","Skewer","Bouncing Flask"],"picked":"SKIP","floor":36},{"not_picked":["Distraction","Skewer","Cloak And Dagger"],"picked":"SKIP","floor":37},{"not_picked":["Mind Blast","Trip"],"picked":"Jack Of All Trades","floor":39},{"not_picked":["Cloak And Dagger","Backstab"],"picked":"Backflip+1","floor":44},{"not_picked":["Poisoned Stab+1","Deflect","Underhanded Strike"],"picked":"SKIP","floor":47}],"player_experience":1263560,"relics_obtained":[{"floor":7.0,"key":"Whetstone"},{"floor":24.0,"key":"Blood Vial"},{"floor":26.0,"key":"MawBank"},{"floor":29.0,"key":"Pen Nib"},{"floor":38,"key":"Tingsha"},{"floor":43,"key":"Letter Opener"}],"event_choices":[{"cards_removed":["Defend_G"],"damage_healed":0.0,"max_hp_gain":0.0,"max_hp_loss":0.0,"gold_gain":0.0,"event_name":"Golden Wing","player_choice":"Card Removal","floor":2.0,"gold_loss":0.0,"damage_taken":7.0},{"damage_healed":0.0,"max_hp_gain":5.0,"max_hp_loss":0.0,"gold_gain":0.0,"event_name":"Big Fish","player_choice":"Donut","floor":11.0,"gold_loss":0.0,"damage_taken":0.0},{"damage_healed":0.0,"max_hp_gain":0.0,"max_hp_loss":0.0,"gold_gain":0.0,"event_name":"Drug Dealer","player_choice":"Inject Mutagens","floor":20.0,"gold_loss":0.0,"damage_taken":0.0,"relics_obtained":["MutagenicStrength"]},{"damage_healed":0.0,"max_hp_gain":0.0,"max_hp_loss":0.0,"gold_gain":0.0,"event_name":"Knowing Skull","player_choice":"CARD ","floor":21.0,"potions_obtained":[],"gold_loss":0.0,"damage_taken":12.0,"cards_obtained":["Swift Strike"]},{"damage_healed":0,"gold_gain":0,"player_choice":"Fight","damage_taken":0,"max_hp_gain":0,"max_hp_loss":0,"event_name":"MindBloom","floor":38,"gold_loss":0},{"damage_healed":0,"gold_gain":0,"player_choice":"Memory 1","damage_taken":0,"max_hp_gain":0,"max_hp_loss":0,"event_name":"SensoryStone","floor":39,"gold_loss":0},{"damage_healed":0,"gold_gain":0,"player_choice":"Paid","damage_taken":0,"relics_obtained":["Red Mask"],"max_hp_gain":0,"max_hp_loss":0,"event_name":"Tomb of Lord Red Mask","floor":41,"gold_loss":0}],"is_beta":false,"boss_relics":[{"not_picked":["WristBlade","Cursed Key"],"picked":"Pandora\u0027s Box"},{"not_picked":["SlaversCollar","Black Star"],"picked":"Sozu"}],"items_purged_floors":[],"is_endless":false,"potions_floor_spawned":[1,4,7,13,16,19,24,28,29,35,38,47],"killed_by":"Spire Growth","ascension_level":16}}