{"host":"tntnet8s8ws5q0jr","time":1607863717,"event":{"mods":["AchievementEnabler","Aspiration","Bard","BaseMod","Beaked The Cultist","Better Altar","Better Match","Better Note","Better Sensory Stone","Better Skull","Better Third Choice","BetterRewards","CCEM","Clawfect","Colored Map","Conspire","Curses Come First","Downfall","Duelist Mod","GifTheSpireLib","Googly Eyes","Halation","Hermit","Highlight Path","Hubris","Hunter ??","Infinite Spire","Jedi Mod","Jorbs\u0027s Wanderer Trilogy","Mad Scientist","Marisa????????","Mimic Mod","Minty Spire (QoL Compilation)","Permanent Neow","Replay The Spire","Shade Mod","Shop Mod","Spicy Shops","StSLib","Stuff the Spire","The Administrix","The Blackbeard","The Bug Knight","The Construct","The Cursed","The Disciple","The Gatherer","The Hierophant","The IronCluck","The Jungle","The Mystic","The Necromancer","The Problem Sleuth","The Runesmith","The Servant 0.9.4","The Spell Scribe","The Witch","Unceasing Turn Reminder","[IsaacMod]????","everything is the same but u backflip on backflip","slay the spire mod where everything is the same but ironclad has a cowboy hat"],"gold_per_floor":[144,144,144,68,80,108,108,118,152,169,169,186,200,234,234,234,234],"floor_reached":16,"playtime":1036,"items_purged":[],"score":112,"play_id":"18094b9e-7ca4-4b2a-8a18-9e464f616d9d","local_time":"20201214014837","is_ascension_mode":false,"campfire_choices":[{"data":"theDuelist:BabyDragon","floor":7,"key":"SMITH"},{"floor":15,"key":"RECALL"}],"circlet_count":0,"master_deck":[],"relics":["theDuelist:MillenniumPuzzle","theDuelist:CardPoolRelic","theDuelist:CardPoolBasicRelic","theDuelist:BoosterPackPoolRelic","theDuelist:CardPoolAddRelic","theDuelist:CardPoolMinusRelic","theDuelist:CardPoolSaveRelic","theDuelist:CardPoolOptionsRelic","HushsDoor","KeepersGift","aspiration:Nostalgia","theSleuth:Typewriter","infinitespire:Beetle Shell","theDuelist:CursedHealer","HowToJump"],"acts_visited":["Exordium"],"potions_floor_usage":[16,16],"damage_taken":[{"damage":8,"enemies":"Small Slimes","floor":1,"turns":4},{"damage":0,"enemies":"Jaw Worm","floor":5,"turns":2},{"damage":25,"enemies":"3 Sentries","floor":6,"turns":7},{"damage":0,"enemies":"Cultist","floor":8,"turns":3},{"damage":0,"enemies":"Blue Slaver","floor":9,"turns":6},{"damage":6,"enemies":"Blue Slaver","floor":10,"turns":2},{"damage":8,"enemies":"3 Louse","floor":12,"turns":4},{"damage":1,"enemies":"Exordium Wildlife","floor":13,"turns":3},{"damage":4,"enemies":"Gremlin Nob","floor":14,"turns":3},{"damage":1019,"enemies":"Slime Boss","floor":16,"turns":11}],"seed_played":"688310423946142659","potions_obtained":[{"floor":1,"key":"theDuelist:VampireVial"},{"floor":6,"key":"PowerPotion"},{"floor":10,"key":"LiquidBronze"}],"is_trial":false,"path_per_floor":["M","?","?","$","M","E","R","M","MIM","M","?","M","M","E","R","B"],"character_chosen":"THE_DUELIST","items_purchased":["theDuelist:RedEyes"],"campfire_rested":0,"item_purchase_floors":[4],"current_hp_per_floor":[72,72,72,72,72,47,47,47,47,41,66,58,57,53,53,0,0],"gold":234,"neow_bonus":"NOSTALGIA","is_daily":false,"chose_seed":false,"campfire_upgraded":1,"win_rate":0.0,"timestamp":1607863717,"path_taken":["M","?","?","?","M","E","R","M","MIM","?","?","M","M","E","R","BOSS"],"items_purchased_type":["Card"],"build_version":"2020-11-30","purchased_purges":0,"victory":false,"max_hp_per_floor":[80,80,80,80,80,80,80,80,80,80,80,80,80,80,80,1,1],"card_choices":[{"not_picked":["theDuelist:TwinBarrelDragon","theDuelist:MoltenDestruction","theDuelist:YamataDragon","theDuelist:ScrapIronScarecrow"],"picked":"theDuelist:BlueEyesUltimate","floor":0},{"not_picked":["theDuelist:Earthquake","theDuelist:ScrapIronScarecrow","theDuelist:CyberDragonDrei","theDuelist:DarkstormDragon"],"picked":"theDuelist:HazyFlameHydra","floor":1},{"not_picked":["theDuelist:BattleguardKing","theDuelist:BigFire","theDuelist:LightningDarts","theDuelist:RainbowOverdragon","theDuelist:Hinotama"],"picked":"SKIP","floor":5},{"not_picked":["theDuelist:LesserDragon","theDuelist:Kabazauls","theDuelist:BusterBlader","theDuelist:MadSwordBeast"],"picked":"theDuelist:DarkHorus","floor":6},{"not_picked":["theDuelist:TwinHeadedFire","theDuelist:MadSwordBeast","theDuelist:CyberValley","theDuelist:BusterBlader"],"picked":"theDuelist:DragonZombie","floor":8},{"not_picked":["Deep Breath","Metamorphosis","PanicButton","Thinking Ahead"],"picked":"SKIP","floor":10},{"not_picked":["theDuelist:BattleguardKing","theDuelist:BigFire","theDuelist:Hinotama","theDuelist:LightningDarts","theDuelist:SmashingGround"],"picked":"SKIP","floor":12},{"not_picked":["theDuelist:DarkHorus","theDuelist:DragonPiper","theDuelist:Anthrosaurus","theDuelist:AquaDolphin"],"picked":"theDuelist:MaskedDragon","floor":13},{"not_picked":["theDuelist:JurassicImpact","theDuelist:DragonTreasure","theDuelist:ArtifactSanctum"],"picked":"theDuelist:BoosterDragon","floor":14}],"player_experience":54369,"relics_obtained":[{"floor":6,"key":"infinitespire:Beetle Shell"},{"floor":14,"key":"HowToJump"}],"event_choices":[{"damage_healed":0,"gold_gain":0,"player_choice":"Succumb - +25HP/Cursed Relic","duelist":true,"damage_taken":0,"max_hp_gain":0,"max_hp_loss":0,"event_name":"Tomb of the Nameless","floor":11,"gold_loss":0}],"is_beta":false,"boss_relics":[],"items_purged_floors":[],"is_endless":false,"potions_floor_spawned":[1,6,10,13,14],"killed_by":"Slime Boss","ascension_level":0}}