{"host":"7yyoe0ei0fseceei","time":1607881113,"event":{"mods":["BaseMod","Colored Map","Highlight Path","Minty Spire (QoL Compilation)","Quick Restart"],"gold_per_floor":[113,84,99,149,168,195,206,224,224,241,241,241],"floor_reached":11,"playtime":330,"items_purged":[],"score":154,"play_id":"97e6d69c-6b8c-4418-94e8-7216db04624e","local_time":"20201213183833","is_ascension_mode":true,"campfire_choices":[],"circlet_count":0,"master_deck":["AscendersBane","Strike_R","Strike_R","Strike_R","Strike_R","Strike_R","Defend_R","Defend_R","Defend_R","Defend_R","Bash","Shrug It Off","Pommel Strike","Infernal Blade","Wild Strike","Disarm","Spot Weakness","Pommel Strike","Flame Barrier"],"relics":["Burning Blood","NeowsBlessing","Mango","Kunai"],"acts_visited":["Exordium"],"potions_floor_usage":[11],"damage_taken":[{"damage":0.0,"enemies":"Small Slimes","floor":1.0,"turns":2.0},{"damage":0.0,"enemies":"Cultist","floor":3.0,"turns":1.0},{"damage":0,"enemies":"Jaw Worm","floor":5,"turns":1},{"damage":29,"enemies":"3 Sentries","floor":6,"turns":12},{"damage":8,"enemies":"3 Louse","floor":7,"turns":3},{"damage":15,"enemies":"Large Slime","floor":8,"turns":5},{"damage":7,"enemies":"2 Fungi Beasts","floor":10,"turns":4},{"damage":54,"enemies":"Gremlin Nob","floor":11,"turns":4}],"seed_played":"-513865196591916169","potions_obtained":[{"floor":6,"key":"Ancient Potion"},{"floor":8,"key":"FearPotion"}],"is_trial":false,"path_per_floor":["M","$","M","?","M","E","M","M","T","M","E"],"character_chosen":"IRONCLAD","items_purchased":["Pommel Strike"],"campfire_rested":0,"item_purchase_floors":[2],"current_hp_per_floor":[74,74,75,68,74,65,63,54,54,53,0,0],"gold":241,"neow_bonus":"THREE_ENEMY_KILL","is_daily":false,"chose_seed":false,"campfire_upgraded":0,"win_rate":0.0,"timestamp":1607881113,"path_taken":["M","$","M","?","?","E","M","M","T","M","E"],"items_purchased_type":["Card"],"build_version":"2020-11-30","purchased_purges":0,"victory":false,"max_hp_per_floor":[75,75,75,75,75,89,89,89,89,89,89,89],"card_choices":[{"not_picked":["Armaments","Searing Blow"],"picked":"Shrug It Off","floor":1.0},{"not_picked":["Ghostly Armor","Seeing Red"],"picked":"Infernal Blade","floor":3.0},{"not_picked":["True Grit","Anger"],"picked":"Wild Strike","floor":5},{"not_picked":["Perfected Strike","Heavy Blade"],"picked":"Disarm","floor":6},{"not_picked":["Warcry","Searing Blow"],"picked":"Spot Weakness","floor":7},{"not_picked":["True Grit","Clothesline"],"picked":"Pommel Strike","floor":8},{"not_picked":["Havoc","Rupture"],"picked":"Flame Barrier","floor":10}],"player_experience":843501,"relics_obtained":[{"floor":6,"key":"Mango"},{"floor":9,"key":"Kunai"}],"event_choices":[{"damage_healed":0,"gold_gain":50,"player_choice":"Touch","damage_taken":7,"max_hp_gain":0,"max_hp_loss":0,"event_name":"FaceTrader","floor":4,"gold_loss":0}],"is_beta":false,"boss_relics":[],"items_purged_floors":[],"is_endless":false,"potions_floor_spawned":[6,8,10],"killed_by":"Gremlin Nob","ascension_level":20}}