{"host":"5trcja4hacd149zc","time":1607837452,"event":{"mods":["BaseMod","Colored Map","Minty Spire (QoL Compilation)","Relic Stats"],"gold_per_floor":[210,210,1,1,11,11,11,11,11],"floor_reached":8,"playtime":154,"items_purged":[],"score":88,"play_id":"22a24450-9480-440e-9afe-6555395b7a5d","local_time":"20201212233052","is_ascension_mode":true,"campfire_choices":[{"data":"Bouncing Flask","floor":6,"key":"SMITH"}],"circlet_count":0,"master_deck":["AscendersBane","Strike_G","Strike_G","Strike_G","Strike_G","Defend_G+1","Defend_G","Defend_G","Defend_G","Defend_G","Survivor","Neutralize+1","Caltrops","Footwork","Bouncing Flask+1"],"relics":["Ring of the Snake","TwistedFunnel"],"acts_visited":["Exordium"],"potions_floor_usage":[],"damage_taken":[{"damage":2,"enemies":"Small Slimes","floor":1,"turns":6},{"damage":0,"enemies":"Jaw Worm","floor":5,"turns":6},{"damage":72,"enemies":"Gremlin Nob","floor":8,"turns":4}],"seed_played":"-3408202958497871391","potions_obtained":[],"is_trial":false,"path_per_floor":["M","?","$","?","M","R","?","E"],"character_chosen":"THE_SILENT","items_purchased":["TwistedFunnel","Footwork"],"campfire_rested":0,"item_purchase_floors":[3,3],"current_hp_per_floor":[57,50,50,55,55,55,34,0,0],"gold":11,"neow_bonus":"HUNDRED_GOLD","is_daily":false,"chose_seed":false,"campfire_upgraded":1,"win_rate":0.0,"timestamp":1607837452,"path_taken":["M","?","$","?","M","R","?","E"],"items_purchased_type":["Relic","Card"],"build_version":"2020-11-30","purchased_purges":0,"victory":false,"max_hp_per_floor":[66,66,66,71,71,71,71,71,71],"relic_stats":{"counters":[3,16],"obtain_stats":[{"TwistedFunnel":3,"Ring of the Snake":0},{"TwistedFunnel":1,"Ring of the Snake":0},{"TwistedFunnel":6,"Ring of the Snake":0}],"Ring of the Snake":[6]},"card_choices":[{"not_picked":["Underhanded Strike","Deflect"],"picked":"Caltrops","floor":1},{"not_picked":["Backflip","Footwork"],"picked":"Bouncing Flask","floor":5}],"player_experience":744343,"relics_obtained":[],"event_choices":[{"cards_removed":["Strike_G"],"damage_healed":0,"gold_gain":0,"player_choice":"Card Removal","damage_taken":7,"max_hp_gain":0,"max_hp_loss":0,"event_name":"Golden Wing","floor":2,"gold_loss":0},{"damage_healed":0,"gold_gain":0,"player_choice":"Donut","damage_taken":0,"max_hp_gain":5,"max_hp_loss":0,"event_name":"Big Fish","floor":4,"gold_loss":0},{"damage_healed":0,"gold_gain":0,"player_choice":"Entered Light","damage_taken":21,"max_hp_gain":0,"max_hp_loss":0,"event_name":"Shining Light","floor":7,"gold_loss":0,"cards_upgraded":["Defend_G","Neutralize"]}],"is_beta":false,"boss_relics":[],"items_purged_floors":[],"is_endless":false,"potions_floor_spawned":[],"killed_by":"Gremlin Nob","ascension_level":20}}