{"host":"vjza61176pkzgzt7","time":1607892783,"event":{"mods":["BaseMod","Better Third Choice","Minty Spire (QoL Compilation)","StSLib","The Forsaken"],"gold_per_floor":[110,124,95,95,110,130,39,39,39,53,53,63,63,77,77,173,173,162,26,42,42,42],"floor_reached":21,"playtime":5254,"items_purged":[],"score":173,"play_id":"fdd8c583-8452-44bd-b9dc-cf2c7c9bbb9d","local_time":"20201213145303","is_ascension_mode":false,"campfire_choices":[{"data":"theForsaken:FuryStrikes","floor":8,"key":"SMITH"},{"floor":11,"key":"REST"},{"floor":13,"key":"REST"},{"floor":15,"key":"REST"}],"circlet_count":0,"master_deck":["theForsaken:TheForsaken_Strike","theForsaken:TheForsaken_Strike","theForsaken:TheForsaken_Strike","theForsaken:TheForsaken_Strike","theForsaken:TheForsaken_Defend","theForsaken:TheForsaken_Defend","theForsaken:TheForsaken_Defend","theForsaken:TheForsaken_Defend","theForsaken:Smite","theForsaken:Penitence","theForsaken:ScorchingSunlight","theForsaken:FuryStrikes+1","theForsaken:PlagueCurse","theForsaken:ShieldBash","theForsaken:RainingSunlight","theForsaken:HymnOfPatience","theForsaken:AncientWords","theForsaken:ShieldBash","theForsaken:HealingLight","theForsaken:Backlash","theForsaken:DivineGuidance","theForsaken:FatRoll","theForsaken:TearsOfSunlight","theForsaken:ChargeAttack"],"relics":["theForsaken:JudgementScales","betterThird:SlimedRelic","theForsaken:PlagueMask","InkBottle","Velvet Choker"],"acts_visited":["Exordium","TheCity"],"potions_floor_usage":[10,16],"damage_taken":[{"damage":0,"enemies":"Cultist","floor":1,"turns":5},{"damage":0,"enemies":"Small Slimes","floor":2,"turns":4},{"damage":17,"enemies":"Jaw Worm","floor":5,"turns":6},{"damage":15,"enemies":"Exordium Wildlife","floor":6,"turns":4},{"damage":19,"enemies":"Gremlin Gang","floor":10,"turns":4},{"damage":23,"enemies":"Blue Slaver","floor":12,"turns":3},{"damage":15,"enemies":"2 Fungi Beasts","floor":14,"turns":6},{"damage":47,"enemies":"Slime Boss","floor":16,"turns":12},{"damage":5,"enemies":"2 Thieves","floor":18,"turns":4},{"damage":33,"enemies":"Shell Parasite","floor":20,"turns":9},{"damage":54,"enemies":"Sentry and Sphere","floor":21,"turns":7}],"seed_played":"-2871212806232968813","potions_obtained":[{"floor":1,"key":"SkillPotion"},{"floor":10,"key":"Weak Potion"},{"floor":16,"key":"BlessingOfTheForge"},{"floor":18,"key":"BlessingOfTheForge"}],"is_trial":false,"path_per_floor":["M","M","?","?","M","M","$","R","T","M","R","M","R","M","R","B",null,"M","$","M","M"],"character_chosen":"THE_FORSAKEN","items_purchased":["theForsaken:HymnOfPatience","theForsaken:AncientWords","theForsaken:TearsOfSunlight"],"campfire_rested":3,"item_purchase_floors":[7,7,19],"current_hp_per_floor":[71,71,60,60,43,31,31,31,31,12,33,12,33,21,42,7,71,71,71,47,0,0],"gold":42,"neow_bonus":"TEN_PERCENT_HP_BONUS","is_daily":false,"chose_seed":false,"campfire_upgraded":1,"win_rate":0.0,"timestamp":1607892783,"path_taken":["M","M","?","?","M","M","?","R","T","M","R","M","R","?","R","BOSS","M","$","M","M"],"items_purchased_type":["Card","Card","Card"],"build_version":"2020-11-30","purchased_purges":0,"victory":false,"max_hp_per_floor":[71,71,71,71,71,71,71,71,71,71,71,71,71,71,71,71,71,71,71,71,71,71],"card_choices":[{"not_picked":["theForsaken:StoreUp","theForsaken:CreepingInfection"],"picked":"theForsaken:ScorchingSunlight","floor":1},{"not_picked":["theForsaken:ScorchingSunlight","theForsaken:CorruptedForm"],"picked":"theForsaken:FuryStrikes","floor":2},{"not_picked":["theForsaken:FuryStrikes","theForsaken:PanicDive"],"picked":"theForsaken:ShieldBash","floor":5},{"not_picked":["theForsaken:StoreUp","theForsaken:Eulogy"],"picked":"theForsaken:RainingSunlight","floor":6},{"not_picked":["theForsaken:BlightOfFamine","theForsaken:PowerUp"],"picked":"theForsaken:ShieldBash","floor":10},{"not_picked":["theForsaken:StoreUp","theForsaken:NobleSacrifice"],"picked":"theForsaken:HealingLight","floor":12},{"not_picked":["theForsaken:NobleSacrifice","theForsaken:DarkBargain"],"picked":"theForsaken:Backlash","floor":14},{"not_picked":["theForsaken:Confusion","theForsaken:Prudence"],"picked":"theForsaken:DivineGuidance","floor":16},{"not_picked":["theForsaken:NobleSacrifice","theForsaken:DarkBargain"],"picked":"theForsaken:FatRoll","floor":18},{"not_picked":["theForsaken:ShieldCharge","theForsaken:Parry"],"picked":"theForsaken:ChargeAttack","floor":20}],"player_experience":96265,"relics_obtained":[{"floor":9,"key":"InkBottle"}],"event_choices":[{"damage_healed":0,"gold_gain":0,"player_choice":"Slimed","damage_taken":11,"max_hp_gain":0,"max_hp_loss":0,"event_name":"betterThird:BetterGoop","floor":3,"gold_loss":29},{"damage_healed":0,"gold_gain":0,"player_choice":"Obtain Plague Curse","damage_taken":0,"max_hp_gain":0,"max_hp_loss":0,"event_name":"Plague Doctor","floor":4,"gold_loss":0,"cards_obtained":["theForsaken:PlagueCurse"]}],"is_beta":false,"boss_relics":[{"not_picked":["Black Star","Runic Dome"],"picked":"Velvet Choker"}],"items_purged_floors":[],"is_endless":false,"potions_floor_spawned":[1,10,16,18],"killed_by":"Sentry and Sphere","ascension_level":0}}