{"host":"ar7ngit67p83lwvr","time":1607851509,"event":{"mods":["BaseMod","Better Third Choice","Hermit","Koishi","Minty Spire (QoL Compilation)","StSLib","The Cursed","The Disciple","The Runesmith","The Servant 0.9.4"],"gold_per_floor":[114,114,129,129,54,84,99,99,124,154,154,54,69,84,84,184,184,199,214,214,214,214,214,244,259,309,309,339,354,369,384,384,484,484,499,499,514,514,514],"floor_reached":40,"playtime":3746,"items_purged":["Koishi:BasicDefend","Koishi:BasicDefend"],"score":661,"play_id":"d0664047-4b62-4882-b658-0e2b5eca2b0c","local_time":"20201213012509","daily_mods":["Specialized","Red Cards","Binary"],"is_ascension_mode":false,"campfire_choices":[{"data":"Koishi:ParalyzingFear","floor":8,"key":"SMITH"},{"data":"Koishi:PerfectMindControl","floor":15,"key":"SMITH"},{"data":"Koishi:TerrifyingSpectre","floor":23,"key":"SMITH"},{"floor":32,"key":"DIG"}],"circlet_count":0,"master_deck":["Koishi:BasicStrike","Koishi:BasicStrike","Koishi:BasicDefend","Koishi:BasicDefend+1","Koishi:Provoke+1","Koishi:HauntingSlash","Koishi:PredatoryInstincts","Koishi:PredatoryInstincts","Koishi:PredatoryInstincts","Koishi:PredatoryInstincts","Koishi:PredatoryInstincts","Koishi:EmbryosDream+1","Koishi:ParalyzingFear+1","Koishi:YoukaiPolygraph","Koishi:PerfectMindControl+1","Koishi:FleetingPhantom","Koishi:TerrifyingSpectre+1","Koishi:DreadfulBlow+1","Koishi:PredatoryInstincts","Koishi:Catatonia","Koishi:Catatonia","Koishi:YoukaiPolygraph","Koishi:BramblyRoseGarden+1","Koishi:BloodcurdlingScream","Koishi:RuptureMind","Koishi:FidgetySnatcher+1","Koishi:DNAsFlaw"],"relics":["Koishi:ImaginaryFriend","Bag of Preparation","Runesmith:AutoHammer","Bottled Flame","Coffee Dripper","MutagenicStrength","Letter Opener","StrikeDummy","Anchor","Shovel","War Paint","Fusion Hammer"],"acts_visited":["Exordium","TheCity","TheBeyond"],"potions_floor_usage":[6,24,24,24,33,39,39,39],"damage_taken":[{"damage":3,"enemies":"Small Slimes","floor":1,"turns":4},{"damage":2,"enemies":"Cultist","floor":3,"turns":6},{"damage":28,"enemies":"Lagavulin","floor":6,"turns":10},{"damage":2,"enemies":"2 Louse","floor":7,"turns":2},{"damage":12,"enemies":"3 Sentries","floor":10,"turns":11},{"damage":15,"enemies":"Exordium Thugs","floor":13,"turns":5},{"damage":5,"enemies":"Lots of Slimes","floor":14,"turns":5},{"damage":19,"enemies":"Slime Boss","floor":16,"turns":14},{"damage":0,"enemies":"Chosen","floor":18,"turns":8},{"damage":4,"enemies":"Shell Parasite","floor":19,"turns":9},{"damage":0,"enemies":"Gremlin Leader","floor":24,"turns":7},{"damage":0,"enemies":"Shelled Parasite and Fungi","floor":25,"turns":5},{"damage":12,"enemies":"Book of Stabbing","floor":28,"turns":6},{"damage":24,"enemies":"Chosen and Byrds","floor":29,"turns":5},{"damage":0,"enemies":"Centurion and Healer","floor":30,"turns":7},{"damage":0,"enemies":"3 Cultists","floor":31,"turns":5},{"damage":19,"enemies":"Automaton","floor":33,"turns":9},{"damage":0,"enemies":"Orb Walker","floor":35,"turns":2},{"damage":12,"enemies":"3 Darklings","floor":37,"turns":5},{"damage":12,"enemies":"Time Eater","floor":39,"turns":10}],"seed_played":"4834798368356638827","potions_obtained":[{"floor":1,"key":"SteroidPotion"},{"floor":7,"key":"SteroidPotion"},{"floor":10,"key":"Swift Potion"},{"floor":16,"key":"Energy Potion"},{"floor":25,"key":"FearPotion"},{"floor":28,"key":"Strength Potion"},{"floor":30,"key":"PowerPotion"},{"floor":35,"key":"ColorlessPotion"}],"is_trial":false,"path_per_floor":["M","?","M","?","$","E","M","R","T","E","?","$","M","M","R","B",null,"M","M","?","?","?","R","E","M","T","?","E","M","M","M","R","B",null,"M","?","M","?","B",null],"character_chosen":"KOISHI","items_purchased":[],"campfire_rested":0,"item_purchase_floors":[],"current_hp_per_floor":[60,60,60,60,60,55,60,60,60,60,60,60,60,60,60,60,60,60,60,60,60,60,60,60,60,60,60,60,57,60,60,60,60,60,60,60,60,60,55],"gold":514,"neow_bonus":"","is_daily":true,"chose_seed":false,"campfire_upgraded":3,"win_rate":0.0,"timestamp":1607851509,"path_taken":["M","?","?","?","?","E","?","R","T","E","?","?","M","M","R","BOSS","M","M","?","?","?","R","E","M","T","?","E","?","M","M","R","BOSS","M","?","?","?","BOSS"],"items_purchased_type":[],"build_version":"2020-11-30","purchased_purges":2,"victory":true,"max_hp_per_floor":[60,60,60,60,60,60,60,60,60,60,60,60,60,60,60,60,60,60,60,60,60,60,60,60,60,60,60,60,60,60,60,60,60,60,60,60,60,60,60],"card_choices":[{"not_picked":["Koishi:PhantomBarrier"],"picked":"Koishi:EmbryosDream","floor":1},{"not_picked":["Koishi:RacingHeart"],"picked":"Koishi:ParalyzingFear","floor":3},{"not_picked":["Koishi:FreudianInstinct","Koishi:PhantomBarrier"],"picked":"SKIP","floor":6},{"not_picked":["Koishi:StingingMind","Koishi:PhantomBarrier"],"picked":"SKIP","floor":7},{"not_picked":["Koishi:SprinkleStarAndHeart"],"picked":"Koishi:YoukaiPolygraph","floor":10},{"not_picked":["Koishi:StingingMind"],"picked":"Koishi:FleetingPhantom","floor":13},{"not_picked":["Koishi:FormlessExistence","Koishi:PhantomStrike"],"picked":"SKIP","floor":14},{"not_picked":["Koishi:Ego"],"picked":"Koishi:TerrifyingSpectre","floor":16},{"not_picked":["Koishi:RacingHeart+1"],"picked":"Koishi:DreadfulBlow+1","floor":18},{"not_picked":["Koishi:PhantomStrike+1"],"picked":"Koishi:PredatoryInstincts","floor":19},{"not_picked":["Koishi:MindStellarRelief"],"picked":"Koishi:Catatonia","floor":24},{"not_picked":["Koishi:SubterraneanRose","Koishi:UnconsciousUprising+1"],"picked":"SKIP","floor":25},{"not_picked":["Koishi:JumpScare+1"],"picked":"Koishi:YoukaiPolygraph","floor":28},{"not_picked":["Koishi:FreudianInstinct"],"picked":"Koishi:BramblyRoseGarden+1","floor":29},{"not_picked":["Koishi:PhantomBarrier","Koishi:FleetingPhantom+1"],"picked":"SKIP","floor":30},{"not_picked":["Koishi:ParalyzingFear+1"],"picked":"Koishi:BloodcurdlingScream","floor":31},{"not_picked":["Koishi:FadingMemory"],"picked":"Koishi:RuptureMind","floor":33},{"not_picked":["Koishi:CatchAndRose"],"picked":"Koishi:FidgetySnatcher+1","floor":35},{"not_picked":["Koishi:FleetingPhantom+1","Koishi:GhostParty"],"picked":"SKIP","floor":37}],"player_experience":156013,"relics_obtained":[{"floor":6,"key":"Bag of Preparation"},{"floor":9,"key":"Runesmith:AutoHammer"},{"floor":10,"key":"Bottled Flame"},{"floor":24,"key":"StrikeDummy"},{"floor":26,"key":"Anchor"},{"floor":28,"key":"Shovel"},{"floor":32,"key":"War Paint"}],"event_choices":[{"cards_removed":["Koishi:BasicStrike"],"damage_healed":0,"gold_gain":0,"player_choice":"Offered Basic","damage_taken":0,"max_hp_gain":0,"max_hp_loss":0,"event_name":"Bonfire Elementals","floor":2,"gold_loss":0},{"damage_healed":0,"gold_gain":0,"player_choice":"Forge","damage_taken":0,"max_hp_gain":0,"max_hp_loss":0,"event_name":"Accursed Blacksmith","floor":4,"gold_loss":0,"cards_upgraded":["Koishi:EmbryosDream"]},{"damage_healed":0,"gold_gain":0,"player_choice":"1 cards matched","damage_taken":0,"max_hp_gain":0,"max_hp_loss":0,"event_name":"Match and Keep!","floor":11,"gold_loss":0,"cards_obtained":["Koishi:PerfectMindControl"]},{"damage_healed":0,"gold_gain":0,"player_choice":"Ignored","damage_taken":0,"max_hp_gain":0,"max_hp_loss":0,"event_name":"Vampires","floor":20,"gold_loss":0},{"damage_healed":0,"gold_gain":0,"player_choice":"Inject Mutagens","damage_taken":0,"relics_obtained":["MutagenicStrength"],"max_hp_gain":0,"max_hp_loss":0,"event_name":"Drug Dealer","floor":21,"gold_loss":0},{"damage_healed":0,"gold_gain":0,"player_choice":"Opened","damage_taken":0,"relics_obtained":["Letter Opener"],"max_hp_gain":0,"max_hp_loss":0,"event_name":"The Mausoleum","floor":22,"gold_loss":0},{"damage_healed":0,"gold_gain":0,"player_choice":"Read","damage_taken":0,"max_hp_gain":0,"max_hp_loss":0,"event_name":"The Library","floor":27,"gold_loss":0,"cards_obtained":["Koishi:Catatonia"]},{"damage_healed":0,"gold_gain":0,"cards_transformed":["Koishi:BasicStrike"],"player_choice":"Transformed","damage_taken":0,"max_hp_gain":0,"max_hp_loss":0,"event_name":"Transmorgrifier","floor":36,"gold_loss":0,"cards_obtained":["Koishi:DNAsFlaw"]},{"damage_healed":0,"gold_gain":0,"player_choice":"Portal","damage_taken":0,"max_hp_gain":0,"max_hp_loss":0,"event_name":"betterThird:BetterPortal","floor":38,"gold_loss":0}],"is_beta":false,"boss_relics":[{"not_picked":["Tiny House","Empty Cage"],"picked":"Coffee Dripper"},{"not_picked":["Pandora\u0027s Box","Philosopher\u0027s Stone"],"picked":"Fusion Hammer"}],"items_purged_floors":[5,12],"is_endless":false,"potions_floor_spawned":[1,7,10,16,25,28,30,35],"ascension_level":0}}