{"host":"x5ow3h9y3elojghk","time":1607863677,"event":{"mods":["BaseMod","Downfall","Duelist Mod","KinomotoSakuraMod(ƒæ÷Æ±æ”£)","Marisa£®ÏF”Í°°ƒß¿Ì…≥£©","Minty Spire (QoL Compilation)","Reimu£®≤©¿ˆ¡È√Œ£©","Remilia£®¿Ÿ√◊¿Ú—«£©","StSLib","The Administrix","The Bug Knight","The Construct","The Cursed","The Hierophant","The Poker Player","The Runesmith","The Senshi","The Servant 0.9.4","Youmu£®ªÍ∆«—˝√Œ£©","[IsaacMod]“‘»ˆº‚À˛"],"gold_per_floor":[113,126,51,65,83,110,110,142,142,153,212,212,212,228,228,328,328,348,348,363,376,392,392,423,423,448,473,491,526,23,41,41,141,141,152,171,221,233,233,233],"floor_reached":39,"playtime":1728,"items_purged":["HollowMod:NailStrikeStart","HollowMod:QuickDashStart"],"score":580,"play_id":"7a97fa10-e2d8-4d16-b868-343cabf8ee46","local_time":"20201213204757","is_ascension_mode":true,"campfire_choices":[{"data":"HollowMod:QuirrelsAssistance","floor":7,"key":"SMITH"},{"data":"HollowMod:NailStrikeStart","floor":12,"key":"SMITH"},{"data":"HollowMod:NailStrikeStart","floor":15,"key":"SMITH"},{"data":"HollowMod:VoidDash","floor":23,"key":"SMITH"},{"data":"HollowMod:FastStrike","floor":25,"key":"SMITH"},{"data":"HollowMod:Weaversong","floor":32,"key":"SMITH"}],"circlet_count":0,"master_deck":["HollowMod:NailStrikeStart","HollowMod:NailStrikeStart+1","HollowMod:NailStrikeStart+1","HollowMod:QuickDashStart","HollowMod:FocusHealStart","HollowMod:PogoStrike","HollowMod:QuirrelsAssistance+1","HollowMod:NewGlowingWomb","HollowMod:VoidDash+1","HollowMod:FastStrike+1","HollowMod:Weaversong+1","HollowMod:InfectedCysts+1"],"relics":["HollowMod:VesselMask","HushsDoor","PunchingBag","StrikeDummy","TheBean","Pear","MealTicket","Busted Crown","Ancient Tea Set","BelialBook","Vajra","RuthlessExorcism:ReiMu","Orrery","Toy Ornithopter","Fusion Hammer","Mango"],"acts_visited":["Exordium","TheCity","TheBeyond"],"potions_floor_usage":[4,6,10,11,11,20,21,21,27,33,35,35,36],"damage_taken":[{"damage":1,"enemies":"Cultist","floor":1,"turns":3},{"damage":0,"enemies":"2 Louse","floor":2,"turns":2},{"damage":0,"enemies":"Jaw Worm","floor":4,"turns":3},{"damage":0,"enemies":"Lots of Slimes","floor":5,"turns":1},{"damage":1,"enemies":"Gremlin Nob","floor":6,"turns":3},{"damage":2,"enemies":"Lagavulin","floor":8,"turns":4},{"damage":0,"enemies":"Looter","floor":10,"turns":1},{"damage":6,"enemies":"Lagavulin Event","floor":11,"turns":3},{"damage":4,"enemies":"Gremlin Gang","floor":14,"turns":3},{"damage":62,"enemies":"The Guardian","floor":16,"turns":11},{"damage":0,"enemies":"3 Byrds","floor":18,"turns":3},{"damage":0,"enemies":"Spheric Guardian","floor":20,"turns":3},{"damage":0,"enemies":"Snake Plant","floor":21,"turns":3},{"damage":9,"enemies":"Centurion and Healer","floor":22,"turns":5},{"damage":6,"enemies":"Gremlin Leader","floor":24,"turns":4},{"damage":23,"enemies":"Slavers","floor":27,"turns":2},{"damage":5,"enemies":"Snecko","floor":28,"turns":3},{"damage":6,"enemies":"Book of Stabbing","floor":29,"turns":3},{"damage":0,"enemies":"Cultist and Chosen","floor":31,"turns":2},{"damage":8,"enemies":"Champ","floor":33,"turns":4},{"damage":10,"enemies":"3 Shapes","floor":35,"turns":2},{"damage":20,"enemies":"3 Darklings","floor":36,"turns":3},{"damage":29,"enemies":"2 Orb Walkers","floor":37,"turns":3},{"damage":0,"enemies":"4 Shapes","floor":38,"turns":2},{"damage":57,"enemies":"Orin","floor":39,"turns":5}],"seed_played":"-3520941932544550839","potions_obtained":[{"floor":1,"key":"Block Potion"},{"floor":4,"key":"Fire Potion"},{"floor":6,"key":"ZuzhouPotion:ReiMu"},{"floor":8,"key":"DistilledChaos"},{"floor":10,"key":"FearPotion"},{"floor":19,"key":"Fruit Juice"},{"floor":19,"key":"Fire Potion"},{"floor":19,"key":"Swift Potion"},{"floor":20,"key":"SkillPotion"},{"floor":21,"key":"Dexterity Potion"},{"floor":27,"key":"construct:ShiftPotion"},{"floor":33,"key":"Fruit Juice"},{"floor":35,"key":"Block Potion"}],"is_trial":false,"path_per_floor":["M","M","$","M","M","E","R","E","T","M","?","R","?","M","R","B",null,"M","?","M","M","M","R","E","R","T","E","M","E","$","M","R","B",null,"M","M","?","M","?"],"character_chosen":"THE_BUGKNIGHT","items_purchased":["Orrery","Toy Ornithopter","MagicPotion:ReiMu"],"campfire_rested":0,"item_purchase_floors":[30,30,30],"current_hp_per_floor":[59,59,59,65,65,64,64,62,72,72,66,66,66,62,62,12,85,85,85,90,90,87,87,81,81,81,58,53,47,62,62,62,59,90,85,70,55,55,0,0],"gold":233,"neow_bonus":"REMOVE_TWO","is_daily":false,"chose_seed":false,"campfire_upgraded":6,"win_rate":0.0,"timestamp":1607863677,"path_taken":["M","M","?","M","M","E","R","E","T","M","?","R","?","M","R","BOSS","M","?","M","?","M","R","E","R","T","E","M","E","?","M","R","BOSS","M","M","?","M","?"],"items_purchased_type":["Relic","Relic","Potion"],"build_version":"2020-11-30","purchased_purges":2,"victory":false,"max_hp_per_floor":[75,75,75,75,75,75,75,75,85,85,85,85,85,85,85,85,85,85,85,90,90,90,90,90,90,90,90,90,90,90,90,90,90,90,95,95,109,109,109,109],"card_choices":[{"not_picked":[],"picked":"ChaosCard","floor":0},{"not_picked":["HollowMod:Grubsong","HollowMod:InfectedCysts","HollowMod:NewJinnsSoul"],"picked":"SKIP","floor":1},{"not_picked":["HollowMod:HeavyBlow","HollowMod:ChannelNail"],"picked":"Bomb","floor":2},{"not_picked":["HollowMod:ChannelNail","HollowMod:TaintedHusks"],"picked":"HollowMod:QuirrelsAssistance","floor":4},{"not_picked":["HollowMod:VengefulVoid","HollowMod:PureNailStrike","HollowMod:NewInfectedGuardian"],"picked":"SKIP","floor":5},{"not_picked":["HollowMod:BrokenVessel","HollowMod:BaldurShell","HollowMod:DungDefenderAura"],"picked":"SKIP","floor":6},{"not_picked":["HollowMod:BlackTendrils","HollowMod:DesolateDive","HollowMod:NewLittleFool"],"picked":"SKIP","floor":8},{"not_picked":["HollowMod:CoiledNail","HollowMod:SoulVessel"],"picked":"HollowMod:NewGlowingWomb","floor":10},{"not_picked":["HollowMod:CrystalDash","HollowMod:BaldurShell","HollowMod:DungDefenderAura"],"picked":"SKIP","floor":14},{"not_picked":["HollowMod:theNailsmith","HollowMod:LordofShades"],"picked":"HollowMod:VoidDash","floor":16},{"not_picked":["HollowMod:SharpenedNail"],"picked":"SKIP","floor":18},{"not_picked":["HollowMod:DashSlash"],"picked":"SKIP","floor":20},{"not_picked":["HollowMod:NewLittleFool"],"picked":"SKIP","floor":21},{"not_picked":[],"picked":"HollowMod:FastStrike","floor":22},{"not_picked":["HollowMod:WraithStrike"],"picked":"SKIP","floor":24},{"not_picked":["HollowMod:LuriensSpire"],"picked":"SKIP","floor":27},{"not_picked":["HollowMod:InfectedCysts"],"picked":"SKIP","floor":28},{"not_picked":["HollowMod:DescendingDark"],"picked":"SKIP","floor":29},{"not_picked":[],"picked":"HollowMod:Weaversong","floor":30},{"not_picked":["HollowMod:RecoilStrike"],"picked":"SKIP","floor":31},{"not_picked":["HollowMod:VengefulVoid+1"],"picked":"SKIP","floor":35},{"not_picked":["HollowMod:GoodIntentions+1"],"picked":"SKIP","floor":36},{"not_picked":[],"picked":"HollowMod:InfectedCysts+1","floor":37},{"not_picked":["HollowMod:CrystalDash"],"picked":"SKIP","floor":38}],"player_experience":288961,"relics_obtained":[{"floor":6,"key":"StrikeDummy"},{"floor":8,"key":"TheBean"},{"floor":9,"key":"Pear"},{"floor":24,"key":"Ancient Tea Set"},{"floor":26,"key":"BelialBook"},{"floor":27,"key":"Vajra"},{"floor":29,"key":"RuthlessExorcism:ReiMu"},{"floor":37,"key":"Mango"}],"event_choices":[{"damage_healed":0,"gold_gain":0,"player_choice":"Searched \u00273\u0027 times","damage_taken":0,"relics_obtained":["MealTicket"],"max_hp_gain":0,"max_hp_loss":0,"event_name":"Dead Adventurer","floor":11,"gold_loss":0},{"damage_healed":0,"gold_gain":0,"player_choice":"Got Potions","damage_taken":0,"max_hp_gain":0,"max_hp_loss":0,"event_name":"Lab","floor":19,"gold_loss":0},{"damage_healed":0,"gold_gain":0,"player_choice":"Fight","damage_taken":0,"max_hp_gain":0,"max_hp_loss":0,"event_name":"Mysterious Sphere","floor":37,"gold_loss":0},{"damage_healed":0,"gold_gain":0,"player_choice":"Fight","damage_taken":0,"max_hp_gain":0,"max_hp_loss":0,"event_name":"OrinTheCat","floor":39,"gold_loss":0}],"is_beta":false,"boss_relics":[{"not_picked":["Snecko Eye","Sozu"],"picked":"Busted Crown"},{"not_picked":[]},{"not_picked":["Runic Dome","HollowMod:KingsSoulRelic"],"picked":"Fusion Hammer"},{"not_picked":[]}],"items_purged_floors":[3,30],"is_endless":false,"potions_floor_spawned":[1,4,6,8,10,20,21,27,33,35],"killed_by":"Orin","ascension_level":1}}