{"host":"ih7ofq2zpufcoifs","time":1607861819,"event":{"mods":["BaseMod","Colored Map","Minty Spire (QoL Compilation)"],"gold_per_floor":[117,136,150,163,173,173,28,28,28,28,56,56,56,85,85,186,186,197,197,221,236,249,275,275,275,345,361,390,140,240,265,265,367,367,386,296,196,211,230,265,265,293,293,306,324,339,372,392,392,392,392,392,75,101,101],"floor_reached":56,"playtime":3897,"items_purged":["Strike_P","Strike_P","Defend_P"],"score":2185,"play_id":"9e0f6fd0-b9d6-4e73-b1ff-96278bcfe72d","local_time":"20201213221659","is_ascension_mode":true,"campfire_choices":[{"data":"Wallop","floor":6.0,"key":"SMITH"},{"data":"CrushJoints","floor":8.0,"key":"SMITH"},{"data":"Wallop","floor":10.0,"key":"SMITH"},{"data":"Scrawl","floor":13.0,"key":"SMITH"},{"data":"Vault","floor":15.0,"key":"SMITH"},{"floor":25.0,"key":"REST"},{"floor":32.0,"key":"RECALL"},{"floor":41.0,"key":"REST"},{"floor":49.0,"key":"REST"},{"floor":52.0,"key":"REST"}],"circlet_count":0,"master_deck":["AscendersBane","Defend_P","Eruption+1","Vigilance","BowlingBash","CutThroughFate","Wallop+1","Swivel","CrushJoints+1","Wallop+1","Scrawl+1","Vault+1","DevaForm","Blasphemy","Conclude+1","SashWhip+1","RitualDagger+1","WaveOfTheHand+1","Omniscience","Scrawl","CutThroughFate+1","DevaForm","Tantrum+1","Wireheading+1","CutThroughFate+1","DevaForm","CrushJoints+1","CutThroughFate+1"],"relics":["PureWater","Letter Opener","Pear","Molten Egg 2","Fusion Hammer","Happy Flower","Sundial","Orichalcum","Lantern","FossilizedHelix","The Courier","Omamori","Snecko Eye","Blood Vial","Pen Nib","Toxic Egg 2","Anchor","Damaru"],"acts_visited":["Exordium","TheCity","TheBeyond","TheEnding"],"potions_floor_usage":[55],"damage_taken":[{"damage":4.0,"enemies":"Jaw Worm","floor":1.0,"turns":3.0},{"damage":3.0,"enemies":"Small Slimes","floor":2.0,"turns":3.0},{"damage":0.0,"enemies":"Cultist","floor":3.0,"turns":2.0},{"damage":2.0,"enemies":"2 Fungi Beasts","floor":4.0,"turns":2.0},{"damage":6.0,"enemies":"Looter","floor":5.0,"turns":3.0},{"damage":5.0,"enemies":"3 Sentries","floor":11.0,"turns":6.0},{"damage":0.0,"enemies":"Gremlin Nob","floor":14.0,"turns":3.0},{"damage":10.0,"enemies":"Hexaghost","floor":16.0,"turns":7.0},{"damage":0.0,"enemies":"Chosen","floor":18.0,"turns":3.0},{"damage":0.0,"enemies":"Spheric Guardian","floor":21.0,"turns":2.0},{"damage":0.0,"enemies":"Snecko","floor":22.0,"turns":2.0},{"damage":0.0,"enemies":"Gremlin Leader","floor":23.0,"turns":3.0},{"damage":0.0,"enemies":"3 Cultists","floor":27.0,"turns":2.0},{"damage":7.0,"enemies":"Book of Stabbing","floor":28.0,"turns":4.0},{"damage":0.0,"enemies":"Colosseum Slavers","floor":30.0,"turns":1.0},{"damage":0.0,"enemies":"Colosseum Nobs","floor":30.0,"turns":3.0},{"damage":0.0,"enemies":"Slavers","floor":31.0,"turns":3.0},{"damage":0.0,"enemies":"Champ","floor":33.0,"turns":6.0},{"damage":0.0,"enemies":"3 Darklings","floor":35.0,"turns":5.0},{"damage":0.0,"enemies":"Orb Walker","floor":38.0,"turns":2.0},{"damage":0.0,"enemies":"Spire Growth","floor":39.0,"turns":1.0},{"damage":0.0,"enemies":"Reptomancer","floor":40.0,"turns":2.0},{"damage":0.0,"enemies":"Nemesis","floor":42.0,"turns":2.0},{"damage":0.0,"enemies":"Maw","floor":44.0,"turns":3.0},{"damage":0.0,"enemies":"Transient","floor":45.0,"turns":5.0},{"damage":0.0,"enemies":"Spire Growth","floor":46.0,"turns":2.0},{"damage":0.0,"enemies":"Giant Head","floor":47.0,"turns":2.0},{"damage":0.0,"enemies":"Writhing Mass","floor":48.0,"turns":3.0},{"damage":27.0,"enemies":"Donu and Deca","floor":50.0,"turns":7.0},{"damage":0,"enemies":"Shield and Spear","floor":54,"turns":3},{"damage":62,"enemies":"The Heart","floor":55,"turns":6}],"seed_played":"1842483524535230054","potions_obtained":[{"floor":2.0,"key":"Block Potion"},{"floor":3.0,"key":"ColorlessPotion"},{"floor":4.0,"key":"Weak Potion"},{"floor":30.0,"key":"BlessingOfTheForge"},{"floor":40.0,"key":"BottledMiracle"},{"floor":47.0,"key":"Fire Potion"},{"floor":48.0,"key":"Block Potion"}],"is_trial":false,"path_per_floor":["M","M","M","M","M","R","$","R","T","R","E","?","R","E","R","B",null,"M","?","T","M","M","E","?","R","T","M","E","$","?","E","R","B",null,"M","?","$","M","M","E","R","E","T","M","M","M","E","M","R","B",null,"R","$","E","B",null],"character_chosen":"WATCHER","items_purchased":["Scrawl","Lantern","DevaForm","CrushJoints+1","CutThroughFate+1","Swift Potion","FairyPotion"],"campfire_rested":4,"item_purchase_floors":[7,29,53,53,53,53,53],"current_hp_per_floor":[43,40,40,38,32,32,32,32,32,32,37,30,30,30,30,20,67,67,67,67,67,67,67,61,82,82,82,75,75,75,75,75,75,80,80,80,80,80,80,80,82,82,82,82,82,82,82,82,82,55,75,82,82,82,20],"gold":101,"neow_bonus":"TRANSFORM_TWO_CARDS","is_daily":false,"chose_seed":false,"campfire_upgraded":5,"win_rate":0.0,"timestamp":1607861819,"path_taken":["M","M","M","M","M","R","$","R","T","R","E","?","R","E","R","BOSS","M","?","?","?","M","E","?","R","T","M","E","$","?","E","R","BOSS","M","?","$","M","M","E","R","E","T","?","?","M","E","M","R","BOSS","R","$","E","BOSS"],"items_purchased_type":["Card","Relic","Card","Card","Card","Potion","Potion"],"build_version":"2020-11-30","purchased_purges":3,"victory":true,"max_hp_per_floor":[72,72,72,72,72,72,72,72,72,72,82,82,82,82,82,82,82,82,82,82,82,82,82,82,82,82,82,82,82,82,82,82,82,82,82,82,82,82,82,82,82,82,82,82,82,82,82,82,82,82,82,82,82,82,82],"card_choices":[{"not_picked":["CrushJoints","Pray"],"picked":"Wallop","floor":1.0},{"not_picked":["LikeWater","Study","Fasting2"],"picked":"SKIP","floor":2.0},{"not_picked":["FlyingSleeves","Evaluate"],"picked":"Swivel","floor":3.0},{"not_picked":["Crescendo","ThirdEye"],"picked":"CrushJoints","floor":4.0},{"not_picked":["JustLucky","EmptyBody"],"picked":"Wallop","floor":5.0},{"not_picked":["Consecrate","Weave"],"picked":"Vault","floor":11.0},{"not_picked":["JustLucky+1","WindmillStrike+1"],"picked":"DevaForm","floor":14.0},{"not_picked":["Devotion","Wish"],"picked":"Blasphemy","floor":16.0},{"not_picked":["BowlingBash+1","Consecrate+1","ThirdEye"],"picked":"SKIP","floor":18.0},{"not_picked":["Worship","Wish","FlurryOfBlows+1"],"picked":"SKIP","floor":21.0},{"not_picked":["SandsOfTime+1","ClearTheMind"],"picked":"SashWhip+1","floor":22.0},{"not_picked":["Prostrate","ClearTheMind","DeceiveReality"],"picked":"SKIP","floor":23.0},{"not_picked":["EmptyFist+1","FollowUp+1"],"picked":"WaveOfTheHand+1","floor":27.0},{"not_picked":["Worship+1","CrushJoints+1"],"picked":"Omniscience","floor":28.0},{"not_picked":["BowlingBash+1","JustLucky+1","CrushJoints+1"],"picked":"SKIP","floor":31.0},{"not_picked":["Devotion","Establishment"],"picked":"Scrawl","floor":33.0},{"not_picked":["Halt","ReachHeaven+1","CrushJoints+1"],"picked":"SKIP","floor":35.0},{"not_picked":["Indignation","Perseverance+1"],"picked":"CutThroughFate+1","floor":38.0},{"not_picked":["WreathOfFlame+1","WindmillStrike+1","SashWhip+1"],"picked":"SKIP","floor":39.0},{"not_picked":["JustLucky+1","EmptyBody+1","Nirvana"],"picked":"SKIP","floor":40.0},{"not_picked":["Blasphemy","Evaluate"],"picked":"DevaForm","floor":42.0},{"not_picked":["Crescendo+1","ClearTheMind+1"],"picked":"Tantrum+1","floor":44.0},{"not_picked":["FollowUp+1","FearNoEvil+1","JustLucky+1"],"picked":"SKIP","floor":45.0},{"not_picked":["DeceiveReality+1","EmptyFist+1"],"picked":"Wireheading+1","floor":46.0},{"not_picked":["Vengeance+1","SashWhip+1"],"picked":"CutThroughFate+1","floor":47.0},{"not_picked":["FlurryOfBlows+1","DeceiveReality+1","Vengeance+1"],"picked":"SKIP","floor":48.0},{"not_picked":["EmptyFist+1","SashWhip+1","EmptyBody+1"],"picked":"SKIP","floor":54}],"player_experience":307252,"relics_obtained":[{"floor":9.0,"key":"Letter Opener"},{"floor":11.0,"key":"Pear"},{"floor":14.0,"key":"Molten Egg 2"},{"floor":20.0,"key":"Happy Flower"},{"floor":23.0,"key":"Sundial"},{"floor":28.0,"key":"Orichalcum"},{"floor":30.0,"key":"FossilizedHelix"},{"floor":30.0,"key":"The Courier"},{"floor":31.0,"key":"Omamori"},{"floor":40.0,"key":"Blood Vial"},{"floor":42.0,"key":"Pen Nib"},{"floor":43.0,"key":"Toxic Egg 2"},{"floor":47.0,"key":"Anchor"},{"floor":54,"key":"Damaru"}],"event_choices":[{"cards_removed":["Strike_P"],"damage_healed":0.0,"max_hp_gain":0.0,"max_hp_loss":0.0,"gold_gain":0.0,"event_name":"Golden Wing","player_choice":"Card Removal","floor":12.0,"gold_loss":0.0,"damage_taken":7.0},{"damage_healed":0.0,"max_hp_gain":0.0,"max_hp_loss":0.0,"gold_gain":0.0,"event_name":"The Library","player_choice":"Read","floor":19.0,"gold_loss":0.0,"damage_taken":0.0,"cards_obtained":["Conclude"]},{"damage_healed":0.0,"max_hp_gain":0.0,"max_hp_loss":0.0,"gold_gain":0.0,"event_name":"Nest","player_choice":"Joined the Cult","floor":24.0,"gold_loss":0.0,"damage_taken":6.0,"cards_obtained":["RitualDagger"]},{"damage_healed":0.0,"max_hp_gain":0.0,"max_hp_loss":0.0,"gold_gain":0.0,"event_name":"Colosseum","player_choice":"Fight","floor":30.0,"gold_loss":0.0,"damage_taken":0.0},{"damage_healed":0.0,"max_hp_gain":0.0,"max_hp_loss":0.0,"gold_gain":0.0,"event_name":"Colosseum","player_choice":"Fought Nobs","floor":30.0,"gold_loss":0.0,"damage_taken":0.0},{"cards_removed":["Strike_P"],"damage_healed":0.0,"max_hp_gain":0.0,"max_hp_loss":0.0,"gold_gain":0.0,"event_name":"Designer","player_choice":"Upgrade and Remove","floor":36.0,"gold_loss":90.0,"damage_taken":0.0,"cards_upgraded":["Eruption"]}],"is_beta":false,"boss_relics":[{"not_picked":["Calling Bell","SacredBark"],"picked":"Fusion Hammer"},{"not_picked":["Astrolabe","Philosopher\u0027s Stone"],"picked":"Snecko Eye"}],"items_purged_floors":[7,29,37],"is_endless":false,"potions_floor_spawned":[2,3,4,5,14,18,30,30,35,39,40,47,48],"ascension_level":11}}