{"host":"thovpxgnyjc4psom","time":1607865314,"event":{"mods":["AchievementEnabler","BaseMod","Block Reminder","Colored Powertips","Highlight Path","Keyboard Shortcuts","Minty Spire (QoL Compilation)","MonsterHotkey","Quick Restart","Random Character Button","Rare Cards Sparkle","Relic Sorter","Relic Stats"],"gold_per_floor":[17,32,43,43,58,87,87,117,163,163,174,509,519,533,533,628,628,639,639,302,402,420,453,453,470,470,482,482,341,341,353,353,454,454,471,491,538,550,563,563,588,588,588,620,636,671,691,710,710,710,710,710,421,450,450],"floor_reached":56,"playtime":5321,"items_purged":["Strike_G+1","Dagger Throw","Bane"],"score":2008,"play_id":"62ba2bf1-7124-4f9b-8c39-9b75b01dab9a","local_time":"20201213141514","is_ascension_mode":true,"campfire_choices":[{"data":"Neutralize","floor":7.0,"key":"SMITH"},{"data":"Footwork","floor":15.0,"key":"SMITH"},{"data":"Noxious Fumes","floor":24.0,"key":"SMITH"},{"data":"Adrenaline","floor":28.0,"key":"SMITH"},{"data":"Well Laid Plans","floor":30.0,"key":"SMITH"},{"data":"Burst","floor":32.0,"key":"SMITH"},{"data":"Deadly Poison","floor":40.0,"key":"SMITH"},{"data":"PiercingWail","floor":42.0,"key":"SMITH"},{"floor":49.0,"key":"RECALL"},{"floor":52.0,"key":"REST"}],"circlet_count":0,"master_deck":["AscendersBane","Defend_G+1","Defend_G+1","Defend_G+1","Defend_G+1","Survivor","Neutralize+1","Noxious Fumes+1","Backstab+1","Bane+1","Deadly Poison+1","Footwork+1","Blur","Adrenaline+1","Acrobatics","Burst+1","Storm of Steel+1","Endless Agony+1","Night Terror+1","PiercingWail+1","Well Laid Plans+1","PiercingWail","Deflect+1","Terror+1","Acrobatics","PiercingWail+1","Noxious Fumes+1","Blur","Wraith Form v2"],"relics":["Ring of the Snake","Bag of Preparation","Oddly Smooth Stone","Dream Catcher","Centennial Puzzle","Old Coin","Astrolabe","Membership Card","InkBottle","Question Card","Lantern","Philosopher\u0027s Stone","The Specimen","Whetstone","Mercury Hourglass","Anchor","Nunchaku","Medical Kit","Snake Skull","White Beast Statue"],"acts_visited":["Exordium","TheCity","TheBeyond","TheEnding"],"potions_floor_usage":[55],"damage_taken":[{"damage":0.0,"enemies":"Cultist","floor":1.0,"turns":3.0},{"damage":0.0,"enemies":"2 Louse","floor":2.0,"turns":2.0},{"damage":0.0,"enemies":"Jaw Worm","floor":3.0,"turns":3.0},{"damage":0.0,"enemies":"Blue Slaver","floor":5.0,"turns":2.0},{"damage":7.0,"enemies":"3 Sentries","floor":6.0,"turns":8.0},{"damage":4.0,"enemies":"Gremlin Nob","floor":8.0,"turns":3.0},{"damage":14.0,"enemies":"Gremlin Gang","floor":11.0,"turns":4.0},{"damage":20.0,"enemies":"Lagavulin","floor":12.0,"turns":6.0},{"damage":0.0,"enemies":"Exordium Wildlife","floor":13.0,"turns":4.0},{"damage":0.0,"enemies":"Lots of Slimes","floor":14.0,"turns":6.0},{"damage":0.0,"enemies":"Slime Boss","floor":16.0,"turns":8.0},{"damage":8.0,"enemies":"Chosen","floor":18.0,"turns":5.0},{"damage":2.0,"enemies":"Shell Parasite","floor":22.0,"turns":5.0},{"damage":7.0,"enemies":"Book of Stabbing","floor":23.0,"turns":8.0},{"damage":1.0,"enemies":"Centurion and Healer","floor":25.0,"turns":4.0},{"damage":0.0,"enemies":"Snake Plant","floor":27.0,"turns":5.0},{"damage":1.0,"enemies":"Snecko","floor":31.0,"turns":4.0},{"damage":6.0,"enemies":"Champ","floor":33.0,"turns":13.0},{"damage":0.0,"enemies":"Orb Walker","floor":35.0,"turns":3.0},{"damage":0.0,"enemies":"3 Shapes","floor":36.0,"turns":4.0},{"damage":23.0,"enemies":"2 Orb Walkers","floor":37.0,"turns":9.0},{"damage":0.0,"enemies":"Maw","floor":38.0,"turns":9.0},{"damage":0.0,"enemies":"Spire Growth","floor":39.0,"turns":5.0},{"damage":1.0,"enemies":"Giant Head","floor":41.0,"turns":8.0},{"damage":22.0,"enemies":"Reptomancer","floor":44.0,"turns":6.0},{"damage":0.0,"enemies":"4 Shapes","floor":45.0,"turns":3.0},{"damage":0.0,"enemies":"Giant Head","floor":46.0,"turns":7.0},{"damage":17.0,"enemies":"Writhing Mass","floor":47.0,"turns":7.0},{"damage":0.0,"enemies":"Transient","floor":48.0,"turns":5.0},{"damage":0.0,"enemies":"Time Eater","floor":50.0,"turns":16.0},{"damage":9.0,"enemies":"Shield and Spear","floor":54.0,"turns":7.0},{"damage":57,"enemies":"The Heart","floor":55,"turns":14}],"seed_played":"-4505880523479785443","potions_obtained":[{"floor":3.0,"key":"Poison Potion"},{"floor":5.0,"key":"SteroidPotion"},{"floor":8.0,"key":"AttackPotion"},{"floor":13.0,"key":"Strength Potion"},{"floor":16.0,"key":"Weak Potion"},{"floor":25.0,"key":"Energy Potion"},{"floor":27.0,"key":"Regen Potion"},{"floor":31.0,"key":"LiquidMemories"},{"floor":33.0,"key":"Fire Potion"},{"floor":36.0,"key":"GhostInAJar"},{"floor":48.0,"key":"Regen Potion"}],"is_trial":false,"path_per_floor":["M","M","M","T","M","E","R","E","T","?","M","E","M","M","R","B",null,"M","?","$","?","M","E","R","M","T","M","R","$","R","M","R","B",null,"M","M","?","M","M","R","E","R","T","E","M","E","M","M","R","B",null,"R","$","E","B",null],"character_chosen":"THE_SILENT","items_purchased":["Membership Card","PiercingWail","InkBottle","Lantern","Well Laid Plans","Medical Kit","Snake Skull","GhostInAJar","SteroidPotion"],"campfire_rested":1,"item_purchase_floors":[20,20,20,29,29,53,53,53,53],"current_hp_per_floor":[63,63,63,63,63,56,56,52,52,57,43,23,23,23,23,23,62,54,54,54,54,52,45,45,44,44,44,44,44,44,43,43,37,66,66,66,43,43,43,43,42,42,42,20,20,20,3,3,3,18,61,75,75,66,9],"gold":450,"neow_bonus":"TRANSFORM_TWO_CARDS","is_daily":false,"chose_seed":false,"campfire_upgraded":8,"win_rate":0.0,"timestamp":1607865314,"path_taken":["M","M","M","?","?","E","R","E","T","?","M","E","M","M","R","BOSS","M","?","$","?","M","E","R","?","T","M","R","$","R","M","R","BOSS","M","M","?","M","M","R","E","R","T","E","M","E","M","M","R","BOSS","R","$","E","BOSS"],"items_purchased_type":["Relic","Card","Relic","Relic","Card","Relic","Relic","Potion","Potion"],"build_version":"2020-11-30","purchased_purges":3,"victory":true,"max_hp_per_floor":[70,70,70,70,70,70,70,70,70,75,75,75,75,75,75,75,75,75,75,75,75,75,75,75,75,75,75,75,75,75,75,75,75,75,75,75,75,75,75,75,75,75,75,75,75,75,75,75,75,75,75,75,75,75,75],"relic_stats":{"counters":[32,196],"Astrolabe":["Storm of Steel","Endless Agony","Night Terror"],"Snake Skull":[28],"Bag of Preparation":[58],"Whetstone":["Bane","Backstab"],"Question Card":17,"Medical Kit":[6],"Mercury Hourglass":[222],"Dream Catcher":1,"Centennial Puzzle":[43],"Nunchaku":[6],"obtain_stats":[{"Lantern":29,"The Specimen":37,"Astrolabe":17,"Oddly Smooth Stone":6,"Snake Skull":53,"Bag of Preparation":4,"Whetstone":41,"Question Card":23,"Medical Kit":53,"White Beast Statue":54,"Old Coin":12,"Mercury Hourglass":43,"Dream Catcher":8,"Centennial Puzzle":9,"Anchor":44,"Nunchaku":46,"Philosopher\u0027s Stone":34,"Membership Card":20,"InkBottle":20,"Ring of the Snake":0},{"Lantern":16,"The Specimen":21,"Astrolabe":11,"Oddly Smooth Stone":5,"Snake Skull":30,"Bag of Preparation":3,"Whetstone":24,"Question Card":14,"Medical Kit":30,"White Beast Statue":31,"Old Coin":8,"Mercury Hourglass":24,"Dream Catcher":6,"Centennial Puzzle":6,"Anchor":25,"Nunchaku":27,"Philosopher\u0027s Stone":18,"Membership Card":12,"InkBottle":12,"Ring of the Snake":0},{"Lantern":76,"The Specimen":109,"Astrolabe":49,"Oddly Smooth Stone":18,"Snake Skull":175,"Bag of Preparation":8,"Whetstone":131,"Question Card":67,"Medical Kit":175,"White Beast Statue":182,"Old Coin":31,"Mercury Hourglass":131,"Dream Catcher":21,"Centennial Puzzle":21,"Anchor":137,"Nunchaku":147,"Philosopher\u0027s Stone":93,"Membership Card":54,"InkBottle":54,"Ring of the Snake":0}],"InkBottle":[86],"Ring of the Snake":[67]},"card_choices":[{"not_picked":["Cloak And Dagger","Deadly Poison"],"picked":"Dagger Throw","floor":1.0},{"not_picked":["Caltrops","Riddle With Holes"],"picked":"Bane","floor":2.0},{"not_picked":["Outmaneuver","Quick Slash"],"picked":"Bane","floor":3.0},{"not_picked":["Backflip","Dagger Throw"],"picked":"Deadly Poison","floor":5.0},{"not_picked":["Flechettes","Blade Dance","Tactician"],"picked":"SKIP","floor":6.0},{"not_picked":["Riddle With Holes","Die Die Die"],"picked":"Footwork","floor":8.0},{"not_picked":["Slice","Deadly Poison"],"picked":"Blur","floor":11.0},{"not_picked":["Flechettes","Dagger Throw"],"picked":"Adrenaline","floor":12.0},{"not_picked":["Deadly Poison","Poisoned Stab"],"picked":"Acrobatics","floor":13.0},{"not_picked":["Cloak And Dagger","Underhanded Strike","Sucker Punch"],"picked":"SKIP","floor":14.0},{"not_picked":["Malaise","Glass Knife"],"picked":"Burst","floor":16.0},{"not_picked":["Skewer","Predator","Expertise"],"picked":"SKIP","floor":18.0},{"not_picked":["Infinite Blades","Deadly Poison","Tactician"],"picked":"SKIP","floor":22.0},{"not_picked":["Outmaneuver","Sucker Punch","Predator"],"picked":"SKIP","floor":23.0},{"not_picked":["Flying Knee","Dagger Spray","Acrobatics","Poisoned Stab"],"picked":"SKIP","floor":25.0},{"not_picked":["Underhanded Strike+1","Flying Knee","Dagger Throw","Backflip"],"picked":"SKIP","floor":27.0},{"not_picked":["Accuracy","Quick Slash","Backstab","Slice+1"],"picked":"SKIP","floor":31.0},{"not_picked":["Tactician+1","Underhanded Strike+1","Quick Slash","Calculated Gamble"],"picked":"SKIP","floor":35.0},{"not_picked":["Quick Slash","Leg Sweep","Tactician+1"],"picked":"PiercingWail","floor":36.0},{"not_picked":["Flying Knee","Quick Slash","Poisoned Stab"],"picked":"Deflect+1","floor":37.0},{"not_picked":["Caltrops+1","Poisoned Stab+1","Sucker Punch"],"picked":"Terror+1","floor":38.0},{"not_picked":["Outmaneuver+1","Burst","Dash"],"picked":"Acrobatics","floor":39.0},{"not_picked":["Poisoned Stab+1","Acrobatics","Blade Dance","Underhanded Strike"],"picked":"SKIP","floor":41.0},{"not_picked":["Prepared","Sucker Punch+1","Calculated Gamble"],"picked":"PiercingWail+1","floor":44.0},{"not_picked":["Tactician","Sucker Punch","Outmaneuver"],"picked":"Noxious Fumes+1","floor":45.0},{"not_picked":["Phantasmal Killer","Die Die Die","Deadly Poison","Tools of the Trade"],"picked":"SKIP","floor":46.0},{"not_picked":["Prepared","Eviscerate","Accuracy"],"picked":"Blur","floor":47.0},{"not_picked":["Flying Knee","Quick Slash","Finisher","Poisoned Stab"],"picked":"SKIP","floor":48.0},{"not_picked":["Poisoned Stab","Leg Sweep+1","Dagger Spray"],"picked":"Wraith Form v2","floor":52.0},{"not_picked":["Dodge and Roll","Skewer","Dagger Spray+1","Poisoned Stab"],"picked":"SKIP","floor":54.0}],"player_experience":879923,"relics_obtained":[{"floor":4.0,"key":"Bag of Preparation"},{"floor":6.0,"key":"Oddly Smooth Stone"},{"floor":8.0,"key":"Dream Catcher"},{"floor":9.0,"key":"Centennial Puzzle"},{"floor":12.0,"key":"Old Coin"},{"floor":23.0,"key":"Question Card"},{"floor":37.0,"key":"The Specimen"},{"floor":41.0,"key":"Whetstone"},{"floor":43.0,"key":"Mercury Hourglass"},{"floor":44.0,"key":"Anchor"},{"floor":46.0,"key":"Nunchaku"},{"floor":54.0,"key":"White Beast Statue"}],"event_choices":[{"damage_healed":0.0,"max_hp_gain":5.0,"max_hp_loss":0.0,"gold_gain":0.0,"event_name":"Big Fish","player_choice":"Donut","floor":10.0,"gold_loss":0.0,"damage_taken":0.0},{"damage_healed":0.0,"max_hp_gain":0.0,"max_hp_loss":0.0,"gold_gain":0.0,"event_name":"Back to Basics","player_choice":"Simplicity","floor":19.0,"gold_loss":0.0,"damage_taken":0.0,"cards_upgraded":["Strike_G","Defend_G","Defend_G","Defend_G","Defend_G"]},{"damage_healed":0.0,"max_hp_gain":0.0,"max_hp_loss":0.0,"gold_gain":100.0,"event_name":"Golden Shrine","player_choice":"Pray","floor":21.0,"gold_loss":0.0,"damage_taken":0.0},{"damage_healed":0.0,"max_hp_gain":0.0,"max_hp_loss":0.0,"gold_gain":0.0,"event_name":"Mysterious Sphere","player_choice":"Fight","floor":37.0,"gold_loss":0.0,"damage_taken":0.0}],"is_beta":false,"boss_relics":[{"not_picked":["Cursed Key","Pandora\u0027s Box"],"picked":"Astrolabe"},{"not_picked":["Empty Cage","Fusion Hammer"],"picked":"Philosopher\u0027s Stone"}],"items_purged_floors":[20,29,53],"is_endless":false,"potions_floor_spawned":[3,5,8,13,16,25,27,31,33,36,37,38,41,48],"ascension_level":12}}