{"host":"czzthkrvfe6r7fjf","time":1607871350,"event":{"mods":["Act Like it!","BaseMod","Downfall","GungeonMod","Marisa£®ÏF”Í°°ƒß¿Ì…≥£©","Minty Spire (QoL Compilation)","Quick Restart","StSLib","The Servant 0.9.4","Waifu the Spire","°æπ¶ƒ‹Mod°øªÏ„Á÷Æª∑–ﬁ∏¥≤π∂°"],"gold_per_floor":[113,42,42,61,13,41,59,93,116,133,152,167,167,180,180,276,276,296,296,49,62,62,62,97,97,121,121,220,62,62,95,95,199,199,210,230,285,297,122,122,149,165,165,190,190,190,66,85,85,85,85,85,36,67,67,67],"floor_reached":55,"playtime":3353,"items_purged":["Strike_G","Strike_G"],"score":1339,"play_id":"99ba3d7f-17f2-419c-8c71-edbec5e0d45c","local_time":"20201213225550","is_ascension_mode":true,"campfire_choices":[{"data":"Calculated Gamble","floor":13.0,"key":"SMITH"},{"data":"Skewer","floor":15.0,"key":"SMITH"},{"data":"Tactician","floor":23.0,"key":"SMITH"},{"data":"Prepared","floor":25.0,"key":"SMITH"},{"floor":32.0,"key":"REST"},{"floor":40.0,"key":"REST"},{"data":"Reflex","floor":46.0,"key":"SMITH"},{"floor":49.0,"key":"RECALL"},{"data":"Prepared","floor":52.0,"key":"SMITH"}],"circlet_count":0,"master_deck":["AscendersBane","Strike_G","Strike_G","Defend_G","Defend_G","Defend_G","Defend_G","Defend_G","Survivor","Neutralize","Acrobatics","Skewer+1","Quick Slash+1","PiercingWail","Dagger Spray+1","Blade Dance","Tactician","Tactician+1","Calculated Gamble+1","Prepared+1","Dagger Throw","Eviscerate","Adrenaline","Slice","Prepared+1","Outmaneuver+1","Purity","Tools of the Trade","Setup+1","Slice","Deflect+1","Acrobatics+1","Reflex+1","Terror"],"relics":["Ring of the Snake","NeowsBlessing","Mango","Bag of Preparation","DemoMod:WhiteGuonStone","Runic Pyramid","Shuriken","Enchiridion","Ice Cream","Regal Pillow","SacredBark","CatCart","DemoMod:Orange","DemoMod:PoisonVial","Happy Flower","Whetstone"],"acts_visited":["Exordium","TheCity","TheBeyond","TheEnding"],"potions_floor_usage":[54,54,55],"damage_taken":[{"damage":0.0,"enemies":"Jaw Worm","floor":1.0,"turns":2.0},{"damage":0.0,"enemies":"Cultist","floor":4.0,"turns":1.0},{"damage":0.0,"enemies":"Lagavulin","floor":6.0,"turns":1.0},{"damage":0.0,"enemies":"2 Louse","floor":7.0,"turns":3.0},{"damage":12.0,"enemies":"3 Sentries","floor":8.0,"turns":4.0},{"damage":0.0,"enemies":"2 Fungi Beasts","floor":10.0,"turns":3.0},{"damage":9.0,"enemies":"Large Slime","floor":11.0,"turns":5.0},{"damage":4.0,"enemies":"Exordium Wildlife","floor":12.0,"turns":5.0},{"damage":0.0,"enemies":"2 Fungi Beasts","floor":14.0,"turns":3.0},{"damage":0.0,"enemies":"Slime Boss","floor":16.0,"turns":9.0},{"damage":0.0,"enemies":"Chosen","floor":18.0,"turns":4.0},{"damage":0.0,"enemies":"Spheric Guardian","floor":21.0,"turns":2.0},{"damage":0.0,"enemies":"Slavers","floor":24.0,"turns":3.0},{"damage":0.0,"enemies":"Gremlin Leader","floor":31.0,"turns":4.0},{"damage":9.0,"enemies":"Collector","floor":33.0,"turns":6.0},{"damage":43.0,"enemies":"3 Shapes","floor":35.0,"turns":4.0},{"damage":3.0,"enemies":"3 Darklings","floor":36.0,"turns":3.0},{"damage":10.0,"enemies":"Orin","floor":37.0,"turns":9.0},{"damage":19.0,"enemies":"Maw","floor":38.0,"turns":6.0},{"damage":15.0,"enemies":"Reptomancer","floor":41.0,"turns":6.0},{"damage":8.0,"enemies":"4 Shapes","floor":42.0,"turns":6.0},{"damage":33.0,"enemies":"Nemesis","floor":44.0,"turns":5.0},{"damage":0.0,"enemies":"Jaw Worm Horde","floor":48.0,"turns":3.0},{"damage":40.0,"enemies":"Donu and Deca","floor":50.0,"turns":6.0},{"damage":52,"enemies":"Shield and Spear","floor":54,"turns":7},{"damage":4,"enemies":"The Heart","floor":55,"turns":2}],"seed_played":"-1066281831623643894","potions_obtained":[{"floor":1.0,"key":"DuplicationPotion"},{"floor":4.0,"key":"Strength Potion"},{"floor":8.0,"key":"Fire Potion"},{"floor":14.0,"key":"PowerPotion"},{"floor":18.0,"key":"EssenceOfSteel"},{"floor":33.0,"key":"Guardian:BlockOnCardUsePotion"},{"floor":38.0,"key":"EssenceOfSteel"},{"floor":44.0,"key":"AttackPotion"},{"floor":54,"key":"BlessingOfTheForge"}],"is_trial":false,"path_per_floor":["M","$","?","M","$","E","M","E","T","M","M","M","R","M","R","B",null,"M","?","$","M","?","R","E","R","T","?","?","$","?","E","R","B",null,"M","M","?","M","$","R","E","M","T","E","?","R","$","M","R","B",null,"R","$","E","B"],"character_chosen":"THE_SILENT","items_purchased":["Skewer","Dagger Spray","Shuriken","Purity","LiquidBronze","SteroidPotion","Ancient Potion","Swift Potion"],"campfire_rested":2,"item_purchase_floors":[2,5,20,29,39,47,47,53],"current_hp_per_floor":[63,63,63,63,63,77,77,65,65,65,56,52,52,52,52,52,76,76,76,76,76,60,60,60,60,60,60,60,60,44,44,85,76,86,43,40,30,11,11,52,49,41,41,8,88,88,88,88,88,48,78,78,78,26,22,22],"gold":67,"neow_bonus":"THREE_ENEMY_KILL","is_daily":false,"chose_seed":false,"campfire_upgraded":6,"win_rate":0.0,"timestamp":1607871350,"path_taken":["M","$","?","M","?","E","M","E","T","?","M","M","R","M","R","BOSS","M","?","$","M","?","R","E","R","T","?","?","$","?","E","R","BOSS","M","M","?","M","$","R","E","M","T","E","?","R","$","M","R","BOSS","R","$","E","BOSS"],"items_purchased_type":["Card","Card","Relic","Card","Potion","Potion","Potion","Potion"],"build_version":"2020-11-30","purchased_purges":2,"victory":false,"max_hp_per_floor":[70,70,70,70,70,84,84,84,84,84,84,84,84,84,84,84,84,84,84,84,84,84,84,84,84,84,84,84,84,89,89,89,89,89,89,89,89,89,89,89,101,101,101,101,88,88,88,88,88,88,88,88,88,88,88,88],"card_choices":[{"not_picked":["Slice","Accuracy"],"picked":"Acrobatics","floor":1.0},{"not_picked":["Finisher","Blur"],"picked":"PiercingWail","floor":4.0},{"not_picked":["Acrobatics","Footwork"],"picked":"Blade Dance","floor":6.0},{"not_picked":["Dodge and Roll","Acrobatics"],"picked":"Tactician","floor":7.0},{"not_picked":["Flying Knee","Well Laid Plans"],"picked":"Tactician","floor":8.0},{"not_picked":["Caltrops","Backflip"],"picked":"Calculated Gamble","floor":10.0},{"not_picked":["Poisoned Stab","Finisher"],"picked":"Prepared","floor":11.0},{"not_picked":["Flechettes","Tactician"],"picked":"Dagger Throw","floor":12.0},{"not_picked":["Masterful Stab","Predator"],"picked":"Eviscerate","floor":14.0},{"not_picked":["Malaise","Night Terror"],"picked":"Adrenaline","floor":16.0},{"not_picked":["Blade Dance","Well Laid Plans+1"],"picked":"Slice","floor":18.0},{"not_picked":["Bouncing Flask+1","Caltrops"],"picked":"Prepared","floor":21.0},{"not_picked":["Bane","Tactician"],"picked":"Outmaneuver+1","floor":24.0},{"not_picked":["Flechettes","Grand Finale","Dagger Spray+1"],"picked":"SKIP","floor":31.0},{"not_picked":["Malaise","Burst"],"picked":"Tools of the Trade","floor":33.0},{"not_picked":["Accuracy","Cloak And Dagger+1"],"picked":"Setup+1","floor":35.0},{"not_picked":["Dagger Throw+1","Bane+1"],"picked":"Slice","floor":36.0},{"not_picked":["Backflip+1","Sucker Punch+1"],"picked":"Deflect+1","floor":37.0},{"not_picked":["Quick Slash+1","Prepared","Choke"],"picked":"SKIP","floor":38.0},{"not_picked":["Infinite Blades","Venomology"],"picked":"Acrobatics+1","floor":41.0},{"not_picked":["Deflect+1","Quick Slash","Blade Dance"],"picked":"SKIP","floor":42.0},{"not_picked":["Escape Plan","Outmaneuver"],"picked":"Reflex","floor":44.0},{"not_picked":["Outmaneuver","Flying Knee+1","Backflip"],"picked":"SKIP","floor":48.0},{"not_picked":["Deflect+1","Grand Finale"],"picked":"Terror","floor":54}],"player_experience":471559,"relics_obtained":[{"floor":6.0,"key":"Mango"},{"floor":8.0,"key":"Bag of Preparation"},{"floor":9.0,"key":"DemoMod:WhiteGuonStone"},{"floor":22.0,"key":"Enchiridion"},{"floor":24.0,"key":"Ice Cream"},{"floor":31.0,"key":"Regal Pillow"},{"floor":37.0,"key":"CatCart"},{"floor":41.0,"key":"DemoMod:Orange"},{"floor":43.0,"key":"DemoMod:PoisonVial"},{"floor":44.0,"key":"Happy Flower"},{"floor":54,"key":"Whetstone"}],"event_choices":[{"damage_healed":0.0,"max_hp_gain":0.0,"max_hp_loss":0.0,"gold_gain":0.0,"cards_transformed":["Strike_G"],"event_name":"Transmorgrifier","player_choice":"Transformed","floor":3.0,"gold_loss":0.0,"damage_taken":0.0,"cards_obtained":["Quick Slash"]},{"damage_healed":0.0,"max_hp_gain":0.0,"max_hp_loss":0.0,"gold_gain":0.0,"event_name":"Ghosts","player_choice":"Ignored","floor":19.0,"gold_loss":0.0,"damage_taken":0.0},{"damage_healed":0.0,"max_hp_gain":0.0,"max_hp_loss":0.0,"gold_gain":0.0,"event_name":"Cursed Tome","player_choice":"Obtained Book","floor":22.0,"gold_loss":0.0,"damage_taken":16.0},{"damage_healed":0.0,"max_hp_gain":0.0,"max_hp_loss":0.0,"gold_gain":0.0,"event_name":"Vampires","player_choice":"Ignored","floor":27.0,"gold_loss":0.0,"damage_taken":0.0},{"damage_healed":0.0,"max_hp_gain":0.0,"max_hp_loss":0.0,"gold_gain":99.0,"event_name":"Nest","player_choice":"Stole From Cult","floor":28.0,"gold_loss":0.0,"damage_taken":0.0},{"damage_healed":0.0,"max_hp_gain":5.0,"max_hp_loss":0.0,"gold_gain":0.0,"event_name":"Forgotten Altar","player_choice":"Shed Blood","floor":30.0,"gold_loss":0.0,"damage_taken":21.0},{"damage_healed":0.0,"max_hp_gain":0.0,"max_hp_loss":0.0,"gold_gain":0.0,"event_name":"OrinTheCat","player_choice":"Fight","floor":37.0,"gold_loss":0.0,"damage_taken":0.0},{"damage_healed":88.0,"max_hp_gain":0.0,"max_hp_loss":13.0,"gold_gain":0.0,"event_name":"The Moai Head","player_choice":"Heal","floor":45.0,"gold_loss":0.0,"damage_taken":0.0}],"is_beta":false,"boss_relics":[{"not_picked":["Runic Dome","Philosopher\u0027s Stone"],"picked":"Runic Pyramid"},{"not_picked":["SlaversCollar","Ring of the Serpent"],"picked":"SacredBark"}],"items_purged_floors":[29,39],"is_endless":false,"potions_floor_spawned":[1,4,8,14,18,33,35,38,44,48,54],"killed_by":"The Heart","ascension_level":11}}