{"host":"niv6bi8ufjzyofbf","time":1607870680,"event":{"mods":["Act Like it!","BaseMod","CapriCore","Colored Powertips","Conspire","Downfall","Gensokyo","Hermit","Mad Scientist","Marisa£®ÏF”Í°°ƒß¿Ì…≥£©","Minty Spire (QoL Compilation)","Prisma Mod","Quick Restart","Rare Cards Sparkle","Reimu£®≤©¿ˆ¡È√Œ£©","Replay The Spire","Ryuuou¡˙Õı","Shop Mod","Spicy Shops","StSLib","SuperFastMode","The Cursed","The Servant 0.9.4","°æ“≈ŒÔø®≈∆°øREMEMod"],"gold_per_floor":[109,22074,22074,22089,20823,20823,20823,19597,19597,19632,19642,19676,19753,19766,19766,19864,19864,19878,19912,19928,18604,18615,18643,18643,18671,18671,18671,18691,18691,18704,17486,17586,17681,17681,17695,17715,16447,16457,16457,16457,16457,16467,16467,15203,15236,15253,15253,15272,15272,15272],"floor_reached":51,"playtime":2563,"items_purged":["Pride","hermit:Defend_Hermit","Strike_P","hermit:Defend_Hermit","hermit:Defend_Hermit","hermit:Defend_Hermit","hermit:Defend_Hermit+1","Wraith"],"score":1070,"play_id":"1f545c0f-3b10-4a6d-b81d-ac1c2bf7f222","local_time":"20201213224440","is_ascension_mode":true,"campfire_choices":[{"data":"hermit:GoldenBullet","floor":7.0,"key":"SMITH"},{"data":"REME_BuildACard","floor":15.0,"key":"SMITH"},{"data":"hermit:TakeAim","floor":24,"key":"SMITH"},{"data":"hermit:Reprieve","floor":27,"key":"SMITH"},{"data":"hermit:Gambit","floor":29,"key":"SMITH"},{"floor":40,"key":"REST"},{"data":"hermit:RoundhouseKick","floor":49,"key":"SMITH"}],"circlet_count":0,"master_deck":["hermit:Strike_Hermit+1","hermit:Strike_Hermit+1","hermit:Strike_Hermit+1","hermit:Strike_Hermit+1","hermit:Snapshot","hermit:Covet+1","hermit:Roulette","hermit:Determination+1","hermit:Virtue+1","hermit:GoldenBullet+1","REME_BuildACard+1","hermit:CalledShot","hermit:Reprieve+1","hermit:CalledShot","hermit:Showdown","hermit:Headshot","hermit:Gambit+1","hermit:TrackingShot","hermit:ItchyTrigger","hermit:EternalForm","Replay:SS_forest_2","hermit:TakeAim+1","hermit:LuckOfTheDraw+1","hermit:Purgatory","hermit:HighNoon+1","ReplayTheSpireMod:Brewmster+1","hermit:RoundhouseKick+1","REME_Flogging+1","Trip+1"],"relics":["hermit:Momento","REME_ComplimentaryCards","hermit:RedScarf","Medical Kit","FossilizedHelix","Ancient Tea Set","REME_HandOfSuture","REME_CardOfGreed","hermit:RyeStalk","MerchantsRug","Mummified Hand","Incense Burner","Sling","TentaclePot:ReiMu","conspire:DecoderRing","War Paint","Pet Ghost","Replay:Rubber Ducky","OrangePellets","Guide Book","Blood Vial","Bronze Scales","Replay:Wax Seal","conspire:GiftBox","Boot","conspire:RunicOctahedron","Lantern","Art of War","Juzu Bracelet","Frozen Eye","Chemical X","Replay:Bottled Eggs","Darkstone Periapt","Divine Protection","Unceasing Top","Bag of Marbles","Frozen Egg 2","Strange Spoon","Toolbox","conspire:Flyswatter","Bird Faced Urn","Chameleon Ring","REME_LowDesire","ReplayTheSpireMod:Lightbulb","ReplayTheSpireMod:TigerMarble","REME_PuzzleBoxRelic","Replay:WaspNest","HandDrill","Toxic Egg 2","Replay:Baseball","Strawberry","Singing Bowl","hermit:Horseshoe","Omamori","TheAbacus","The Courier"],"acts_visited":["TheCity","TheBeyond"],"potions_floor_usage":[18,23,23,25],"damage_taken":[{"damage":1.0,"enemies":"Cultist","floor":1.0,"turns":3.0},{"damage":0.0,"enemies":"2 Louse","floor":4.0,"turns":2.0},{"damage":0.0,"enemies":"Lagavulin","floor":10.0,"turns":3.0},{"damage":0.0,"enemies":"Small Slimes","floor":11.0,"turns":1.0},{"damage":0.0,"enemies":"3 Sentries","floor":12.0,"turns":3.0},{"damage":0.0,"enemies":"Exordium Thugs","floor":14.0,"turns":2.0},{"damage":21.0,"enemies":"Hexaghost","floor":16.0,"turns":4.0},{"damage":0,"enemies":"Spheric Guardian","floor":18,"turns":3},{"damage":31,"enemies":"conspire:MimicChest","floor":19,"turns":6},{"damage":1,"enemies":"conspire:FuzzyDice","floor":20,"turns":4},{"damage":0,"enemies":"conspire:HollyBat","floor":22,"turns":8},{"damage":18,"enemies":"Gremlin Leader","floor":23,"turns":3},{"damage":0,"enemies":"Replay:Snechameleon","floor":25,"turns":2},{"damage":0,"enemies":"Centurion and Healer","floor":28,"turns":1},{"damage":0,"enemies":"Chosen and Byrds","floor":30,"turns":1},{"damage":0,"enemies":"Colosseum Slavers","floor":32,"turns":1},{"damage":0,"enemies":"Colosseum Nobs","floor":32,"turns":1},{"damage":0,"enemies":"Collector","floor":33,"turns":1},{"damage":0,"enemies":"3 Darklings","floor":35,"turns":1},{"damage":0,"enemies":"3 Shapes","floor":36,"turns":1},{"damage":55,"enemies":"Transient","floor":38,"turns":1},{"damage":0,"enemies":"Sphere and 2 Shapes","floor":42,"turns":1},{"damage":0,"enemies":"R_Hoarder","floor":45,"turns":2},{"damage":0,"enemies":"4 Shapes","floor":46,"turns":1},{"damage":0,"enemies":"Spire Growth","floor":48,"turns":1},{"damage":0,"enemies":"Donu and Deca","floor":50,"turns":1}],"seed_played":"2976960806438187829","potions_obtained":[{"floor":18,"key":"CultistPotion"},{"floor":25,"key":"Fruit Juice"},{"floor":32,"key":"Fire Potion"},{"floor":38,"key":"Adrenaline Potion"}],"is_trial":false,"path_per_floor":["M","$","?","M","$","?","R","$","T","E","M","E","?","M","R","B",null,"M","?","M","$","M","E","R","E","T","R","M","R","M","$","R","B",null,"M","M","$","M","?","R","?","M","T","$","E","M","?","M","R","B",null],"character_chosen":"HERMIT","items_purchased":["Swift Potion","Medical Kit","FossilizedHelix","Ancient Tea Set","REME_HandOfSuture","REME_CardOfGreed","hermit:RyeStalk","MerchantsRug","hermit:Determination","hermit:Virtue","hermit:GoldenBullet","Energy Potion","Mummified Hand","Incense Burner","Sling","TentaclePot:ReiMu","conspire:DecoderRing","War Paint","Pet Ghost","Replay:Rubber Ducky","OrangePellets","Guide Book","Blood Vial","Bronze Scales","REME_BuildACard","hermit:CalledShot","Explosive Potion","Art of War","Juzu Bracelet","Frozen Eye","Chemical X","Replay:Bottled Eggs","hermit:EternalForm","Replay:SS_forest_2","Bag of Marbles","Frozen Egg 2","Strange Spoon","Toolbox","conspire:Flyswatter","Explosive Potion","REME_PuzzleBoxRelic","Replay:WaspNest","HandDrill","Toxic Egg 2","Replay:Baseball","ReplayTheSpireMod:Brewmster+1","Singing Bowl","hermit:Horseshoe","Omamori","TheAbacus"],"campfire_rested":1,"item_purchase_floors":[2,2,2,2,2,2,2,2,2,2,2,2,5,5,5,5,5,5,8,8,8,8,8,8,8,8,21,21,21,21,21,21,21,21,31,31,31,31,31,31,37,37,37,37,37,37,44,44,44,44],"current_hp_per_floor":[74,74,74,74,74,75,75,75,75,75,75,75,75,75,75,56,77,77,46,47,47,49,33,33,40,40,40,42,42,54,54,58,66,82,82,82,82,29,29,53,59,69,76,76,92,95,95,95,95,95],"gold":15272,"neow_bonus":"ONE_RARE_RELIC","is_daily":false,"chose_seed":false,"campfire_upgraded":6,"win_rate":0.0,"timestamp":1607870680,"path_taken":["M","?","?","M","$","?","R","$","T","E","?","E","?","M","R","BOSS","M","?","M","$","M","E","R","E","T","R","M","R","M","$","R","BOSS","M","M","$","M","?","R","?","M","T","$","E","M","?","M","R","BOSS"],"items_purchased_type":["Potion","Relic","Relic","Relic","Relic","Relic","Relic","Relic","Card","Card","Card","Potion","Relic","Relic","Relic","Relic","Relic","Relic","Relic","Relic","Relic","Relic","Relic","Relic","Card","Card","Potion","Relic","Relic","Relic","Relic","Relic","Card","Card","Relic","Relic","Relic","Relic","Relic","Potion","Relic","Relic","Relic","Relic","Relic","Card","Relic","Relic","Relic","Relic"],"build_version":"2020-11-30","purchased_purges":8,"victory":true,"max_hp_per_floor":[75,75,75,75,75,75,75,75,75,75,75,75,75,75,75,77,77,77,77,77,77,77,77,77,82,82,82,82,82,82,82,82,82,82,82,82,82,82,82,82,88,88,95,95,95,95,95,95,95,95],"card_choices":[{"not_picked":["hermit:Misfire","hermit:Manifest"],"picked":"hermit:Roulette","floor":1.0},{"not_picked":["hermit:GhostlyPresence","hermit:TrackingShot","hermit:SprayPray"],"picked":"SKIP","floor":4.0},{"not_picked":["hermit:FromBeyond","hermit:Purgatory"],"picked":"hermit:Reprieve","floor":10.0},{"not_picked":["hermit:Enervate","hermit:Misfire"],"picked":"hermit:CalledShot","floor":10.0},{"not_picked":["hermit:BodyArmor","hermit:WideOpen"],"picked":"hermit:Showdown","floor":11.0},{"not_picked":["hermit:WideOpen","hermit:Quickdraw","hermit:BodyArmor"],"picked":"SKIP","floor":12.0},{"not_picked":["hermit:CursedWeapon","hermit:Showdown"],"picked":"hermit:Headshot","floor":14.0},{"not_picked":["hermit:FinalCanter","hermit:HeroicBravado"],"picked":"hermit:Gambit","floor":16.0},{"not_picked":["hermit:Desperado","hermit:Spite"],"picked":"hermit:TrackingShot","floor":18},{"not_picked":["hermit:Desperado","hermit:LowProfile"],"picked":"hermit:ItchyTrigger","floor":19},{"not_picked":["hermit:ShadowCloak","hermit:Manifest+1","hermit:PistolWhip"],"picked":"SKIP","floor":20},{"not_picked":["hermit:WideOpen","hermit:Brawl"],"picked":"hermit:TakeAim","floor":22},{"not_picked":["hermit:Brawl","hermit:Manifest"],"picked":"hermit:Midnight","floor":23},{"not_picked":["hermit:BodyArmor","hermit:Misfire+1","hermit:Feint"],"picked":"SKIP","floor":25},{"not_picked":["hermit:Desperado","hermit:CalledShot"],"picked":"hermit:LuckOfTheDraw+1","floor":28},{"not_picked":["hermit:TrackingShot","hermit:Coalescence","hermit:LowProfile"],"picked":"SKIP","floor":30},{"not_picked":["hermit:SprayPray+1","hermit:Vantage+1"],"picked":"hermit:Purgatory","floor":32},{"not_picked":["hermit:EternalForm+1","hermit:BlackWind"],"picked":"hermit:HighNoon+1","floor":33},{"not_picked":["hermit:Enervate+1","hermit:BodyArmor+1","hermit:CalledShot+1","expansioncontent:Flail+1"],"picked":"SKIP","floor":35},{"not_picked":["hermit:TakeCover+1","hermit:Manifest","hermit:FlashPowder+1","Finesse+1"],"picked":"SKIP","floor":36},{"not_picked":["hermit:Scavenge+1","hermit:BodyArmor+1","hermit:Ricochet+1","expansioncontent:QuickStudy+1"],"picked":"SKIP","floor":38},{"not_picked":["hermit:Gestalt+1","hermit:Coalescence+1","hermit:ItchyTrigger","ReplayUltimateDefense+1"],"picked":"SKIP","floor":42},{"not_picked":["hermit:GoldenBullet+1","hermit:NoHoldsBarred+1","expansioncontent:LastStand+1"],"picked":"hermit:RoundhouseKick","floor":45},{"not_picked":["hermit:GoldenBullet","hermit:GhostlyPresence+1","hermit:Malice+1"],"picked":"REME_Flogging+1","floor":46},{"not_picked":["hermit:SprayPray+1","hermit:TrackingShot+1","hermit:Horror+1"],"picked":"Trip+1","floor":48}],"player_experience":617738,"relics_obtained":[{"floor":9.0,"key":"Replay:Wax Seal"},{"floor":10.0,"key":"conspire:GiftBox"},{"floor":12.0,"key":"Boot"},{"floor":19,"key":"Lantern"},{"floor":23,"key":"Darkstone Periapt"},{"floor":25,"key":"Divine Protection"},{"floor":26,"key":"Unceasing Top"},{"floor":32,"key":"Bird Faced Urn"},{"floor":32,"key":"Chameleon Ring"},{"floor":34,"key":"ReplayTheSpireMod:Lightbulb"},{"floor":34,"key":"ReplayTheSpireMod:TigerMarble"},{"floor":43,"key":"Strawberry"},{"floor":45,"key":"The Courier"}],"event_choices":[{"damage_healed":0.0,"max_hp_gain":0.0,"max_hp_loss":0.0,"gold_gain":0.0,"event_name":"conspire:Investor","player_choice":"Leave","floor":3.0,"gold_loss":0.0,"damage_taken":0.0},{"damage_healed":1.0,"max_hp_gain":0.0,"max_hp_loss":0.0,"gold_gain":0.0,"event_name":"Wheel of Change","player_choice":"Full Heal","floor":6.0,"gold_loss":0.0,"damage_taken":0.0},{"damage_healed":0.0,"max_hp_gain":0.0,"max_hp_loss":0.0,"gold_gain":77.0,"event_name":"Golden Wing","player_choice":"Gained Gold","floor":13.0,"gold_loss":0.0,"damage_taken":0.0},{"damage_healed":0,"gold_gain":0,"player_choice":"Fight","damage_taken":0,"max_hp_gain":0,"max_hp_loss":0,"event_name":"Colosseum","floor":32,"gold_loss":0},{"damage_healed":0,"gold_gain":0,"player_choice":"Fought Nobs","damage_taken":0,"max_hp_gain":0,"max_hp_loss":0,"event_name":"Colosseum","floor":32,"gold_loss":0},{"damage_healed":0,"gold_gain":0,"player_choice":"Ignored","damage_taken":0,"max_hp_gain":0,"max_hp_loss":0,"event_name":"Mysterious Sphere","floor":39,"gold_loss":0},{"damage_healed":0,"gold_gain":0,"player_choice":"Ignored","damage_taken":0,"max_hp_gain":0,"max_hp_loss":0,"event_name":"OrinTheCat","floor":41,"gold_loss":0},{"cards_removed":["hermit:Midnight"],"damage_healed":0,"gold_gain":0,"player_choice":"Purged","damage_taken":0,"max_hp_gain":0,"max_hp_loss":0,"event_name":"Purifier","floor":47,"gold_loss":0}],"is_beta":false,"boss_relics":[{"not_picked":["conspire:RoyalGoblet","Busted Crown"],"picked":"conspire:RunicOctahedron"},{"not_picked":["Cursed Key","Replay:Bronze Core"],"picked":"REME_LowDesire"}],"items_purged_floors":[2,5,8,21,31,37,44,44],"is_endless":false,"potions_floor_spawned":[10,12,14,18,20,25,32,35,38,46,48],"ascension_level":1}}