{"host":"p084pgp93u1tv48k","time":1607892174,"event":{"mods":["AchievementEnabler","BaseMod","Bestiary","Colored Map","Hermit","Lobotomy","LobotomyExtend","Minty Spire (QoL Compilation)","Quick Restart","StSLib"],"gold_per_floor":[110,121,140,140,155,155,155,188,75,75,75,75,75],"floor_reached":11,"playtime":519,"items_purged":["Defend_R"],"score":83,"play_id":"fc1520e7-64cf-47ba-bbc1-72f12cc6124f","local_time":"20201213161254","is_ascension_mode":true,"campfire_choices":[{"data":"Fiend Fire","floor":6,"key":"SMITH"},{"data":"Dark Embrace","floor":10,"key":"SMITH"}],"circlet_count":0,"master_deck":["Strike_R","Strike_R","Strike_R","Strike_R","Defend_R","Defend_R","Defend_R","Bash","Wild Strike","OldLady","Fiend Fire+1","CherryBlossoms","MeatLantern","VoidDream","Seeing Red","Second Wind","Scorched","Dark Embrace+1"],"relics":["Burning Blood","CogitoBucket","LetterFromLob","Juzu Bracelet","Torii"],"acts_visited":["Exordium"],"potions_floor_usage":[7,7,7],"damage_taken":[{"damage":5,"enemies":"2 Louse","floor":1,"turns":4},{"damage":2,"enemies":"Jaw Worm","floor":1,"turns":3},{"damage":0,"enemies":"Cultist","floor":2,"turns":2},{"damage":0,"enemies":"Small Slimes","floor":4,"turns":2},{"damage":38,"enemies":"Gremlin Gang","floor":5,"turns":6},{"damage":26,"enemies":"Lagavulin","floor":7,"turns":6}],"seed_played":"6677591062966903414","potions_obtained":[{"floor":1,"key":"SteroidPotion"},{"floor":2,"key":"EntropicBrew"},{"floor":4,"key":"ElixirPotion"}],"is_trial":false,"path_per_floor":["M","M","M","M","?","M","M","R","E","$","T","R","E"],"character_chosen":"IRONCLAD","items_purchased":["Dark Embrace"],"campfire_rested":0,"item_purchase_floors":[8],"current_hp_per_floor":[80,80,80,80,80,48,48,28,28,28,28,0,0],"gold":75,"neow_bonus":"","is_daily":false,"chose_seed":false,"campfire_upgraded":2,"win_rate":0.0,"timestamp":1607892174,"path_taken":["M","M","M","M","?","M","?","R","E","$","T","R","E"],"items_purchased_type":["Card"],"build_version":"2020-11-30","purchased_purges":1,"victory":false,"max_hp_per_floor":[80,80,80,80,80,80,80,80,80,80,80,80,80],"card_choices":[{"not_picked":["Havoc","True Grit"],"picked":"Wild Strike","floor":1},{"not_picked":["BlackSwan","UniverseFragment"],"picked":"OldLady","floor":1},{"not_picked":["Flex","Combust"],"picked":"Fiend Fire","floor":1},{"not_picked":["OSAHOGD","Scarecrow"],"picked":"CherryBlossoms","floor":1},{"not_picked":["ShyLook","BodiesMountain"],"picked":"MeatLantern","floor":2},{"not_picked":["Havoc","Perfected Strike","Metallicize"],"picked":"SKIP","floor":2},{"not_picked":["UniverseFragment","MHz"],"picked":"VoidDream","floor":4},{"not_picked":["Cleave","Perfected Strike","Headbutt"],"picked":"SKIP","floor":4},{"not_picked":["Whirlwind","Clash"],"picked":"Seeing Red","floor":5},{"not_picked":["Clothesline","Flex"],"picked":"Second Wind","floor":7},{"not_picked":["ShyLook","Freischutz"],"picked":"Scorched","floor":7}],"player_experience":118691,"relics_obtained":[{"floor":1,"key":"LetterFromLob"},{"floor":1,"key":"LetterFromLob"},{"floor":7,"key":"Juzu Bracelet"},{"floor":9,"key":"Torii"}],"event_choices":[{"cards_removed":["Strike_R"],"damage_healed":0,"gold_gain":0,"player_choice":"Offered Basic","damage_taken":0,"max_hp_gain":0,"max_hp_loss":0,"event_name":"Bonfire Elementals","floor":3,"gold_loss":0}],"is_beta":false,"boss_relics":[],"items_purged_floors":[8],"is_endless":false,"potions_floor_spawned":[1,2,4,7],"ascension_level":2}}