{"host":"7gewg82ormp6yt4e","time":1607839846,"event":{"mods":["BaseMod","Block Reminder","Colored Map","Colored Powertips","DeckTracker","Highlight Path","Minty Spire (QoL Compilation)","Relic Stats","StSLib"],"gold_per_floor":[166,166,184,199,27,27,63,63,63,106,71,71,112,140,140,226,316,343,258,183,133,162,162,162,4,4,4,4,4,4],"floor_reached":29,"playtime":1008,"items_purged":[],"score":524,"play_id":"a5b14b37-96d3-47e7-a62d-a3982cbb0485","local_time":"20201213151046","is_ascension_mode":true,"campfire_choices":[{"data":"Neutralize","floor":6,"key":"SMITH"},{"data":"Masterful Stab","floor":8,"key":"SMITH"},{"data":"Phantasmal Killer","floor":12,"key":"SMITH"},{"data":"Footwork","floor":15,"key":"SMITH"},{"data":"Malaise","floor":24,"key":"SMITH"},{"data":"Corpse Explosion","floor":28,"key":"SMITH"}],"circlet_count":0,"master_deck":["AscendersBane","Survivor","Neutralize+1","Flying Knee","Slice","Masterful Stab+1","Flying Knee","Backflip","Phantasmal Killer+1","Footwork+1","Noxious Fumes","Phantasmal Killer","Corpse Explosion+1","Dodge and Roll","Dagger Spray","Skewer","Sucker Punch","Tactician","Night Terror+1","Malaise+1","Dagger Spray","All Out Attack+1","Deflect"],"relics":["Tiny House","StrikeDummy","Sling","CeramicFish","Pantograph","Bag of Marbles","Potion Belt","Pandora\u0027s Box","Toy Ornithopter","Strange Spoon","The Courier"],"acts_visited":["Exordium","TheCity"],"potions_floor_usage":[3,7,10,18,22],"damage_taken":[{"damage":3,"enemies":"Cultist","floor":1,"turns":5},{"damage":0,"enemies":"2 Louse","floor":3,"turns":2},{"damage":0,"enemies":"Small Slimes","floor":4,"turns":3},{"damage":8,"enemies":"Gremlin Nob","floor":7,"turns":3},{"damage":7,"enemies":"Lagavulin","floor":10,"turns":5},{"damage":0,"enemies":"Gremlin Nob","floor":13,"turns":2},{"damage":7,"enemies":"3 Louse","floor":14,"turns":3},{"damage":25,"enemies":"The Guardian","floor":16,"turns":10},{"damage":22,"enemies":"2 Thieves","floor":18,"turns":4},{"damage":21,"enemies":"Shell Parasite","floor":22,"turns":4},{"damage":45,"enemies":"Slavers","floor":29,"turns":2}],"seed_played":"-6598523656528228342","potions_obtained":[{"floor":0,"key":"SteroidPotion"},{"floor":1,"key":"SteroidPotion"},{"floor":7,"key":"Block Potion"},{"floor":13,"key":"FearPotion"},{"floor":16,"key":"AttackPotion"},{"floor":18,"key":"DistilledChaos"},{"floor":22,"key":"FearPotion"}],"is_trial":false,"path_per_floor":["M","?","M","M","$","R","E","R","T","E","?","R","E","M","R","B",null,"M","?","?","?","M","$","R","$","T","?","R","E"],"character_chosen":"THE_SILENT","items_purchased":["Sling","Strange Spoon"],"campfire_rested":0,"item_purchase_floors":[5,25],"current_hp_per_floor":[61,50,50,50,50,50,42,42,42,35,52,52,52,45,45,45,65,43,43,43,43,27,27,27,27,27,41,41,0,0],"gold":4,"neow_bonus":"BOSS_RELIC","is_daily":false,"chose_seed":false,"campfire_upgraded":6,"win_rate":0.0,"timestamp":1607839846,"path_taken":["M","?","M","M","$","R","E","R","T","E","?","R","E","M","R","BOSS","M","?","?","?","?","?","R","$","T","?","R","E"],"items_purchased_type":["Relic","Relic"],"build_version":"2020-11-30","purchased_purges":0,"victory":false,"max_hp_per_floor":[71,71,71,71,71,71,71,71,71,71,71,71,71,71,71,71,71,71,71,71,71,71,71,71,71,71,71,71,71,71],"relic_stats":{"Strange Spoon":[1],"counters":[11,43],"CeramicFish":153,"Pantograph":25,"Pandora\u0027s Box":["Corpse Explosion","Dodge and Roll","Dagger Spray","Skewer","Sucker Punch","Tactician","Night Terror","Malaise","Dagger Spray","A Thousand Cuts"],"obtain_stats":[{"Potion Belt":13,"Strange Spoon":25,"Tiny House":0,"CeramicFish":7,"Pantograph":9,"Pandora\u0027s Box":17,"The Courier":26,"Bag of Marbles":10,"StrikeDummy":2,"Sling":5,"Toy Ornithopter":19,"Ring of the Snake":0},{"Potion Belt":6,"Strange Spoon":10,"Tiny House":0,"CeramicFish":4,"Pantograph":4,"Pandora\u0027s Box":8,"The Courier":10,"Bag of Marbles":5,"StrikeDummy":1,"Sling":3,"Toy Ornithopter":9,"Ring of the Snake":0},{"Potion Belt":20,"Strange Spoon":41,"Tiny House":0,"CeramicFish":13,"Pantograph":13,"Pandora\u0027s Box":33,"The Courier":41,"Bag of Marbles":18,"StrikeDummy":5,"Sling":10,"Toy Ornithopter":37,"Ring of the Snake":0}],"Toy Ornithopter":5},"card_choices":[{"not_picked":["Setup","Catalyst"],"picked":"Flying Knee","floor":0},{"not_picked":["Predator","Underhanded Strike"],"picked":"Slice","floor":1},{"not_picked":["Tactician","Cloak And Dagger"],"picked":"Masterful Stab","floor":3},{"not_picked":["Flechettes","Blade Dance"],"picked":"Flying Knee","floor":4},{"not_picked":["All Out Attack","Caltrops"],"picked":"Backflip","floor":7},{"not_picked":["Endless Agony","Acrobatics"],"picked":"Phantasmal Killer","floor":10},{"not_picked":["Dagger Spray","Slice"],"picked":"Footwork","floor":13},{"not_picked":["Deflect","Underhanded Strike"],"picked":"Noxious Fumes","floor":14},{"not_picked":["Malaise","Grand Finale"],"picked":"Phantasmal Killer","floor":16},{"not_picked":["Prepared","Bane"],"picked":"All Out Attack+1","floor":18},{"not_picked":["Sucker Punch","Dodge and Roll"],"picked":"Deflect","floor":22}],"player_experience":2335866,"relics_obtained":[{"floor":7,"key":"CeramicFish"},{"floor":9,"key":"Pantograph"},{"floor":10,"key":"Bag of Marbles"},{"floor":13,"key":"Potion Belt"},{"floor":26,"key":"The Courier"}],"event_choices":[{"damage_healed":0,"gold_gain":0,"player_choice":"Success","damage_taken":11,"relics_obtained":["StrikeDummy"],"max_hp_gain":0,"max_hp_loss":0,"event_name":"Scrap Ooze","floor":2,"gold_loss":0},{"damage_healed":17,"gold_gain":0,"player_choice":"Healed","damage_taken":0,"max_hp_gain":0,"max_hp_loss":0,"event_name":"The Cleric","floor":11,"gold_loss":35},{"damage_healed":0,"gold_gain":0,"player_choice":"Obtained Relic","damage_taken":0,"relics_obtained":["Toy Ornithopter"],"max_hp_gain":0,"max_hp_loss":0,"event_name":"Addict","floor":19,"gold_loss":85},{"cards_removed":["A Thousand Cuts"],"damage_healed":0,"gold_gain":0,"player_choice":"Gave Gold","damage_taken":0,"max_hp_gain":0,"max_hp_loss":0,"event_name":"Beggar","floor":20,"gold_loss":75},{"damage_healed":0,"gold_gain":0,"player_choice":"Upgrade","damage_taken":0,"max_hp_gain":0,"max_hp_loss":0,"event_name":"Designer","floor":21,"gold_loss":50,"cards_upgraded":["Night Terror"]},{"damage_healed":14,"gold_gain":0,"player_choice":"Heal","damage_taken":0,"max_hp_gain":0,"max_hp_loss":0,"event_name":"The Library","floor":27,"gold_loss":0}],"is_beta":false,"boss_relics":[{"not_picked":["Cursed Key","Ectoplasm"],"picked":"Pandora\u0027s Box"}],"items_purged_floors":[],"is_endless":false,"potions_floor_spawned":[1,7,13,16,18,22],"killed_by":"Slavers","ascension_level":20}}