{"host":"q9718omregw4er46","time":1607888112,"event":{"mods":["BaseMod","Bestiary","Colored Powertips","Custom Start","Highlight Path","Minty Spire (QoL Compilation)","Practice Mode","Quick Restart","Relic Stats"],"gold_per_floor":[111,111,24,99,112,137,152,181,181,181,212,212,212,247,247,321,321,332,352,352,267,278,278,306,306,379,412,431,431,464,475,475,552,552,591,627,627,662,69,94,94],"floor_reached":40,"playtime":1641,"items_purged":[],"score":930,"play_id":"c8ca8a7e-801d-4116-afad-5edcc80e79e1","local_time":"20201214003512","is_ascension_mode":true,"campfire_choices":[{"data":"Wallop","floor":10.0,"key":"SMITH"},{"data":"Wallop","floor":12.0,"key":"SMITH"},{"floor":15.0,"key":"REST"},{"data":"Swivel","floor":23.0,"key":"SMITH"},{"floor":25.0,"key":"REST"},{"data":"Meditate","floor":29.0,"key":"SMITH"},{"data":"Wallop","floor":32.0,"key":"SMITH"}],"circlet_count":0,"master_deck":["AscendersBane","Strike_P","Strike_P+1","Strike_P","Defend_P","Defend_P","Defend_P+1","Defend_P+1","Eruption","Vigilance","FollowUp","Wallop+1","Wallop+1","EmptyFist","EmptyMind+1","Swivel+1","Meditate+1","Wallop+1","Wish","Tantrum"],"relics":["PureWater","NeowsBlessing","White Beast Statue","Prayer Wheel","TeardropLocket","Toy Ornithopter","War Paint","Snecko Eye","Orichalcum","Incense Burner","Mercury Hourglass","Ornamental Fan","Red Mask","Philosopher\u0027s Stone","Question Card","Kunai"],"acts_visited":["Exordium","TheCity","TheBeyond"],"potions_floor_usage":[40,40],"damage_taken":[{"damage":0.0,"enemies":"Small Slimes","floor":1.0,"turns":1.0},{"damage":0.0,"enemies":"2 Louse","floor":5.0,"turns":2.0},{"damage":0.0,"enemies":"Lagavulin","floor":6.0,"turns":1.0},{"damage":0.0,"enemies":"Jaw Worm","floor":7.0,"turns":3.0},{"damage":19.0,"enemies":"3 Sentries","floor":8.0,"turns":10.0},{"damage":64.0,"enemies":"Gremlin Nob","floor":11.0,"turns":4.0},{"damage":7.0,"enemies":"Lagavulin","floor":14.0,"turns":8.0},{"damage":28.0,"enemies":"Hexaghost","floor":16.0,"turns":8.0},{"damage":2.0,"enemies":"2 Thieves","floor":18.0,"turns":3.0},{"damage":11.0,"enemies":"Spheric Guardian","floor":19.0,"turns":3.0},{"damage":5.0,"enemies":"Cultist and Chosen","floor":22.0,"turns":5.0},{"damage":27.0,"enemies":"Book of Stabbing","floor":24.0,"turns":6.0},{"damage":2.0,"enemies":"Slavers","floor":27.0,"turns":7.0},{"damage":7.0,"enemies":"Centurion and Healer","floor":28.0,"turns":10.0},{"damage":0.0,"enemies":"Masked Bandits","floor":30.0,"turns":3.0},{"damage":0.0,"enemies":"Sentry and Sphere","floor":31.0,"turns":2.0},{"damage":9.0,"enemies":"Automaton","floor":33.0,"turns":10.0},{"damage":29.0,"enemies":"3 Darklings","floor":35.0,"turns":8.0},{"damage":0.0,"enemies":"Orb Walker","floor":36.0,"turns":3.0},{"damage":2.0,"enemies":"Jaw Worm Horde","floor":38.0,"turns":6.0},{"damage":92,"enemies":"Nemesis","floor":40,"turns":6}],"seed_played":"1535926108145296220","potions_obtained":[{"floor":7.0,"key":"FairyPotion"},{"floor":8.0,"key":"FearPotion"},{"floor":11.0,"key":"LiquidMemories"},{"floor":14.0,"key":"PowerPotion"},{"floor":16.0,"key":"Ambrosia"},{"floor":18.0,"key":"EssenceOfSteel"},{"floor":19.0,"key":"Regen Potion"},{"floor":22.0,"key":"StancePotion"},{"floor":24.0,"key":"SmokeBomb"},{"floor":27.0,"key":"BottledMiracle"},{"floor":28.0,"key":"CultistPotion"},{"floor":30.0,"key":"PowerPotion"},{"floor":31.0,"key":"FearPotion"},{"floor":33.0,"key":"Weak Potion"},{"floor":35.0,"key":"Fire Potion"},{"floor":36.0,"key":"Swift Potion"}],"is_trial":false,"path_per_floor":["M","?","$","?","M","E","M","E","T","R","E","R","?","E","R","B",null,"M","M","?","?","M","R","E","R","T","E","M","R","?","M","R","B",null,"M","M","?","M","$","E"],"character_chosen":"WATCHER","items_purchased":["Wallop","Question Card","Tantrum","Kunai"],"campfire_rested":2,"item_purchase_floors":[3,39,39,39],"current_hp_per_floor":[61,41,41,30,30,30,30,11,11,11,20,20,20,18,38,15,55,53,42,23,23,37,37,15,36,36,34,27,27,32,37,37,33,63,44,44,44,42,42,0,0],"gold":94,"neow_bonus":"THREE_ENEMY_KILL","is_daily":false,"chose_seed":false,"campfire_upgraded":5,"win_rate":0.0,"timestamp":1607888112,"path_taken":["M","?","$","?","M","E","M","E","T","R","E","R","?","E","R","BOSS","M","M","?","?","M","R","E","R","T","E","M","R","?","M","R","BOSS","M","M","?","?","$","E"],"items_purchased_type":["Card","Relic","Card","Relic"],"build_version":"2020-11-30","purchased_purges":0,"victory":false,"max_hp_per_floor":[68,68,68,68,68,68,68,68,68,68,68,68,68,68,68,68,68,68,68,73,73,73,73,73,73,73,73,73,73,73,73,73,73,73,73,73,73,73,73,73,73],"relic_stats":{"counters":[21,108],"Ornamental Fan":[100],"Snecko Eye":[109,127,120,137],"Prayer Wheel":8,"Kunai":[3],"War Paint":["Defend_P","EmptyMind"],"Orichalcum":[18],"Question Card":0,"obtain_stats":[{"NeowsBlessing":0,"Incense Burner":24,"TeardropLocket":9,"War Paint":14,"Orichalcum":21,"Question Card":39,"White Beast Statue":6,"Mercury Hourglass":26,"Ornamental Fan":27,"Snecko Eye":17,"Prayer Wheel":8,"Philosopher\u0027s Stone":34,"Red Mask":30,"Kunai":39,"PureWater":0,"Toy Ornithopter":11},{"NeowsBlessing":0,"Incense Burner":12,"TeardropLocket":5,"War Paint":7,"Orichalcum":10,"Question Card":20,"White Beast Statue":3,"Mercury Hourglass":12,"Ornamental Fan":13,"Snecko Eye":8,"Prayer Wheel":5,"Philosopher\u0027s Stone":17,"Red Mask":15,"Kunai":20,"PureWater":0,"Toy Ornithopter":6},{"NeowsBlessing":0,"Incense Burner":54,"TeardropLocket":17,"War Paint":29,"Orichalcum":43,"Question Card":102,"White Beast Statue":4,"Mercury Hourglass":54,"Ornamental Fan":61,"Snecko Eye":37,"Prayer Wheel":17,"Philosopher\u0027s Stone":86,"Red Mask":74,"Kunai":102,"PureWater":0,"Toy Ornithopter":21}],"Toy Ornithopter":55,"Mercury Hourglass":[190]},"card_choices":[{"not_picked":["Crescendo","BowlingBash"],"picked":"FollowUp","floor":1.0},{"not_picked":["ClearTheMind","Prostrate","PathToVictory"],"picked":"SKIP","floor":5.0},{"not_picked":["ConjureBlade","CrushJoints"],"picked":"Wallop","floor":6.0},{"not_picked":["SashWhip","EmptyBody"],"picked":"EmptyFist","floor":7.0},{"not_picked":["CrushJoints","PathToVictory","WaveOfTheHand"],"picked":"SKIP","floor":8.0},{"not_picked":["BowlingBash","CrushJoints"],"picked":"EmptyMind","floor":11.0},{"not_picked":["Evaluate","EmptyFist","Alpha"],"picked":"SKIP","floor":14.0},{"not_picked":["CarveReality+1","JustLucky","FlyingSleeves"],"picked":"SKIP","floor":18.0},{"not_picked":["Halt","CutThroughFate","Study"],"picked":"SKIP","floor":18.0},{"not_picked":["Perseverance","Halt","FollowUp"],"picked":"SKIP","floor":19.0},{"not_picked":["Consecrate","Conclude","ThirdEye"],"picked":"SKIP","floor":19.0},{"not_picked":["Vengeance+1","Halt"],"picked":"Swivel","floor":22.0},{"not_picked":["SignatureMove","ForeignInfluence","WreathOfFlame+1"],"picked":"SKIP","floor":22.0},{"not_picked":["SashWhip","Alpha"],"picked":"Meditate","floor":24.0},{"not_picked":["Evaluate","PathToVictory","Weave"],"picked":"SKIP","floor":27.0},{"not_picked":["Evaluate","Protect","ThirdEye"],"picked":"SKIP","floor":28.0},{"not_picked":["JustLucky+1","DeceiveReality","FlyingSleeves"],"picked":"SKIP","floor":28.0},{"not_picked":["EmptyBody","FlurryOfBlows"],"picked":"Wallop","floor":31.0},{"not_picked":["Meditate+1","BattleHymn","BowlingBash+1"],"picked":"SKIP","floor":31.0},{"not_picked":["MasterReality","DeusExMachina"],"picked":"Wish","floor":33.0},{"not_picked":["EmptyFist+1","WreathOfFlame","FlurryOfBlows"],"picked":"SKIP","floor":35.0},{"not_picked":["WaveOfTheHand+1","Indignation+1","ForeignInfluence"],"picked":"SKIP","floor":35.0},{"not_picked":["Prostrate","EmptyBody","MasterReality"],"picked":"SKIP","floor":36.0},{"not_picked":["EmptyBody+1","FearNoEvil+1","Crescendo+1"],"picked":"SKIP","floor":36.0},{"not_picked":["CrushJoints","Meditate","EmptyMind"],"picked":"SKIP","floor":38.0},{"not_picked":["Weave+1","FlurryOfBlows","WaveOfTheHand+1"],"picked":"SKIP","floor":38.0}],"player_experience":1006434,"relics_obtained":[{"floor":6.0,"key":"White Beast Statue"},{"floor":8.0,"key":"Prayer Wheel"},{"floor":9.0,"key":"TeardropLocket"},{"floor":11.0,"key":"Toy Ornithopter"},{"floor":14.0,"key":"War Paint"},{"floor":24.0,"key":"Incense Burner"},{"floor":26.0,"key":"Mercury Hourglass"},{"floor":27.0,"key":"Ornamental Fan"},{"floor":30.0,"key":"Red Mask"}],"event_choices":[{"damage_healed":0.0,"max_hp_gain":0.0,"max_hp_loss":0.0,"gold_gain":0.0,"event_name":"Shining Light","player_choice":"Entered Light","floor":2.0,"gold_loss":0.0,"damage_taken":20.0,"cards_upgraded":["Defend_P","Strike_P"]},{"damage_healed":0.0,"max_hp_gain":0.0,"max_hp_loss":0.0,"gold_gain":75.0,"event_name":"World of Goop","player_choice":"Gather Gold","floor":4.0,"gold_loss":0.0,"damage_taken":11.0},{"damage_healed":0.0,"max_hp_gain":0.0,"max_hp_loss":0.0,"gold_gain":0.0,"event_name":"Liars Game","player_choice":"Ignored","floor":13.0,"gold_loss":0.0,"damage_taken":0.0},{"damage_healed":0.0,"max_hp_gain":5.0,"max_hp_loss":0.0,"gold_gain":0.0,"event_name":"Forgotten Altar","player_choice":"Shed Blood","floor":20.0,"gold_loss":0.0,"damage_taken":24.0},{"damage_healed":0.0,"max_hp_gain":0.0,"max_hp_loss":0.0,"gold_gain":0.0,"event_name":"Addict","player_choice":"Obtained Relic","floor":21.0,"gold_loss":85.0,"damage_taken":0.0,"relics_obtained":["Orichalcum"]},{"damage_healed":0.0,"max_hp_gain":0.0,"max_hp_loss":0.0,"gold_gain":0.0,"event_name":"Masked Bandits","player_choice":"Fought Bandits","floor":30.0,"gold_loss":0.0,"damage_taken":0.0},{"cards_removed":["Strike_P"],"damage_healed":0.0,"max_hp_gain":0.0,"max_hp_loss":0.0,"gold_gain":0.0,"event_name":"Bonfire Elementals","player_choice":"Offered Basic","floor":37.0,"gold_loss":0.0,"damage_taken":0.0}],"is_beta":false,"boss_relics":[{"not_picked":["VioletLotus","Calling Bell"],"picked":"Snecko Eye"},{"not_picked":["Black Star","Velvet Choker"],"picked":"Philosopher\u0027s Stone"}],"items_purged_floors":[],"is_endless":false,"potions_floor_spawned":[7,8,11,14,16,18,19,22,24,27,28,30,31,33,35,36,38],"killed_by":"Nemesis","ascension_level":19}}