{"host":"qw1m3zcvi888b4j7","time":1607887920,"event":{"mods":["AchievementEnabler","BaseMod","Block Reminder","Colored Map","Colored Powertips","Consume Value Calculator","DeckTracker","Highlight Path","Minty Spire (QoL Compilation)","Quick Restart","Rare Cards Sparkle","Relic Sorter","Relic Stats"],"gold_per_floor":[117,34,209,220,220,251,251,261,261,361,395,395,429,442,442,442,442],"floor_reached":16,"playtime":522,"items_purged":[],"score":150,"play_id":"7b3ebca9-b29d-4178-92b5-974d7cc4764f","local_time":"20201213203200","is_ascension_mode":true,"campfire_choices":[{"floor":7,"key":"RECALL"},{"floor":12,"key":"DIG"},{"floor":15,"key":"DIG"}],"circlet_count":0,"master_deck":["Strike_B","Strike_B","Strike_B","Strike_B","Defend_B","Defend_B","Defend_B","Defend_B","Zap","Dualcast","Conserve Battery","Static Discharge","Gash","Turbo","Auto Shields","Sweeping Beam","Sunder","BootSequence","Consume"],"relics":["Cracked Core","NeowsBlessing","Shovel","Bag of Marbles","Question Card","Lantern","Meat on the Bone"],"acts_visited":["Exordium"],"potions_floor_usage":[11],"damage_taken":[{"damage":0,"enemies":"Cultist","floor":1,"turns":1},{"damage":0,"enemies":"Jaw Worm","floor":4,"turns":1},{"damage":0,"enemies":"Gremlin Nob","floor":6,"turns":1},{"damage":0,"enemies":"Small Slimes","floor":8,"turns":3},{"damage":24,"enemies":"3 Sentries","floor":11,"turns":6},{"damage":15,"enemies":"Gremlin Nob","floor":13,"turns":4},{"damage":2,"enemies":"Exordium Thugs","floor":14,"turns":4},{"damage":30,"enemies":"Slime Boss","floor":16,"turns":3}],"seed_played":"5146066090002808231","potions_obtained":[{"floor":4,"key":"LiquidBronze"}],"is_trial":false,"path_per_floor":["M","$","?","M","?","E","R","M","T","?","E","R","E","M","R","B"],"character_chosen":"DEFECT","items_purchased":["Static Discharge","Gash"],"campfire_rested":0,"item_purchase_floors":[2,2],"current_hp_per_floor":[75,75,75,75,68,68,68,68,68,68,44,44,29,27,27,0,0],"gold":442,"neow_bonus":"THREE_ENEMY_KILL","is_daily":false,"chose_seed":false,"campfire_upgraded":0,"win_rate":0.0,"timestamp":1607887920,"path_taken":["M","$","?","M","?","E","R","M","T","?","E","R","E","?","R","BOSS"],"items_purchased_type":["Card","Card"],"build_version":"2020-11-30","purchased_purges":0,"victory":false,"max_hp_per_floor":[75,75,75,75,75,75,75,75,75,75,75,75,75,75,75,75,75],"relic_stats":{"Shovel":2,"counters":[8,23],"Question Card":2,"obtain_stats":[{"Lantern":13,"Shovel":6,"NeowsBlessing":0,"Bag of Marbles":11,"Cracked Core":0,"Question Card":12,"Meat on the Bone":15},{"Lantern":6,"Shovel":3,"NeowsBlessing":0,"Bag of Marbles":5,"Cracked Core":0,"Question Card":5,"Meat on the Bone":7},{"Lantern":16,"Shovel":3,"NeowsBlessing":0,"Bag of Marbles":12,"Cracked Core":0,"Question Card":12,"Meat on the Bone":20}],"Meat on the Bone":0},"card_choices":[{"not_picked":["Hologram","Leap"],"picked":"Conserve Battery","floor":1},{"not_picked":["Go for the Eyes","Blizzard"],"picked":"Turbo","floor":4},{"not_picked":["Recycle","Streamline"],"picked":"Auto Shields","floor":6},{"not_picked":["Rainbow","Skim"],"picked":"Sweeping Beam","floor":8},{"not_picked":["Ball Lightning","Self Repair"],"picked":"Sunder","floor":11},{"not_picked":["Chaos","Conserve Battery","Fusion"],"picked":"BootSequence","floor":13},{"not_picked":["Darkness","Turbo","Go for the Eyes"],"picked":"Consume","floor":14}],"player_experience":46719,"relics_obtained":[{"floor":6,"key":"Shovel"},{"floor":11,"key":"Bag of Marbles"},{"floor":12,"key":"Question Card"},{"floor":13,"key":"Lantern"},{"floor":15,"key":"Meat on the Bone"}],"event_choices":[{"damage_healed":0,"gold_gain":175,"player_choice":"AGREE","damage_taken":0,"max_hp_gain":0,"max_hp_loss":0,"event_name":"Liars Game","floor":3,"gold_loss":0,"cards_obtained":["Doubt"]},{"cards_removed":["Doubt"],"damage_healed":0,"gold_gain":0,"player_choice":"Card Removal","damage_taken":7,"max_hp_gain":0,"max_hp_loss":0,"event_name":"Golden Wing","floor":5,"gold_loss":0},{"damage_healed":0,"gold_gain":100,"player_choice":"Gold","damage_taken":0,"max_hp_gain":0,"max_hp_loss":0,"event_name":"Wheel of Change","floor":10,"gold_loss":0}],"is_beta":false,"boss_relics":[],"items_purged_floors":[],"is_endless":false,"potions_floor_spawned":[4],"killed_by":"Slime Boss","ascension_level":1}}