{"host":"qqjv58wfhopf6ysa","time":1607837128,"event":{"mods":["AchievementEnabler","Aspiration","BaseMod","Conspire","Hubris","Infinite Spire","Minty Spire (QoL Compilation)","Permanent Neow","Quick Restart","Replay The Spire","StSLib","SuperFastMode","vexMod"],"gold_per_floor":[114,114,141,152,172,172,172,172,182,182,206,206,216,216,236,46,46,130,130,147,97,116,116,116,116,130,130,130],"floor_reached":27,"playtime":479,"items_purged":[],"score":203,"play_id":"29b7ab5f-df9f-4fb0-b241-6b4d67099574","local_time":"20201213142528","is_ascension_mode":false,"campfire_choices":[{"data":"Zap","floor":6,"key":"SMITH"},{"data":"Dualcast","floor":10,"key":"SMITH"},{"data":"Gash","floor":12,"key":"SMITH"},{"floor":17,"key":"DIG"},{"floor":25,"key":"REST"}],"circlet_count":0,"master_deck":["Strike_B","Strike_B","Strike_B","Strike_B","Defend_B","Defend_B","Defend_B","Defend_B","Zap+1","Dualcast+1","Gash+1","Darkness","Redo","Loop"],"relics":["infinitespire:EmpoweringShard","Regal Pillow","vexMod:DeviousBotling","aspiration:EnhancedActuators","aspiration:StickyExplosives_weak","Ancient Tea Set","vexMod:FluxCapacitor","aspiration:Nostalgia","Ring of the Snake"],"acts_visited":["Exordium","TheCity"],"potions_floor_usage":[22],"damage_taken":[{"damage":0,"enemies":"Small Slimes","floor":1,"turns":3},{"damage":1,"enemies":"Jaw Worm","floor":4,"turns":3},{"damage":0,"enemies":"Cultist","floor":5,"turns":3},{"damage":7,"enemies":"Blue Slaver","floor":9,"turns":3},{"damage":8,"enemies":"Lots of Slimes","floor":13,"turns":4},{"damage":0,"enemies":"Looter","floor":15,"turns":2},{"damage":51,"enemies":"Fading Forest","floor":18,"turns":11},{"damage":26,"enemies":"2 Thieves","floor":20,"turns":3},{"damage":33,"enemies":"3 Byrds","floor":22,"turns":5},{"damage":22,"enemies":"Shelled Parasite and Fungi","floor":26,"turns":3},{"damage":33,"enemies":"Nightmare","floor":27,"turns":6}],"seed_played":"1918334839572824257","potions_obtained":[{"floor":1,"key":"BlessingOfTheForge"},{"floor":13,"key":"FearPotion"},{"floor":22,"key":"AttackPotion"}],"is_trial":false,"path_per_floor":["M","?","T","M","M","R","PTL","PTL","M","R","T","R","M","?","M","$","R","B",null,"M","?","M","AVR","?","R","M","NM"],"character_chosen":"DEFECT","items_purchased":["Darkness","Redo","Loop"],"campfire_rested":1,"item_purchase_floors":[16,16,16],"current_hp_per_floor":[75,68,68,67,67,67,67,67,60,60,60,60,52,52,52,52,52,27,75,49,49,16,16,16,53,31,0,0],"gold":130,"neow_bonus":"BOSS_RELIC","is_daily":false,"chose_seed":false,"campfire_upgraded":3,"win_rate":0.0,"timestamp":1607837128,"path_taken":["M","?","?","M","M","R","PTL","PTL","?","R","T","R","M","?","?","$","R","BOSS","M","?","?","AVR","?","R","M","NM"],"items_purchased_type":["Card","Card","Card"],"build_version":"2020-11-30","purchased_purges":0,"victory":false,"max_hp_per_floor":[75,75,75,75,75,75,75,75,75,75,75,75,75,75,75,75,75,75,75,75,75,75,75,75,75,75,75,75],"card_choices":[{"not_picked":["BootSequence","Tempest"],"picked":"Gash","floor":1},{"not_picked":["Steam","FIFO Queue","BasicCrystalCard"],"picked":"SKIP","floor":4},{"not_picked":["Beam Cell","Barrage","Ball Lightning"],"picked":"SKIP","floor":5},{"not_picked":["Steam Power","Lockon","Sweeping Beam"],"picked":"SKIP","floor":9},{"not_picked":["Scrape","Melter"],"picked":"Hologram","floor":13},{"not_picked":["Reinforced Body","Cold Snap","Lockon"],"picked":"SKIP","floor":15},{"not_picked":["Chaos","Leap","Heatsinks"],"picked":"SKIP","floor":20},{"not_picked":["Ball Lightning","Steam","Panic Button"],"picked":"SKIP","floor":22},{"not_picked":["conspire:SharedLibrary","ReplayTheSpireMod:Reroute Power","Cold Snap"],"picked":"SKIP","floor":26}],"player_experience":335889,"relics_obtained":[{"floor":3,"key":"Regal Pillow"},{"floor":11,"key":"aspiration:EnhancedActuators"},{"floor":17,"key":"Ancient Tea Set"}],"event_choices":[{"damage_healed":0,"gold_gain":0,"player_choice":"Success","damage_taken":7,"relics_obtained":["infinitespire:EmpoweringShard"],"max_hp_gain":0,"max_hp_loss":0,"event_name":"Scrap Ooze","floor":2,"gold_loss":0},{"cards_removed":["Hologram"],"damage_healed":0,"gold_gain":0,"player_choice":"Gave Card","damage_taken":0,"relics_obtained":["aspiration:StickyExplosives_weak"],"max_hp_gain":0,"max_hp_loss":0,"event_name":"WeMeetAgain","floor":14,"gold_loss":0},{"damage_healed":0,"gold_gain":0,"player_choice":"Bet on Murderer","damage_taken":0,"max_hp_gain":0,"max_hp_loss":0,"event_name":"The Joust","floor":21,"gold_loss":50}],"is_beta":false,"boss_relics":[{"not_picked":["Ectoplasm","hubris:CrackedHourglass"],"picked":"vexMod:FluxCapacitor"}],"items_purged_floors":[],"is_endless":false,"potions_floor_spawned":[1,13,22],"killed_by":"Nightmare","ascension_level":0}}