{"host":"4c7oxphrh4ok8x7u","time":1607870641,"event":{"mods":["2.2 Compatiblity","Act Like it!","Aspiration","BaseMod","Better Skull","Better Vampires","BetterRewards","Challenge The Spire","Conjunction","Conspire","Custom Start","Dota2Spire","Friendly Minions","FruityMod","GifTheSpireLib","Halation","Hermit","HololiveMod","Hubris","Hyrulean Relics","Jedi Mod","Kratos Character Expansion","Minty Spire (QoL Compilation)","MostiFishMod","Permanent Neow","Prisma Mod","Quarter Circle Forward PUNCH!","RatMod","Replay The Spire","Robot Space Explorer","SCP261 Mod","Shade Mod","Slay the Relics Exporter","Small Relic Pack","Spicy Shops","Spikes Relics","Spires And Sneckos","StSLib","Stuff the Spire","The Animator","The Blue Laboratory","The Death Knight","The Edgeheg","The Exalted","The Fake Hero","TheWitcher","Wandering Minibosses"],"gold_per_floor":[116,209,220,238,250,250,250],"floor_reached":6,"playtime":403,"items_purged":[],"score":38,"play_id":"af539547-ea8a-498a-bcec-73f6b39fc098","local_time":"20201213174401","is_ascension_mode":false,"campfire_choices":[],"circlet_count":0,"master_deck":["RobotSpaceExplorer:StarLightning+1","DeathKnight:Strike_DeathKnight","DeathKnight:Strike_DeathKnight","DeathKnight:Strike_DeathKnight","DeathKnight:Strike_DeathKnight","DeathKnight:Strike_DeathKnight","DeathKnight:Defend_DeathKnight","DeathKnight:Defend_DeathKnight","DeathKnight:Defend_DeathKnight","DeathKnight:Defend_DeathKnight","DeathKnight:Defend_DeathKnight","DeathKnight:RuneTap","DeathKnight:RuneStrike","DeathKnight:ShatteringStrikes","DeathKnight:Hysteria","DeathKnight:DancingRuneblade","DeathKnight:DancingRuneblade","DeathKnight:DancingRuneblade","DeathKnight:MutagenicPlague","DeathKnight:Hysteria"],"relics":["DeathKnight:BrokenRuneblade","DaveBox","Prayer Wheel","xbg","Question Card"],"acts_visited":["Exordium"],"potions_floor_usage":[],"damage_taken":[{"damage":0,"enemies":"2 Louse","floor":1,"turns":3},{"damage":0,"enemies":"Jaw Worm","floor":3,"turns":2},{"damage":0,"enemies":"Cultist","floor":4,"turns":3},{"damage":13,"enemies":"conspire:2 RoseBushes","floor":5,"turns":7},{"damage":13,"enemies":"3 Sentries","floor":6,"turns":2}],"seed_played":"-4861339355502815476","potions_obtained":[],"is_trial":false,"path_per_floor":["M","?","M","M","M","E"],"character_chosen":"DEATH_KNIGHT","items_purchased":[],"campfire_rested":0,"item_purchase_floors":[],"current_hp_per_floor":[54,24,24,24,11,0,0],"gold":250,"neow_bonus":"ONE_RARE_RELIC","is_daily":false,"chose_seed":false,"campfire_upgraded":0,"win_rate":0.0,"timestamp":1607870641,"path_taken":["M","?","M","?","M","E"],"items_purchased_type":[],"build_version":"2020-11-30","purchased_purges":0,"victory":false,"max_hp_per_floor":[75,75,75,75,75,75,75],"card_choices":[{"not_picked":["DeathKnight:UnholyPresence","DeathKnight:Marrowrend"],"picked":"DeathKnight:ShatteringStrikes","floor":1},{"not_picked":["DeathKnight:HornOfWinter","DeathKnight:RuneShock","DeathKnight:DeathCoil"],"picked":"SKIP","floor":1},{"not_picked":["DeathKnight:ShatteringStrikes","DeathKnight:FrostStrike","DeathKnight:MarkOfBlood"],"picked":"DeathKnight:Hysteria","floor":2},{"not_picked":["DeathKnight:IcyTouch","DeathKnight:FrosPresence","DeathKnight:HornOfWinter"],"picked":"DeathKnight:DancingRuneblade","floor":2},{"not_picked":["DeathKnight:Lichborne","DeathKnight:BloodStrike","DeathKnight:HowlingBlast"],"picked":"DeathKnight:DancingRuneblade","floor":3},{"not_picked":["DeathKnight:DreadStrike","DeathKnight:Hysteria","DeathKnight:HornOfWinter"],"picked":"DeathKnight:DancingRuneblade","floor":3},{"not_picked":["DeathKnight:FoulBulwark","DeathKnight:MindFreeze","DeathKnight:DeathGrip"],"picked":"DeathKnight:MutagenicPlague","floor":4},{"not_picked":["DeathKnight:DeathGrip","DeathKnight:IceboundArmor","DeathKnight:HartStrike","DeathKnight:RaiseAlly"],"picked":"SKIP","floor":4},{"not_picked":["DeathKnight:BloodBoil","DeathKnight:ScourgeStrike","DeathKnight:DreadStrike"],"picked":"DeathKnight:Hysteria","floor":5},{"not_picked":["DeathKnight:Rot","DeathKnight:ShatteringStrikes","DeathKnight:Simulacrum","DeathKnight:MindFreeze"],"picked":"SKIP","floor":5}],"player_experience":593654,"relics_obtained":[{"floor":1,"key":"Question Card"}],"event_choices":[],"is_beta":false,"boss_relics":[],"items_purged_floors":[],"is_endless":false,"potions_floor_spawned":[4],"killed_by":"3 Sentries","ascension_level":0}}