{"host":"0e3sjn8nzeyxegex","time":1607857944,"event":{"mods":["AlwaysNeverKeys","BaseMod","Better Altar","Better Sensory Stone","Better Skull","Better Third Choice","Better Vampires","Colored Map","Friendly Minions","Minty Spire (QoL Compilation)","Permanent Neow","Quick Restart","StSLib","The Alterego","WarShipGirlsR/????R mod"],"gold_per_floor":[16,28,40,40,40,40,68,68,68,96,96,112,141,151,151,252,252,263,273,285,320,333,333,366,366,393,393,411,189,217,236,236,333,333,352,366,377,397,297,297,325,340,363,383,383,411,461,18,18,18],"floor_reached":51,"playtime":3323,"items_purged":["rmod:heivgo","rmod:auspiciousomen"],"score":1407,"play_id":"a0977f2b-7749-4bb2-819e-dd81741c87e1","local_time":"20201213031224","is_ascension_mode":true,"campfire_choices":[{"data":"rmod:diamondstrike","floor":6,"key":"SMITH"},{"data":"rmod:openingtorpedo","floor":8,"key":"SMITH"},{"data":"rmod:steelsupply","floor":11,"key":"SMITH"},{"data":"1","floor":15,"key":"LIFT"},{"data":"2","floor":23,"key":"LIFT"},{"data":"3","floor":25,"key":"LIFT"},{"data":"rmod:saltedfish","floor":27,"key":"SMITH"},{"data":"rmod:lonelyqueen","floor":32,"key":"SMITH"},{"data":"rmod:circuitoustactics","floor":45,"key":"SMITH"},{"data":"rmod:windflower","floor":49,"key":"SMITH"}],"circlet_count":0,"master_deck":["rmod:maingunfire","rmod:steelsupply+1","rmod:diamondstrike+1","rmod:openingtorpedo+1","rmod:combined","rmod:firesupport","rmod:luckystar","rmod:fletcherpendant","rmod:ridicule","rmod:firesupport","rmod:ridicule","rmod:concentratefire","rmod:mineteam+1","rmod:luckystar","rmod:saltedfish+1","rmod:unsinkable+1","rmod:smokecover+1","rmod:lonelyqueen+1","rmod:fuelsupply+1","rmod:gendarmerie","rmod:victimresponsibility+1","rmod:fletcherpendant+1","rmod:lonelyqueen+1","rmod:windflower+1","rmod:chargemoney+1","rmod:overbreakdown","rmod:rockthrower+1","rmod:firesupport+1","rmod:abidefaith+1","rmod:lonelyqueen+1","rmod:circuitoustactics+1","rmod:fletcherpendant+1","rmod:luckystar+1","rmod:aluminumsupply+1","rmod:diaomin+1","rmod:maintain+1"],"relics":["rmod:firstchargereward","FossilizedHelix","Shuriken","Pantograph","Frozen Egg 2","Girya","Pandora\u0027s Box","Red Mask","Matryoshka","Ornamental Fan","PreservedInsect","OrangePellets","Mummified Hand","Coffee Dripper","Bag of Preparation","Bronze Scales","Juzu Bracelet","Darkstone Periapt","Du-Vu Doll","Ginger","Orrery"],"acts_visited":["Exordium","TheCity","TheBeyond"],"potions_floor_usage":[7,7,7,13,24,40,50,50,50,50,50],"damage_taken":[{"damage":0,"enemies":"2 Louse","floor":1,"turns":3},{"damage":0,"enemies":"Jaw Worm","floor":2,"turns":3},{"damage":0,"enemies":"Cultist","floor":3,"turns":3},{"damage":0,"enemies":"Gremlin Nob","floor":7,"turns":3},{"damage":0,"enemies":"Lagavulin","floor":10,"turns":5},{"damage":0,"enemies":"3 Louse","floor":12,"turns":2},{"damage":0,"enemies":"3 Sentries","floor":13,"turns":4},{"damage":0,"enemies":"Large Slime","floor":14,"turns":2},{"damage":0,"enemies":"The Guardian","floor":16,"turns":9},{"damage":0,"enemies":"3 Byrds","floor":18,"turns":2},{"damage":0,"enemies":"Spheric Guardian","floor":19,"turns":2},{"damage":16,"enemies":"Snake Plant","floor":20,"turns":3},{"damage":0,"enemies":"Masked Bandits","floor":21,"turns":2},{"damage":0,"enemies":"Sentry and Sphere","floor":22,"turns":4},{"damage":4,"enemies":"Book of Stabbing","floor":24,"turns":4},{"damage":0,"enemies":"Centurion and Healer","floor":28,"turns":3},{"damage":0,"enemies":"Slavers","floor":30,"turns":3},{"damage":12,"enemies":"Snake Plant","floor":31,"turns":2},{"damage":0,"enemies":"Collector","floor":33,"turns":4},{"damage":0,"enemies":"3 Shapes","floor":35,"turns":4},{"damage":0,"enemies":"Orb Walker","floor":36,"turns":3},{"damage":6,"enemies":"Sphere and 2 Shapes","floor":37,"turns":5},{"damage":0,"enemies":"3 Darklings","floor":38,"turns":5},{"damage":0,"enemies":"Reptomancer","floor":41,"turns":2},{"damage":0,"enemies":"Jaw Worm Horde","floor":42,"turns":3},{"damage":0,"enemies":"Maw","floor":44,"turns":5},{"damage":0,"enemies":"Giant Head","floor":46,"turns":5},{"damage":12,"enemies":"Mind Bloom Boss Battle","floor":47,"turns":4},{"damage":4,"enemies":"Time Eater","floor":50,"turns":7}],"seed_played":"5965802950012271913","potions_obtained":[{"floor":3,"key":"EntropicBrew"},{"floor":7,"key":"SkillPotion"},{"floor":10,"key":"BlessingOfTheForge"},{"floor":14,"key":"EssenceOfSteel"},{"floor":16,"key":"Strength Potion"},{"floor":21,"key":"LiquidBronze"},{"floor":24,"key":"Fire Potion"},{"floor":40,"key":"Fruit Juice"},{"floor":40,"key":"Weak Potion"},{"floor":44,"key":"LiquidBronze"}],"is_trial":false,"path_per_floor":["M","M","M","?","?","R","E","R","T","E","R","M","E","M","R","B",null,"M","M","M","?","M","R","E","R","T","R","M","$","E","M","R","B",null,"M","M","M","M","$","?","E","M","T","M","R","E","?","$","R","B",null],"character_chosen":"PRAEFECT","items_purchased":["OrangePellets","Ginger","Orrery"],"campfire_rested":0,"item_purchase_floors":[29,48,48],"current_hp_per_floor":[68,68,68,68,61,61,61,61,61,61,61,61,61,61,61,75,75,75,75,59,59,59,59,55,55,55,55,55,55,55,43,43,68,73,73,73,67,67,67,72,72,72,72,72,72,72,68,68,68,76],"gold":18,"neow_bonus":"ONE_RARE_RELIC","is_daily":false,"chose_seed":false,"campfire_upgraded":7,"win_rate":0.0,"timestamp":1607857944,"path_taken":["M","M","M","?","?","R","E","R","T","E","R","?","E","M","R","BOSS","M","M","M","?","M","R","E","R","T","R","M","$","E","M","R","BOSS","M","M","M","M","$","?","E","M","T","M","R","E","?","$","R","BOSS"],"items_purchased_type":["Relic","Relic","Relic"],"build_version":"2020-11-30","purchased_purges":2,"victory":true,"max_hp_per_floor":[75,75,75,75,75,75,75,75,75,75,75,75,75,75,75,75,75,75,75,75,75,75,75,75,75,75,75,75,75,75,75,75,75,75,75,75,75,75,75,80,80,80,80,80,80,80,80,80,80,80],"card_choices":[{"not_picked":["rmod:supportescort","rmod:bulid","rmod:spoils"],"picked":"SKIP","floor":1},{"not_picked":["rmod:victimresponsibility","rmod:highspeedshooting"],"picked":"rmod:steelsupply","floor":2},{"not_picked":["rmod:ammunitionsupply","rmod:wolves"],"picked":"rmod:diamondstrike","floor":3},{"not_picked":["rmod:goodfighter","rmod:combined"],"picked":"rmod:openingtorpedo","floor":7},{"not_picked":["rmod:spoils","rmod:saltedfish"],"picked":"rmod:combined","floor":10},{"not_picked":["rmod:circuitoustactics","rmod:ammunitionsupply"],"picked":"rmod:firesupport","floor":12},{"not_picked":["rmod:selfconfidence","rmod:aggressivemary"],"picked":"rmod:luckystar","floor":13},{"not_picked":["rmod:luckystar","rmod:diamondstrike"],"picked":"rmod:fletcherpendant","floor":14},{"not_picked":["rmod:saltedfish","rmod:fletcher"],"picked":"rmod:ridicule","floor":16},{"not_picked":["rmod:concentratefire+1","rmod:fuelsupply+1"],"picked":"rmod:unsinkable+1","floor":18},{"not_picked":["rmod:highspeedshooting","rmod:unsinkable"],"picked":"rmod:smokecover+1","floor":19},{"not_picked":["rmod:robin+1","rmod:desperatesituation+1"],"picked":"rmod:lonelyqueen+1","floor":20},{"not_picked":["rmod:steelsupply","rmod:luckystar+1"],"picked":"rmod:fuelsupply+1","floor":21},{"not_picked":["rmod:capitalist","rmod:steelsupply"],"picked":"rmod:gendarmerie","floor":22},{"not_picked":["rmod:desperatesituation+1","rmod:supportescort"],"picked":"rmod:victimresponsibility+1","floor":24},{"not_picked":["rmod:tearstotiara","rmod:diamondstrike"],"picked":"rmod:fletcherpendant+1","floor":28},{"not_picked":["rmod:punchline","rmod:openingtorpedo+1","rmod:bulid"],"picked":"SKIP","floor":30},{"not_picked":["rmod:luckystar","rmod:unsinkable"],"picked":"rmod:lonelyqueen","floor":31},{"not_picked":["rmod:stealaluminum+1","rmod:u235"],"picked":"rmod:windflower","floor":33},{"not_picked":["rmod:victimresponsibility","rmod:tearstotiara+1"],"picked":"rmod:chargemoney+1","floor":35},{"not_picked":["rmod:ring","rmod:bulid+1"],"picked":"rmod:overbreakdown","floor":36},{"not_picked":["rmod:fuelsupply","rmod:ammunitionsupply"],"picked":"rmod:rockthrower+1","floor":37},{"not_picked":["rmod:combined+1","rmod:chargemoney+1"],"picked":"rmod:firesupport+1","floor":38},{"not_picked":["rmod:supportaircraftcarrier","rmod:smokecover"],"picked":"rmod:abidefaith+1","floor":41},{"not_picked":["rmod:aviationdawn","rmod:supportaircraftcarrier+1"],"picked":"rmod:lonelyqueen+1","floor":42},{"not_picked":["rmod:steelsupply","rmod:spoils"],"picked":"rmod:circuitoustactics","floor":44},{"not_picked":["rmod:aluminumsupply+1","rmod:slowdown","rmod:ammunitionsupply"],"picked":"SKIP","floor":46},{"not_picked":["rmod:supportaircraftcarrier","rmod:victimresponsibility+1"],"picked":"rmod:fletcherpendant+1","floor":47},{"not_picked":["rmod:wolves+1","rmod:tearstotiara"],"picked":"rmod:luckystar+1","floor":48},{"not_picked":["rmod:victimresponsibility+1","rmod:supportescort"],"picked":"rmod:aluminumsupply+1","floor":48},{"not_picked":["rmod:auspiciousomen","rmod:wolves+1"],"picked":"rmod:diaomin+1","floor":48},{"not_picked":["rmod:intelligenceanalysis+1","rmod:supportescort"],"picked":"rmod:maintain+1","floor":48}],"player_experience":1163240,"relics_obtained":[{"floor":7,"key":"Shuriken"},{"floor":9,"key":"Pantograph"},{"floor":10,"key":"Frozen Egg 2"},{"floor":13,"key":"Girya"},{"floor":21,"key":"Red Mask"},{"floor":24,"key":"Matryoshka"},{"floor":26,"key":"Ornamental Fan"},{"floor":26,"key":"PreservedInsect"},{"floor":30,"key":"Mummified Hand"},{"floor":41,"key":"Bag of Preparation"},{"floor":43,"key":"Bronze Scales"},{"floor":43,"key":"Juzu Bracelet"},{"floor":46,"key":"Darkstone Periapt"},{"floor":47,"key":"Du-Vu Doll"}],"event_choices":[{"damage_healed":0,"gold_gain":0,"player_choice":"Ignored","damage_taken":40,"max_hp_gain":0,"max_hp_loss":0,"event_name":"betterThird:BetterSerpent","floor":4,"gold_loss":0},{"cards_removed":["rmod:basicallowance"],"damage_healed":0,"gold_gain":0,"player_choice":"Card Removal","damage_taken":7,"max_hp_gain":0,"max_hp_loss":0,"event_name":"Golden Wing","floor":5,"gold_loss":0},{"damage_healed":0,"gold_gain":0,"player_choice":"Fought Bandits","damage_taken":0,"max_hp_gain":0,"max_hp_loss":0,"event_name":"Masked Bandits","floor":21,"gold_loss":0},{"damage_healed":0,"gold_gain":0,"player_choice":"Got Potions","damage_taken":0,"max_hp_gain":0,"max_hp_loss":0,"event_name":"Lab","floor":40,"gold_loss":0},{"damage_healed":0,"gold_gain":0,"player_choice":"Fight","damage_taken":0,"max_hp_gain":0,"max_hp_loss":0,"event_name":"MindBloom","floor":47,"gold_loss":0}],"is_beta":false,"boss_relics":[{"not_picked":["Runic Pyramid","Astrolabe"],"picked":"Pandora\u0027s Box"},{"not_picked":["Empty Cage","Black Star"],"picked":"Coffee Dripper"}],"items_purged_floors":[29,39],"is_endless":false,"potions_floor_spawned":[3,7,10,14,16,19,21,24,28,30,37,38,42,44],"ascension_level":8}}