{"host":"oluf6aumjll4vfac","time":1607861123,"event":{"mods":["BaseMod","Colored Map","Colored Powertips","Conspire","Downfall","Minty Spire (QoL Compilation)","Quick Restart","Shop Mod","StSLib","SuperFastMode"],"gold_per_floor":[99,111,125,125,144,197,223,233,233,266,82,96,115,135,146,146,146],"floor_reached":16,"playtime":690,"items_purged":[],"score":106,"play_id":"f49216f8-c132-4db9-8215-432790ba6c0a","local_time":"20201213200523","is_ascension_mode":false,"campfire_choices":[{"data":"Slimebound:CorrosiveSpit","floor":1,"key":"SMITH"},{"floor":4,"key":"REST"},{"floor":9,"key":"RECALL"}],"circlet_count":0,"master_deck":["Slimebound:Strike_Slimebound","Slimebound:Strike_Slimebound","Slimebound:Strike_Slimebound","Slimebound:Tackle","Slimebound:Defend_Slimebound","Slimebound:Defend_Slimebound","Slimebound:Defend_Slimebound","Slimebound:Defend_Slimebound","Slimebound:Split","Slimebound:CorrosiveSpit+1","Slimebound:ForwardTackle","Slimebound:MegaLick","Slimebound:SlimeSpikes","Slimebound:LivingWall","Slimebound:FlameTackle","Slimebound:ViciousTackle","Slimebound:SplitBruiser","Slimebound:Dissolve","Slimebound:Repurpose","Slimebound:Prepare","Slimebound:LeechEnergy"],"relics":["Slimebound:AbsorbEndCombat","Boot","Blue Candle","MerchantsRug"],"acts_visited":["Exordium"],"potions_floor_usage":[11,11],"damage_taken":[{"damage":7,"enemies":"Cultist","floor":2,"turns":3},{"damage":17,"enemies":"Jaw Worm","floor":3,"turns":2},{"damage":3,"enemies":"Small Slimes","floor":5,"turns":3},{"damage":14,"enemies":"Blue Slaver","floor":8,"turns":4},{"damage":30,"enemies":"Lagavulin","floor":10,"turns":5},{"damage":13,"enemies":"downfall:FleeingMerchant","floor":11,"turns":4},{"damage":16,"enemies":"3 Louse","floor":12,"turns":2},{"damage":10,"enemies":"Exordium Wildlife","floor":13,"turns":3},{"damage":19,"enemies":"Large Slime","floor":14,"turns":4},{"damage":12,"enemies":"Red Slaver","floor":15,"turns":3},{"damage":6,"enemies":"downfall:Watcher","floor":16,"turns":3}],"seed_played":"4412604959880454509","potions_obtained":[{"floor":5,"key":"ColorlessPotion"},{"floor":10,"key":"Weak Potion"},{"floor":13,"key":"FearPotion"},{"floor":14,"key":"hexamod:EctoCoolerPotion"}],"is_trial":false,"path_per_floor":["R","M","M","R","M","T","T","M","R","E","$","M","M","M","M","B"],"character_chosen":"SLIMEBOUND","items_purchased":["MerchantsRug","Slimebound:SplitBruiser"],"campfire_rested":1,"item_purchase_floors":[11,11],"current_hp_per_floor":[66,63,48,66,65,65,65,56,56,40,35,27,23,14,4,0,0],"gold":146,"neow_bonus":"TEN_PERCENT_HP_BONUS","is_daily":false,"chose_seed":false,"campfire_upgraded":1,"win_rate":0.0,"timestamp":1607861123,"path_taken":["R","M","M","R","M","?","T","M","R","E","$","M","M","M","M","BOSS"],"items_purchased_type":["Relic","Card"],"build_version":"2020-11-30","purchased_purges":0,"victory":false,"max_hp_per_floor":[66,66,66,66,66,66,66,66,66,66,66,66,66,66,66,66,66],"card_choices":[{"not_picked":["Slimebound:LeechingTouch","Slimebound:FinishingTackle"],"picked":"Slimebound:ForwardTackle","floor":2},{"not_picked":["Slimebound:Schlurp","Slimebound:RollThrough"],"picked":"Slimebound:MegaLick","floor":3},{"not_picked":["Slimebound:PressTheAttack","Slimebound:SpikyOuterGoop"],"picked":"Slimebound:SlimeSpikes","floor":5},{"not_picked":["Slimebound:SplitLeeching","Slimebound:LeechingTouch"],"picked":"Slimebound:LivingWall","floor":8},{"not_picked":["Slimebound:SpikyOuterGoop","Slimebound:SamplingLick"],"picked":"Slimebound:FlameTackle","floor":10},{"not_picked":["Slimebound:GoopTackle","Slimebound:LeechEnergy"],"picked":"Slimebound:ViciousTackle","floor":11},{"not_picked":["Slimebound:SplitBruiser","Slimebound:PressTheAttack"],"picked":"Slimebound:Dissolve","floor":12},{"not_picked":["Slimebound:SplitLeeching","Slimebound:DisruptingSlam"],"picked":"Slimebound:Repurpose","floor":13},{"not_picked":["Slimebound:LeadByExample","Slimebound:SlimeSpikes"],"picked":"Slimebound:Prepare","floor":14},{"not_picked":["Slimebound:SamplingLick","Slimebound:Grow"],"picked":"Slimebound:LeechEnergy","floor":15}],"player_experience":43998,"relics_obtained":[{"floor":6,"key":"Boot"},{"floor":10,"key":"Blue Candle"}],"event_choices":[],"is_beta":false,"boss_relics":[],"items_purged_floors":[],"is_endless":false,"potions_floor_spawned":[5,10,13,14],"killed_by":"downfall:Watcher","ascension_level":0}}