{"host":"5gc11emcm5chfr5t","time":1607819593,"event":{"mods":["2.2 Compatiblity","AchievementEnabler","BaseMod","Bestiary","Better Note","Colored Map","Colored Powertips","Googly Eyes","Minty Spire (QoL Compilation)","Rare Cards Sparkle","StSLib"],"gold_per_floor":[113,131,131,131,141,141,141,159,159,172,235,260,280,280,280,280,280],"floor_reached":16,"playtime":667,"items_purged":[],"score":102,"play_id":"b63a2ed1-81d3-4d06-8e88-5a266e316058","local_time":"20201212193313","is_ascension_mode":false,"campfire_choices":[{"data":"Eruption","floor":6,"key":"SMITH"},{"floor":15,"key":"REST"}],"circlet_count":0,"master_deck":["Strike_P","Strike_P","Strike_P","Strike_P","Defend_P","Defend_P","Defend_P","Defend_P","Eruption+1","Vigilance","FlyingSleeves","Protect","Consecrate","ThirdEye","Collect","Devotion","CutThroughFate","Injury","Judgement"],"relics":["PureWater","CloakClasp","Mango","Pantograph","Bird Faced Urn","Potion Belt"],"acts_visited":["Exordium"],"potions_floor_usage":[11,11,11,12],"damage_taken":[{"damage":3,"enemies":"Jaw Worm","floor":1,"turns":5},{"damage":0,"enemies":"Small Slimes","floor":2,"turns":2},{"damage":3,"enemies":"Cultist","floor":5,"turns":4},{"damage":0,"enemies":"Looter","floor":8,"turns":2},{"damage":1,"enemies":"Blue Slaver","floor":10,"turns":4},{"damage":20,"enemies":"Lagavulin Event","floor":11,"turns":4},{"damage":8,"enemies":"3 Sentries","floor":12,"turns":7},{"damage":5,"enemies":"Red Slaver","floor":13,"turns":7},{"damage":78,"enemies":"The Guardian","floor":16,"turns":12}],"seed_played":"7719649794732626429","potions_obtained":[{"floor":1,"key":"GamblersBrew"},{"floor":2,"key":"PowerPotion"},{"floor":5,"key":"GamblersBrew"},{"floor":11,"key":"Swift Potion"}],"is_trial":false,"path_per_floor":["M","M","?","?","M","R","?","M","T","M","?","E","M","?","R","B"],"character_chosen":"WATCHER","items_purchased":[],"campfire_rested":1,"item_purchase_floors":[],"current_hp_per_floor":[62,62,62,64,61,61,61,61,61,60,40,32,29,29,52,1,1],"gold":280,"neow_bonus":"ONE_RARE_RELIC","is_daily":false,"chose_seed":false,"campfire_upgraded":1,"win_rate":0.0,"timestamp":1607819593,"path_taken":["M","M","?","?","M","R","?","M","T","?","?","E","M","?","R","BOSS"],"items_purchased_type":[],"build_version":"2020-11-30","purchased_purges":0,"victory":false,"max_hp_per_floor":[65,65,65,79,79,79,79,79,79,79,79,79,79,79,79,79,79],"card_choices":[{"not_picked":["Indignation","Halt"],"picked":"FlyingSleeves","floor":1},{"not_picked":["FlurryOfBlows","ClearTheMind"],"picked":"Protect","floor":2},{"not_picked":["FlyingSleeves","EmptyBody"],"picked":"Consecrate","floor":5},{"not_picked":["Protect","ClearTheMind","BowlingBash"],"picked":"SKIP","floor":8},{"not_picked":["Consecrate","PathToVictory"],"picked":"ThirdEye","floor":10},{"not_picked":["EmptyBody","ClearTheMind"],"picked":"Collect","floor":11},{"not_picked":["Crescendo","TalkToTheHand"],"picked":"Devotion","floor":12},{"not_picked":["EmptyBody","FlyingSleeves"],"picked":"CutThroughFate","floor":13}],"player_experience":329885,"relics_obtained":[{"floor":9,"key":"Pantograph"},{"floor":11,"key":"Bird Faced Urn"},{"floor":12,"key":"Potion Belt"}],"event_choices":[{"damage_healed":0,"gold_gain":0,"player_choice":"Leave","damage_taken":0,"max_hp_gain":0,"max_hp_loss":0,"event_name":"The Cleric","floor":3,"gold_loss":0},{"damage_healed":0,"gold_gain":0,"player_choice":"Success","damage_taken":12,"relics_obtained":["Mango"],"max_hp_gain":0,"max_hp_loss":0,"event_name":"Scrap Ooze","floor":4,"gold_loss":0},{"damage_healed":0,"gold_gain":0,"player_choice":"Ignored","damage_taken":0,"max_hp_gain":0,"max_hp_loss":0,"event_name":"Golden Wing","floor":7,"gold_loss":0},{"damage_healed":0,"gold_gain":0,"player_choice":"Searched \u00271\u0027 times","damage_taken":0,"max_hp_gain":0,"max_hp_loss":0,"event_name":"Dead Adventurer","floor":11,"gold_loss":0},{"damage_healed":0,"gold_gain":0,"player_choice":"2 cards matched","damage_taken":0,"max_hp_gain":0,"max_hp_loss":0,"event_name":"Match and Keep!","floor":14,"gold_loss":0,"cards_obtained":["Injury","Judgement"]}],"is_beta":false,"boss_relics":[],"items_purged_floors":[],"is_endless":false,"potions_floor_spawned":[1,2,5,11],"killed_by":"The Guardian","ascension_level":0}}