{"host":"07ljfmttuzqopd7f","time":1607832970,"event":{"mods":["2.2 Compatiblity","BaseMod","Bestiary","Block Reminder","Colored Map","Colored Powertips","Curses Come First","Hermit","Minty Spire (QoL Compilation)","Quick Restart","Random Character Button","Rare Cards Sparkle","Relic Stats","StSLib","The Cursed","UnlockEverythingMod"],"gold_per_floor":[110,110,110,128,128,157,169,19,19,29,47,47,80,95,95,95,95],"floor_reached":16,"playtime":546,"items_purged":[],"score":140,"play_id":"bd1a38c4-ff12-4fdf-951c-d1f58f1f2d9c","local_time":"20201212231610","is_ascension_mode":true,"campfire_choices":[{"floor":12,"key":"REST"},{"floor":15,"key":"REST"}],"circlet_count":0,"master_deck":["hermit:Strike_Hermit","hermit:Strike_Hermit","hermit:Strike_Hermit+1","hermit:Strike_Hermit","hermit:Defend_Hermit","hermit:Defend_Hermit","hermit:Defend_Hermit","hermit:Defend_Hermit","hermit:Snapshot","hermit:Covet","hermit:Reprieve+1","hermit:Roulette+1","hermit:LuckOfTheDraw","hermit:DeadMansHand","hermit:GhostlyPresence","hermit:SprayPray","hermit:Determination","hermit:Headshot","hermit:Enervate"],"relics":["hermit:Momento","StrikeDummy","CaptainsWheel","Singing Bowl","Orichalcum"],"acts_visited":["Exordium"],"potions_floor_usage":[6,13,16],"damage_taken":[{"damage":2,"enemies":"Small Slimes","floor":1,"turns":4},{"damage":4,"enemies":"Jaw Worm","floor":4,"turns":3},{"damage":25,"enemies":"Lagavulin","floor":6,"turns":5},{"damage":0,"enemies":"2 Louse","floor":7,"turns":1},{"damage":12,"enemies":"Red Slaver","floor":10,"turns":3},{"damage":7,"enemies":"Exordium Wildlife","floor":11,"turns":3},{"damage":16,"enemies":"Gremlin Nob","floor":13,"turns":3},{"damage":5,"enemies":"Looter","floor":14,"turns":2},{"damage":53,"enemies":"The Guardian","floor":16,"turns":15}],"seed_played":"6024791995670058810","potions_obtained":[{"floor":1,"key":"Fire Potion"},{"floor":10,"key":"CultistPotion"},{"floor":13,"key":"Regen Potion"},{"floor":14,"key":"Weak Potion"}],"is_trial":false,"path_per_floor":["M","?","?","M","?","E","M","$","T","M","M","R","E","M","R","B"],"character_chosen":"HERMIT","items_purchased":["hermit:SprayPray","hermit:Determination","hermit:Headshot"],"campfire_rested":2,"item_purchase_floors":[8,8,8],"current_hp_per_floor":[75,63,48,48,48,23,23,23,23,19,18,41,31,28,52,0,0],"gold":95,"neow_bonus":"ONE_RANDOM_RARE_CARD","is_daily":false,"chose_seed":false,"campfire_upgraded":0,"win_rate":0.0,"timestamp":1607832970,"path_taken":["M","?","?","M","?","E","M","$","T","M","M","R","E","M","R","BOSS"],"items_purchased_type":["Card","Card","Card"],"build_version":"2020-11-30","purchased_purges":0,"victory":false,"max_hp_per_floor":[75,75,75,75,75,75,75,75,75,75,77,77,79,81,81,81,81],"relic_stats":{"Singing Bowl":6,"counters":[9,39],"Orichalcum":[48],"obtain_stats":[{"CaptainsWheel":6,"Singing Bowl":9,"Orichalcum":13,"StrikeDummy":2,"hermit:Momento":0},{"CaptainsWheel":3,"Singing Bowl":4,"Orichalcum":7,"StrikeDummy":1,"hermit:Momento":0},{"CaptainsWheel":12,"Singing Bowl":13,"Orichalcum":22,"StrikeDummy":4,"hermit:Momento":0}]},"card_choices":[{"not_picked":["hermit:Shortfuse","hermit:Vantage"],"picked":"hermit:Roulette","floor":1},{"not_picked":["hermit:ItchyTrigger","hermit:CalledShot"],"picked":"hermit:LuckOfTheDraw","floor":4},{"not_picked":["hermit:Horror","hermit:Reprieve"],"picked":"hermit:DeadMansHand","floor":6},{"not_picked":["hermit:WideOpen","hermit:HoleUp"],"picked":"hermit:GhostlyPresence","floor":7},{"not_picked":["hermit:FullyLoaded","hermit:Desperado"],"picked":"hermit:Enervate","floor":10},{"not_picked":["hermit:Manifest","hermit:LuckOfTheDraw","hermit:CalledShot"],"picked":"Singing Bowl","floor":11},{"not_picked":["hermit:CalledShot","hermit:Headshot","hermit:Desperado"],"picked":"Singing Bowl","floor":13},{"not_picked":["hermit:Headshot","hermit:Glare","hermit:GoldenBullet"],"picked":"Singing Bowl","floor":14}],"player_experience":404404,"relics_obtained":[{"floor":6,"key":"CaptainsWheel"},{"floor":9,"key":"Singing Bowl"},{"floor":13,"key":"Orichalcum"}],"event_choices":[{"damage_healed":0,"gold_gain":0,"player_choice":"Success","damage_taken":12,"relics_obtained":["StrikeDummy"],"max_hp_gain":0,"max_hp_loss":0,"event_name":"Scrap Ooze","floor":2,"gold_loss":0},{"damage_healed":0,"gold_gain":0,"player_choice":"Entered Light","damage_taken":15,"max_hp_gain":0,"max_hp_loss":0,"event_name":"Shining Light","floor":3,"gold_loss":0,"cards_upgraded":["hermit:Reprieve","hermit:Strike_Hermit"]},{"damage_healed":0,"gold_gain":0,"player_choice":"Grow","damage_taken":0,"max_hp_gain":0,"max_hp_loss":0,"event_name":"Living Wall","floor":5,"gold_loss":0,"cards_upgraded":["hermit:Roulette"]}],"is_beta":false,"boss_relics":[],"items_purged_floors":[],"is_endless":false,"potions_floor_spawned":[1,10,13,14],"killed_by":"The Guardian","ascension_level":5}}