{"host":"dl5mjdlimopbuch5","time":1607884301,"event":{"mods":["AchievementEnabler","BaseMod","Colored Powertips","Googly Eyes","Minty Spire (QoL Compilation)","Quick Restart"],"gold_per_floor":[119,119,138,138,138,138,170,182,194,206,244,4,14,24,24,121,121,137,137,137,52,52,52,64,64,64,64,92,14,14,33,33,137,187,207,207,218,218,268,268,268,268,268,268,268,284,284,297,297,297],"floor_reached":51,"playtime":1196,"items_purged":[],"score":827,"play_id":"1d207af4-aa53-4fe3-afa1-c5307c66d588","local_time":"20201213183141","is_ascension_mode":true,"campfire_choices":[{"data":"Barrage","floor":6,"key":"SMITH"},{"data":"White Noise","floor":8,"key":"SMITH"},{"data":"Strike_B","floor":10,"key":"SMITH"},{"floor":15,"key":"REST"},{"data":"Electrodynamics","floor":23,"key":"SMITH"},{"data":"Barrage","floor":27,"key":"SMITH"},{"data":"Static Discharge","floor":30,"key":"SMITH"},{"floor":32,"key":"REST"},{"floor":40,"key":"REST"},{"data":"Buffer","floor":45,"key":"SMITH"},{"data":"Strike_B","floor":47,"key":"SMITH"},{"data":"Strike_B","floor":49,"key":"SMITH"}],"circlet_count":0,"master_deck":["Strike_B+1","Strike_B+1","Strike_B+1","Strike_B+1","Defend_B+1","Defend_B+1","Defend_B","Defend_B+1","Zap+1","Barrage+1","White Noise+1","Barrage+1","Redo+1","Electrodynamics+1","Double Energy+1","Static Discharge+1","Streamline+1","Buffer+1","Steam+1","Chaos+1","Leap+1"],"relics":["Cracked Core","NeowsBlessing","MealTicket","Symbiotic Virus","War Paint","Toxic Egg 2","Empty Cage","Eternal Feather","Nloth\u0027s Gift","Pear","Juzu Bracelet","Tiny House","Bird Faced Urn","Darkstone Periapt"],"acts_visited":["Exordium","TheCity","TheBeyond"],"potions_floor_usage":[28,28,33,33,33,50,50,50],"damage_taken":[{"damage":0.0,"enemies":"2 Louse","floor":1.0,"turns":1.0},{"damage":0,"enemies":"Jaw Worm","floor":3,"turns":1},{"damage":0,"enemies":"3 Sentries","floor":7,"turns":1},{"damage":3,"enemies":"Cultist","floor":13,"turns":3},{"damage":15,"enemies":"Blue Slaver","floor":14,"turns":4},{"damage":16,"enemies":"Slime Boss","floor":16,"turns":9},{"damage":22,"enemies":"2 Thieves","floor":18,"turns":3},{"damage":7,"enemies":"Chosen","floor":24,"turns":3},{"damage":34,"enemies":"Book of Stabbing","floor":28,"turns":5},{"damage":19,"enemies":"Snake Plant","floor":31,"turns":2},{"damage":80,"enemies":"Automaton","floor":33,"turns":7},{"damage":12,"enemies":"3 Shapes","floor":35,"turns":3},{"damage":17,"enemies":"Orb Walker","floor":37,"turns":3},{"damage":20,"enemies":"Mind Bloom Boss Battle","floor":39,"turns":8},{"damage":34,"enemies":"Jaw Worm Horde","floor":46,"turns":4},{"damage":0,"enemies":"4 Shapes","floor":48,"turns":5},{"damage":84,"enemies":"Donu and Deca","floor":50,"turns":8}],"seed_played":"-9026608468197230209","potions_obtained":[{"floor":13,"key":"Weak Potion"},{"floor":16,"key":"PowerPotion"},{"floor":18,"key":"PowerPotion"},{"floor":31,"key":"EntropicBrew"},{"floor":34,"key":"AttackPotion"},{"floor":39,"key":"Regen Potion"}],"is_trial":false,"path_per_floor":["M","?","M","?","?","R","E","R","T","R","T","$","M","M","R","B",null,"M","?","?","?","?","R","M","?","T","R","E","$","R","M","R","B",null,"M","?","M","?","?","R","$","?","T","?","R","M","R","M","R","B",null],"character_chosen":"DEFECT","items_purchased":["Toxic Egg 2","Static Discharge"],"campfire_rested":3,"item_purchase_floors":[12,29],"current_hp_per_floor":[75,60,60,60,60,60,60,60,60,60,60,75,72,57,75,59,75,53,53,53,53,53,62,55,55,65,74,40,55,64,45,79,4,90,78,78,61,61,41,80,90,90,90,90,90,62,74,82,90,29],"gold":297,"neow_bonus":"THREE_ENEMY_KILL","is_daily":false,"chose_seed":false,"campfire_upgraded":9,"win_rate":0.0,"timestamp":1607884301,"path_taken":["M","?","M","?","?","R","E","R","T","R","?","$","M","M","R","BOSS","M","?","?","?","?","R","?","?","T","R","E","$","R","M","R","BOSS","M","?","M","?","?","R","$","?","T","?","R","M","R","M","R","BOSS"],"items_purchased_type":["Relic","Card"],"build_version":"2020-11-30","purchased_purges":0,"victory":true,"max_hp_per_floor":[75,75,75,75,75,75,75,75,75,75,75,75,75,75,75,75,75,75,75,75,75,75,75,75,75,85,85,85,85,85,85,85,85,90,90,90,90,90,90,90,90,90,90,90,90,90,90,90,90,90],"card_choices":[{"not_picked":["Hologram","Leap"],"picked":"Barrage","floor":1},{"not_picked":["Gash","Compile Driver","Go for the Eyes"],"picked":"SKIP","floor":3},{"not_picked":["Compile Driver","Streamline"],"picked":"White Noise","floor":7},{"not_picked":["Blizzard","Go for the Eyes"],"picked":"Barrage","floor":13},{"not_picked":["Rebound","Hologram+1"],"picked":"Redo+1","floor":14},{"not_picked":["Echo Form","Machine Learning"],"picked":"Electrodynamics","floor":16},{"not_picked":["Redo+1","Sweeping Beam","Barrage"],"picked":"SKIP","floor":18},{"not_picked":["Rip and Tear","Barrage","Cold Snap"],"picked":"SKIP","floor":24},{"not_picked":["Electrodynamics","Beam Cell","Redo+1"],"picked":"SKIP","floor":28},{"not_picked":["Beam Cell+1","Genetic Algorithm+1"],"picked":"Streamline+1","floor":31},{"not_picked":["Electrodynamics","Seek+1"],"picked":"Buffer","floor":33},{"not_picked":["Barrage","Turbo+1"],"picked":"Steam+1","floor":34},{"not_picked":["Gash+1","Amplify+1","Rebound+1"],"picked":"SKIP","floor":35},{"not_picked":["Sweeping Beam","Force Field+1"],"picked":"Chaos+1","floor":37},{"not_picked":["Hologram+1","Cold Snap+1","Steam+1"],"picked":"SKIP","floor":46},{"not_picked":["Storm","Reprogram+1","BootSequence+1"],"picked":"SKIP","floor":48}],"player_experience":212999,"relics_obtained":[{"floor":7,"key":"MawBank"},{"floor":9,"key":"Symbiotic Virus"},{"floor":11,"key":"War Paint"},{"floor":26,"key":"Pear"},{"floor":28,"key":"Juzu Bracelet"},{"floor":39,"key":"Bird Faced Urn"},{"floor":43,"key":"Darkstone Periapt"}],"event_choices":[{"damage_healed":0,"gold_gain":0,"player_choice":"Entered Light","damage_taken":15,"max_hp_gain":0,"max_hp_loss":0,"event_name":"Shining Light","floor":2,"gold_loss":0,"cards_upgraded":["Zap","Defend_B"]},{"damage_healed":0,"gold_gain":0,"player_choice":"Ignored","damage_taken":0,"max_hp_gain":0,"max_hp_loss":0,"event_name":"Golden Wing","floor":4,"gold_loss":0},{"damage_healed":0,"gold_gain":0,"player_choice":"Box","damage_taken":0,"relics_obtained":["MealTicket"],"max_hp_gain":0,"max_hp_loss":0,"event_name":"Big Fish","floor":5,"gold_loss":0,"cards_obtained":["Regret"]},{"damage_healed":0,"gold_gain":0,"player_choice":"Read","damage_taken":0,"max_hp_gain":0,"max_hp_loss":0,"event_name":"The Library","floor":19,"gold_loss":0,"cards_obtained":["Double Energy"]},{"damage_healed":0,"gold_gain":0,"player_choice":"Ignored","damage_taken":0,"max_hp_gain":0,"max_hp_loss":0,"event_name":"Beggar","floor":20,"gold_loss":0},{"damage_healed":0,"gold_gain":0,"player_choice":"Obtained Relic","damage_taken":0,"relics_obtained":["Eternal Feather"],"max_hp_gain":0,"max_hp_loss":0,"event_name":"Addict","floor":21,"gold_loss":85},{"damage_healed":0,"gold_gain":0,"player_choice":"Ignored","damage_taken":0,"max_hp_gain":0,"max_hp_loss":0,"event_name":"Transmorgrifier","floor":22,"gold_loss":0},{"damage_healed":0,"gold_gain":0,"player_choice":"Traded Relic","damage_taken":0,"relics_obtained":["Nloth\u0027s Gift"],"max_hp_gain":0,"max_hp_loss":0,"event_name":"N\u0027loth","floor":25,"relics_lost":["MawBank"],"gold_loss":0},{"damage_healed":0,"gold_gain":0,"player_choice":"Ignored","damage_taken":0,"max_hp_gain":0,"max_hp_loss":0,"event_name":"Tomb of Lord Red Mask","floor":36,"gold_loss":0},{"damage_healed":0,"gold_gain":0,"player_choice":"1 cards matched","damage_taken":0,"max_hp_gain":0,"max_hp_loss":0,"event_name":"Match and Keep!","floor":38,"gold_loss":0,"cards_obtained":["Leap"]},{"damage_healed":0,"gold_gain":0,"player_choice":"Fight","damage_taken":0,"max_hp_gain":0,"max_hp_loss":0,"event_name":"MindBloom","floor":39,"gold_loss":0},{"damage_healed":0,"gold_gain":0,"player_choice":"Memory 1","damage_taken":0,"max_hp_gain":0,"max_hp_loss":0,"event_name":"SensoryStone","floor":42,"gold_loss":0},{"damage_healed":0,"gold_gain":0,"player_choice":"Bought 0 Potions","damage_taken":0,"max_hp_gain":0,"max_hp_loss":0,"event_name":"The Woman in Blue","floor":44,"gold_loss":0}],"is_beta":false,"boss_relics":[{"not_picked":["Astrolabe","Fusion Hammer"],"picked":"Empty Cage"},{"not_picked":["Velvet Choker","Philosopher\u0027s Stone"],"picked":"Tiny House"}],"items_purged_floors":[],"is_endless":false,"potions_floor_spawned":[13,16,18,31,39],"ascension_level":3}}