{"host":"07ljfmttuzqopd7f","time":1607844813,"event":{"mods":["2.2 Compatiblity","BaseMod","Bestiary","Block Reminder","Colored Map","Colored Powertips","Curses Come First","Hermit","Minty Spire (QoL Compilation)","Quick Restart","Random Character Button","Rare Cards Sparkle","Relic Stats","StSLib","The Cursed","UnlockEverythingMod"],"gold_per_floor":[118,134,134,93,93,93,113,144,168,202,202,226,226,253,253,363,363,382,400,400,400,69,108,108,119,119,14,50,50,70,94,94,94,94],"floor_reached":33,"playtime":768,"items_purged":["hermit:Strike_Hermit"],"score":460,"play_id":"e35409ae-2614-4b0b-9936-557c0af1ed35","local_time":"20201213023333","is_ascension_mode":true,"campfire_choices":[{"data":"hermit:Deadeye","floor":6,"key":"SMITH"},{"floor":11,"key":"REST"},{"data":"hermit:Headshot","floor":13,"key":"SMITH"},{"data":"hermit:Virtue","floor":15,"key":"SMITH"},{"data":"hermit:Magnum","floor":29,"key":"SMITH"},{"data":"hermit:Combo","floor":32,"key":"SMITH"}],"circlet_count":0,"master_deck":["hermit:Strike_Hermit","hermit:Strike_Hermit","hermit:Defend_Hermit","hermit:Snapshot","hermit:Covet","hermit:GhostlyPresence+1","hermit:TakeAim","hermit:Deadeye+1","hermit:Headshot+1","hermit:Enervate","hermit:Ricochet","hermit:Virtue+1","hermit:Gambit","hermit:Enervate+1","hermit:NoHoldsBarred","hermit:Ricochet","hermit:WideOpen+1","hermit:Roughhouse","hermit:Magnum+1","hermit:Combo+1"],"relics":["hermit:Momento","NeowsBlessing","Art of War","CeramicFish","White Beast Statue","Runic Dome","Vajra","hermit:Horseshoe","The Courier","Mercury Hourglass","Bag of Preparation"],"acts_visited":["Exordium","TheCity"],"potions_floor_usage":[8,12,16,25,25,33,33],"damage_taken":[{"damage":0,"enemies":"Small Slimes","floor":1,"turns":1},{"damage":0,"enemies":"Jaw Worm","floor":2,"turns":1},{"damage":0,"enemies":"Cultist","floor":7,"turns":1},{"damage":20,"enemies":"3 Sentries","floor":8,"turns":5},{"damage":24,"enemies":"Gremlin Nob","floor":10,"turns":4},{"damage":10,"enemies":"Exordium Wildlife","floor":12,"turns":2},{"damage":0,"enemies":"2 Fungi Beasts","floor":14,"turns":3},{"damage":0,"enemies":"Slime Boss","floor":16,"turns":7},{"damage":2,"enemies":"Chosen","floor":18,"turns":3},{"damage":0,"enemies":"Gremlin Leader","floor":23,"turns":5},{"damage":6,"enemies":"2 Thieves","floor":25,"turns":2},{"damage":4,"enemies":"Book of Stabbing","floor":28,"turns":4},{"damage":13,"enemies":"Centurion and Healer","floor":30,"turns":2},{"damage":0,"enemies":"Snake Plant","floor":31,"turns":2},{"damage":65,"enemies":"Champ","floor":33,"turns":6}],"seed_played":"1349689799718384617","potions_obtained":[{"floor":2,"key":"SteroidPotion"},{"floor":7,"key":"Energy Potion"},{"floor":10,"key":"ColorlessPotion"},{"floor":12,"key":"SteroidPotion"},{"floor":14,"key":"Fire Potion"},{"floor":16,"key":"SpeedPotion"},{"floor":18,"key":"Fire Potion"},{"floor":25,"key":"SpeedPotion"},{"floor":28,"key":"DuplicationPotion"},{"floor":30,"key":"LiquidBronze"},{"floor":31,"key":"Regen Potion"}],"is_trial":false,"path_per_floor":["M","M","?","$","?","R","M","E","T","E","R","M","R","M","R","B",null,"M","?","?","?","$","E","?","M","T","$","E","R","M","M","R","B"],"character_chosen":"HERMIT","items_purchased":["hermit:Deadeye","hermit:Horseshoe","hermit:Roughhouse"],"campfire_rested":1,"item_purchase_floors":[4,22,27],"current_hp_per_floor":[75,75,75,75,75,75,75,55,55,31,53,43,43,43,43,43,67,65,65,65,65,65,65,65,59,59,59,55,55,42,42,42,0,0],"gold":94,"neow_bonus":"THREE_ENEMY_KILL","is_daily":false,"chose_seed":false,"campfire_upgraded":5,"win_rate":0.0,"timestamp":1607844813,"path_taken":["M","M","?","$","?","R","M","E","T","E","R","M","R","M","R","BOSS","M","?","?","?","$","E","?","M","T","$","E","R","?","M","R","BOSS"],"items_purchased_type":["Card","Relic","Card"],"build_version":"2020-11-30","purchased_purges":1,"victory":false,"max_hp_per_floor":[75,75,75,75,75,75,75,75,75,75,75,75,75,75,75,75,75,75,75,75,75,75,75,75,75,75,75,75,75,75,75,75,75,75],"relic_stats":{"counters":[15,48],"CeramicFish":90,"Art of War":[0],"Bag of Preparation":[6],"obtain_stats":[{"Runic Dome":17,"NeowsBlessing":0,"CeramicFish":9,"Vajra":20,"The Courier":23,"Art of War":8,"Bag of Preparation":28,"hermit:Horseshoe":22,"hermit:Momento":0,"White Beast Statue":10,"Mercury Hourglass":26},{"Runic Dome":8,"NeowsBlessing":0,"CeramicFish":4,"Vajra":9,"The Courier":10,"Art of War":4,"Bag of Preparation":12,"hermit:Horseshoe":9,"hermit:Momento":0,"White Beast Statue":5,"Mercury Hourglass":11},{"Runic Dome":24,"NeowsBlessing":0,"CeramicFish":8,"Vajra":27,"The Courier":32,"Art of War":8,"Bag of Preparation":38,"hermit:Horseshoe":27,"hermit:Momento":0,"White Beast Statue":12,"Mercury Hourglass":34}],"Mercury Hourglass":[48]},"card_choices":[{"not_picked":["hermit:HoleUp","hermit:Snipe"],"picked":"hermit:GhostlyPresence","floor":1},{"not_picked":["hermit:Manifest","hermit:Dive"],"picked":"hermit:TakeAim","floor":2},{"not_picked":["hermit:Manifest","hermit:Maintenance"],"picked":"hermit:Headshot","floor":7},{"not_picked":["hermit:ItchyTrigger","hermit:NoHoldsBarred"],"picked":"hermit:Enervate","floor":8},{"not_picked":["hermit:TakeCover","hermit:HighCaliber","hermit:ItchyTrigger"],"picked":"SKIP","floor":10},{"not_picked":["hermit:Headshot","hermit:SprayPray"],"picked":"hermit:Ricochet","floor":12},{"not_picked":["hermit:TrackingShot","hermit:Feint"],"picked":"hermit:Virtue","floor":14},{"not_picked":["hermit:HighNoon","hermit:FatalDesire"],"picked":"hermit:Gambit","floor":16},{"not_picked":["hermit:Misfire","hermit:TakeCover"],"picked":"hermit:Enervate+1","floor":18},{"not_picked":["hermit:Desperado","hermit:Grudge"],"picked":"hermit:WideOpen+1","floor":23},{"not_picked":["hermit:DeadMansHand","hermit:PistolWhip","hermit:Quickdraw+1"],"picked":"SKIP","floor":25},{"not_picked":["hermit:LowProfile","hermit:HoleUp"],"picked":"hermit:Magnum","floor":28},{"not_picked":["hermit:Dive","hermit:Scavenge","hermit:Manifest"],"picked":"SKIP","floor":30},{"not_picked":["hermit:Roulette","hermit:Gestalt"],"picked":"hermit:Combo","floor":31}],"player_experience":408331,"relics_obtained":[{"floor":8,"key":"Art of War"},{"floor":9,"key":"CeramicFish"},{"floor":10,"key":"White Beast Statue"},{"floor":23,"key":"The Courier"},{"floor":26,"key":"Mercury Hourglass"},{"floor":28,"key":"Bag of Preparation"}],"event_choices":[{"damage_healed":0,"gold_gain":0,"player_choice":"Grow","damage_taken":0,"max_hp_gain":0,"max_hp_loss":0,"event_name":"Living Wall","floor":3,"gold_loss":0,"cards_upgraded":["hermit:GhostlyPresence"]},{"cards_removed":["hermit:Defend_Hermit"],"damage_healed":0,"gold_gain":0,"player_choice":"Offered Basic","damage_taken":0,"max_hp_gain":0,"max_hp_loss":0,"event_name":"Bonfire Elementals","floor":5,"gold_loss":0},{"damage_healed":0,"gold_gain":0,"cards_transformed":["hermit:Strike_Hermit","hermit:Defend_Hermit"],"player_choice":"Became Test Subject","damage_taken":0,"max_hp_gain":0,"max_hp_loss":0,"event_name":"Drug Dealer","floor":19,"gold_loss":0,"cards_obtained":["hermit:NoHoldsBarred","hermit:Ricochet"]},{"damage_healed":0,"gold_gain":0,"player_choice":"Opened","damage_taken":0,"relics_obtained":["Vajra"],"max_hp_gain":0,"max_hp_loss":0,"event_name":"The Mausoleum","floor":20,"gold_loss":0},{"damage_healed":0,"gold_gain":0,"player_choice":"Ignored","damage_taken":0,"max_hp_gain":0,"max_hp_loss":0,"event_name":"Vampires","floor":21,"gold_loss":0},{"cards_removed":["hermit:Defend_Hermit"],"damage_healed":0,"gold_gain":0,"player_choice":"Elegance","damage_taken":0,"max_hp_gain":0,"max_hp_loss":0,"event_name":"Back to Basics","floor":24,"gold_loss":0}],"is_beta":false,"boss_relics":[{"not_picked":["Velvet Choker","Coffee Dripper"],"picked":"Runic Dome"}],"items_purged_floors":[22],"is_endless":false,"potions_floor_spawned":[2,7,10,12,14,16,18,23,25,28,30,31],"killed_by":"Champ","ascension_level":5}}