{"host":"qrt7o4dq2qslzw13","time":1607884756,"event":{"mods":["AchievementEnabler","BaseMod","Colored Map","Colored Powertips","Minty Spire (QoL Compilation)","Quick Restart","Rare Cards Sparkle","StSLib","SuperFastMode"],"gold_per_floor":[114,127,147,297,307,307,307,307],"floor_reached":7,"playtime":99,"items_purged":[],"score":84,"play_id":"9697e5f6-f91d-4b66-ade3-13b44a632488","local_time":"20201213133916","is_ascension_mode":true,"campfire_choices":[{"data":"Whirlwind","floor":6,"key":"SMITH"}],"circlet_count":0,"master_deck":["AscendersBane","Strike_R","Strike_R","Strike_R","Strike_R","Strike_R","Defend_R","Defend_R","Defend_R","Defend_R","Bash","Immolate","Whirlwind+1","Warcry","Offering","Doubt","Thunderclap"],"relics":["Burning Blood"],"acts_visited":["Exordium"],"potions_floor_usage":[3,5],"damage_taken":[{"damage":7,"enemies":"Small Slimes","floor":1,"turns":2},{"damage":7,"enemies":"Jaw Worm","floor":2,"turns":2},{"damage":0,"enemies":"2 Louse","floor":3,"turns":1},{"damage":6,"enemies":"Exordium Thugs","floor":5,"turns":1},{"damage":64,"enemies":"Lagavulin","floor":7,"turns":8}],"seed_played":"-676347150090037682","potions_obtained":[{"floor":1,"key":"PowerPotion"},{"floor":2,"key":"AttackPotion"},{"floor":3,"key":"Fruit Juice"}],"is_trial":false,"path_per_floor":["M","M","M","?","M","R","E"],"character_chosen":"IRONCLAD","items_purchased":[],"campfire_rested":0,"item_purchase_floors":[],"current_hp_per_floor":[49,48,59,59,59,59,0,0],"gold":307,"neow_bonus":"THREE_RARE_CARDS","is_daily":false,"chose_seed":false,"campfire_upgraded":1,"win_rate":0.0,"timestamp":1607884756,"path_taken":["M","M","M","?","M","R","E"],"items_purchased_type":[],"build_version":"2020-11-30","purchased_purges":0,"victory":false,"max_hp_per_floor":[75,75,80,80,80,80,80,80],"card_choices":[{"not_picked":["Juggernaut","Impervious"],"picked":"Immolate","floor":0},{"not_picked":["Sword Boomerang","Iron Wave"],"picked":"Whirlwind","floor":1},{"not_picked":["Clash","Perfected Strike"],"picked":"Warcry","floor":2},{"not_picked":["Body Slam","Flex"],"picked":"Offering","floor":3},{"not_picked":["Dark Embrace","Shockwave"],"picked":"Thunderclap","floor":5}],"player_experience":446432,"relics_obtained":[],"event_choices":[{"damage_healed":0,"gold_gain":150,"player_choice":"AGREE","damage_taken":0,"max_hp_gain":0,"max_hp_loss":0,"event_name":"Liars Game","floor":4,"gold_loss":0,"cards_obtained":["Doubt"]}],"is_beta":false,"boss_relics":[],"items_purged_floors":[],"is_endless":false,"potions_floor_spawned":[1,2,3],"killed_by":"Lagavulin","ascension_level":19}}