{"host":"ow9msrs9p2ctkx99","time":1607869692,"event":{"mods":["AchievementEnabler","BaseMod","Colored Map","Colored Powertips","Minty Spire (QoL Compilation)","Permanent Neow","Quick Restart","SuperFastMode"],"gold_per_floor":[114,131,131,131,131,131,151,162,189,137,162,162,197,215,215,310,310,322,421,437,352,63,63,97,114,168,168,183,211,211,229,229,334,334,353,353,353,353],"floor_reached":37,"playtime":760,"items_purged":["Strike_B"],"score":685,"play_id":"cf6813ca-3f81-4b6e-99b5-0860c5d07b29","local_time":"20201213152812","is_ascension_mode":true,"campfire_choices":[{"floor":6,"key":"REST"},{"data":"Darkness","floor":12,"key":"SMITH"},{"floor":15,"key":"REST"},{"data":"Defragment","floor":23,"key":"SMITH"},{"data":"Multi-Cast","floor":27,"key":"SMITH"},{"data":"Hologram","floor":32,"key":"SMITH"}],"circlet_count":0,"master_deck":["AscendersBane","Strike_B+1","Strike_B+1","Defend_B","Defend_B","Defend_B","Defend_B","Zap","Dualcast+1","FTL","Conserve Battery+1","Cold Snap","Darkness+1","Ball Lightning","Multi-Cast+1","Hologram+1","Compile Driver","Core Surge","Defragment+1","Chaos+1","Auto Shields+1","Double Energy+1","Buffer","BootSequence"],"relics":["Cracked Core","Thread and Needle","Vajra","Ancient Tea Set","Orichalcum","Smiling Mask","SlaversCollar","White Beast Statue","Cables","Meat on the Bone","DataDisk","War Paint","Philosopher\u0027s Stone"],"acts_visited":["Exordium","TheCity","TheBeyond"],"potions_floor_usage":[16,18,20,29,33,33,37,37],"damage_taken":[{"damage":0,"enemies":"Small Slimes","floor":1,"turns":3},{"damage":3,"enemies":"Jaw Worm","floor":2,"turns":3},{"damage":0,"enemies":"Cultist","floor":7,"turns":3},{"damage":1,"enemies":"2 Fungi Beasts","floor":8,"turns":4},{"damage":11,"enemies":"3 Sentries","floor":11,"turns":6},{"damage":16,"enemies":"Gremlin Nob","floor":13,"turns":4},{"damage":0,"enemies":"3 Louse","floor":14,"turns":2},{"damage":16,"enemies":"Hexaghost","floor":16,"turns":8},{"damage":13,"enemies":"2 Thieves","floor":18,"turns":3},{"damage":0,"enemies":"Spheric Guardian","floor":20,"turns":3},{"damage":22,"enemies":"Slavers","floor":24,"turns":5},{"damage":0,"enemies":"Cultist and Chosen","floor":25,"turns":4},{"damage":20,"enemies":"Snake Plant","floor":28,"turns":4},{"damage":0,"enemies":"Book of Stabbing","floor":29,"turns":3},{"damage":0,"enemies":"Snecko","floor":31,"turns":3},{"damage":26,"enemies":"Automaton","floor":33,"turns":10},{"damage":0,"enemies":"Orb Walker","floor":35,"turns":3},{"damage":80,"enemies":"2 Orb Walkers","floor":37,"turns":5}],"seed_played":"59447705258126374","potions_obtained":[{"floor":2,"key":"AttackPotion"},{"floor":7,"key":"FearPotion"},{"floor":11,"key":"SkillPotion"},{"floor":13,"key":"PowerPotion"},{"floor":18,"key":"DistilledChaos"},{"floor":24,"key":"Explosive Potion"},{"floor":25,"key":"Block Potion"},{"floor":28,"key":"DistilledChaos"},{"floor":29,"key":"EntropicBrew"},{"floor":33,"key":"EssenceOfSteel"}],"is_trial":false,"path_per_floor":["M","M","?","?","?","R","M","M","T","$","E","R","E","M","R","B",null,"M","?","M","?","$","R","E","M","T","R","M","E","?","M","R","B",null,"M","?","?"],"character_chosen":"DEFECT","items_purchased":["Ball Lightning","Cables"],"campfire_rested":2,"item_purchase_floors":[10,22],"current_hp_per_floor":[50,47,35,35,20,42,42,41,41,41,30,30,14,14,36,20,61,48,48,48,48,48,48,26,38,38,38,30,42,42,42,42,28,63,63,63,0,0],"gold":353,"neow_bonus":"ONE_RARE_RELIC","is_daily":false,"chose_seed":false,"campfire_upgraded":4,"win_rate":0.0,"timestamp":1607869692,"path_taken":["M","M","?","?","?","R","M","M","T","?","E","R","E","M","R","BOSS","M","?","M","?","$","R","E","M","T","R","M","E","?","?","R","BOSS","M","?","?"],"items_purchased_type":["Card","Relic"],"build_version":"2020-11-30","purchased_purges":1,"victory":false,"max_hp_per_floor":[75,75,75,75,75,75,75,75,75,75,75,75,75,75,75,75,75,75,75,75,75,75,75,75,75,75,75,75,75,75,75,75,75,75,75,75,75,75],"card_choices":[{"not_picked":["Redo","Conserve Battery"],"picked":"FTL","floor":1},{"not_picked":["Beam Cell","Go for the Eyes"],"picked":"Conserve Battery","floor":2},{"not_picked":["Hologram","Force Field"],"picked":"Cold Snap","floor":7},{"not_picked":["Rip and Tear","Undo"],"picked":"Darkness","floor":8},{"not_picked":["Turbo","Beam Cell"],"picked":"Multi-Cast","floor":11},{"not_picked":["Coolheaded","Conserve Battery"],"picked":"Hologram","floor":13},{"not_picked":["Sweeping Beam","Streamline"],"picked":"Compile Driver","floor":14},{"not_picked":["Fission","Reboot"],"picked":"Core Surge","floor":16},{"not_picked":["Beam Cell","Gash","Barrage"],"picked":"SKIP","floor":18},{"not_picked":["Hologram+1","Ball Lightning+1"],"picked":"Defragment","floor":20},{"not_picked":["Beam Cell","Rip and Tear","Darkness"],"picked":"SKIP","floor":24},{"not_picked":["Go for the Eyes","Sweeping Beam"],"picked":"Chaos+1","floor":25},{"not_picked":["Stack","Storm"],"picked":"Auto Shields+1","floor":28},{"not_picked":["Rebound","Stack"],"picked":"Beam Cell+1","floor":29},{"not_picked":["Lockon","Redo"],"picked":"Double Energy+1","floor":31},{"not_picked":["Creative AI","Fission"],"picked":"Buffer","floor":33},{"not_picked":["Lockon+1","Turbo"],"picked":"BootSequence","floor":35}],"player_experience":1017689,"relics_obtained":[{"floor":9,"key":"Ancient Tea Set"},{"floor":11,"key":"Orichalcum"},{"floor":13,"key":"Smiling Mask"},{"floor":24,"key":"Meat on the Bone"},{"floor":26,"key":"DataDisk"},{"floor":29,"key":"War Paint"}],"event_choices":[{"damage_healed":0,"gold_gain":0,"player_choice":"Success","damage_taken":12,"relics_obtained":["Vajra"],"max_hp_gain":0,"max_hp_loss":0,"event_name":"Scrap Ooze","floor":3,"gold_loss":0},{"cards_removed":["Strike_B"],"damage_healed":0,"gold_gain":0,"player_choice":"Forget","damage_taken":0,"max_hp_gain":0,"max_hp_loss":0,"event_name":"Living Wall","floor":4,"gold_loss":0},{"damage_healed":0,"gold_gain":0,"player_choice":"Entered Light","damage_taken":15,"max_hp_gain":0,"max_hp_loss":0,"event_name":"Shining Light","floor":5,"gold_loss":0,"cards_upgraded":["Strike_B","Strike_B"]},{"damage_healed":0,"gold_gain":99,"player_choice":"Stole From Cult","damage_taken":0,"max_hp_gain":0,"max_hp_loss":0,"event_name":"Nest","floor":19,"gold_loss":0},{"damage_healed":0,"gold_gain":0,"player_choice":"Obtained Relic","damage_taken":0,"relics_obtained":["White Beast Statue"],"max_hp_gain":0,"max_hp_loss":0,"event_name":"Addict","floor":21,"gold_loss":85},{"damage_healed":0,"gold_gain":0,"player_choice":"Ignored","damage_taken":0,"max_hp_gain":0,"max_hp_loss":0,"event_name":"Vampires","floor":30,"gold_loss":0},{"cards_removed":["Beam Cell"],"damage_healed":0,"gold_gain":0,"player_choice":"Removed Attack","damage_taken":0,"max_hp_gain":0,"max_hp_loss":0,"event_name":"Falling","floor":36,"gold_loss":0},{"damage_healed":0,"gold_gain":0,"player_choice":"Fight","damage_taken":0,"max_hp_gain":0,"max_hp_loss":0,"event_name":"Mysterious Sphere","floor":37,"gold_loss":0}],"is_beta":false,"boss_relics":[{"not_picked":["Snecko Eye","Runic Dome"],"picked":"SlaversCollar"},{"not_picked":["Fusion Hammer","Sozu"],"picked":"Philosopher\u0027s Stone"}],"items_purged_floors":[22],"is_endless":false,"potions_floor_spawned":[2,7,11,13,18,24,25,28,29,31,33,35],"killed_by":"2 Orb Walkers","ascension_level":11}}