{"host":"wvaiab5ya9pyia0u","time":1607893590,"event":{"mods":["2.2 Compatiblity","Aspiration","Bard","BaseMod","Bestiary","BetterRewards","Challenge The Spire","Colored Powertips","Conspire","Custom Start","DeckTracker","Hermit","Highlight Path","Hubris","Humility","Infinite Spire","Mimic Mod","Minty Spire (QoL Compilation)","Practice Mode","Quick Restart","Rare Cards Sparkle","Replay The Spire","Reworked Bosses","SacredBarkPlus","Shop Mod","Spicy Shops","StSLib","The Blue Laboratory","The Construct","The Cursed","The Disciple","The Factory","The Hierophant","The Jungle","The Mystic","The Runesmith","The Servant 0.9.4","TheBandit","Thieving Mod","Wandering Minibosses","everything is the same but u backflip on backflip","slay the spire mod where everything is the same but ironclad has a cowboy hat"],"gold_per_floor":[109,124,124,124,138,138,153,170,170,170,1,1,1,0,0,101,101,113,127,127,146,96,128,128,128,153,30,48,48,48,65,65,170,170,190,206,206,222,222,222,222,236,236,236,253,272,36,36,36,36],"floor_reached":51,"playtime":4464,"items_purged":["wariomod:Defend"],"score":655,"play_id":"656a0394-9a06-4d5b-b8a2-a285bef4e43e","local_time":"20201213220629","is_ascension_mode":false,"campfire_choices":[{"data":"wariomod:TrekTime","floor":6.0,"key":"SMITH"},{"data":"wariomod:BoomForm","floor":10.0,"key":"SMITH"},{"data":"wariomod:DonateDraw","floor":12.0,"key":"SMITH"},{"floor":15.0,"key":"DIG"},{"floor":30.0,"key":"REST"},{"data":"infinitespire:SevenWalls","floor":32.0,"key":"SMITH"},{"floor":40.0,"key":"REST"},{"floor":49.0,"key":"REST"}],"circlet_count":0,"master_deck":["wariomod:Strike","wariomod:Strike","wariomod:Defend","wariomod:Defend","wariomod:Defend","wariomod:Step","wariomod:Leap","wariomod:ChargeForth","wariomod:BoomBoom","wariomod:TrekTime+1","wariomod:EndlessBlast","wariomod:SmallSprint","wariomod:DropBash","wariomod:EmptyMind","wariomod:BoomForm+1","wariomod:DonateDraw+1","wariomod:Bomblaster","wariomod:Bomblaster","wariomod:DanceDash","wariomod:ShipSmash","wariomod:BodyBlock","wariomod:DoubleDash","wariomod:ChargeForth","theJungle:PetSnecko","wariomod:Leapslam","wariomod:BodyBlock+1","infinitespire:SevenWalls+1","wariomod:DonateDraw+1","wariomod:PoisonBombs","wariomod:DonateDraw+1","ReplayTheSpireMod:Splinters","Writhe","infinitespire:Collect","wariomod:HappyHop+1","wariomod:Bombshield+1","Panache","Panache","Replay:Sssssssssshield","Blind","wariomod:ImFeelingLucky"],"relics":["wariomod:TheHat","infinitespire:Lychee Nut","Replay:Baseball","infinitespire:Eraser","Replay:Mystery Machine","hubris:ScarierMask","Chameleon Ring","theJungle:BirthdayCake","Vajra","aspiration:MobileForge","hubris:Towel","hubris:DeckOfHolding","Fusion Hammer","ClockworkSouvenir","ReplayTheSpireMod:ShopPack"],"acts_visited":["Exordium","Exordium","TheBeyond"],"potions_floor_usage":[50,50],"damage_taken":[{"damage":18.0,"enemies":"Jaw Worm","floor":1.0,"turns":4.0},{"damage":8.0,"enemies":"conspire:RoseBush","floor":2.0,"turns":2.0},{"damage":0.0,"enemies":"Cultist","floor":5.0,"turns":3.0},{"damage":9.0,"enemies":"conspire:2 RoseBushes","floor":7.0,"turns":4.0},{"damage":1.0,"enemies":"Large Slime","floor":8.0,"turns":5.0},{"damage":12.0,"enemies":"Looter","floor":14.0,"turns":4.0},{"damage":35.0,"enemies":"Hexaghost","floor":16.0,"turns":9.0},{"damage":9.0,"enemies":"theJungle:GiantWrat","floor":18.0,"turns":5.0},{"damage":2.0,"enemies":"theJungle:MUSHROOMGANG","floor":19.0,"turns":3.0},{"damage":10.0,"enemies":"theJungle:Snecko_Cultist_And_Trap","floor":21.0,"turns":5.0},{"damage":38.0,"enemies":"theJungle:Cassacara","floor":23.0,"turns":7.0},{"damage":7.0,"enemies":"theJungle:2_Flameangoes","floor":28.0,"turns":6.0},{"damage":0.0,"enemies":"theJungle:JungleHuntersEncounter","floor":31.0,"turns":4.0},{"damage":18.0,"enemies":"theJungle:FunGuy","floor":33.0,"turns":12.0},{"damage":31.0,"enemies":"3 Shapes","floor":35.0,"turns":6.0},{"damage":51.0,"enemies":"3 Darklings","floor":36.0,"turns":4.0},{"damage":30.0,"enemies":"infinitespire:Three Voidlings","floor":41.0,"turns":5.0},{"damage":20.0,"enemies":"Sphere and 2 Shapes","floor":42.0,"turns":5.0},{"damage":16.0,"enemies":"Spire Growth","floor":45.0,"turns":4.0},{"damage":21.0,"enemies":"Writhing Mass","floor":46.0,"turns":8.0},{"damage":3,"enemies":"bossMod:newAwakened","floor":50,"turns":11}],"seed_played":"-4447430000927524036","potions_obtained":[{"floor":2.0,"key":"blueLaboratory:NullPotion"},{"floor":5.0,"key":"Strength Potion"},{"floor":8.0,"key":"infinitespire:BlackPotion"},{"floor":16.0,"key":"blueLaboratory:BubblePotion"},{"floor":18.0,"key":"SkillPotion"},{"floor":31.0,"key":"Weak Potion"},{"floor":33.0,"key":"SteroidPotion"},{"floor":36.0,"key":"SteroidPotion"},{"floor":38.0,"key":"blueLaboratory:HeartbeatPotion"},{"floor":38.0,"key":"FairyPotion"},{"floor":45.0,"key":"blueLaboratory:FruitPunch"}],"is_trial":false,"path_per_floor":["M","M","?","?","M","R","M","M","T","R","$","R","T","M","R","B",null,"M","M","?","M","?","E","?","?","T","$","M","AVR","R","M","R","B",null,"M","M","?","?","?","R","?","M","T","AVR","M","M","$","?","R","B",null],"character_chosen":"THE_BANDIT","items_purchased":["wariomod:ChargeForth","wariomod:BoomBoom","wariomod:TrekTime","wariomod:EndlessBlast","wariomod:DonateDraw","wariomod:Bomblaster","wariomod:Leapslam","Panache","ReplayTheSpireMod:ShopPack"],"campfire_rested":3,"item_purchase_floors":[0,0,0,0,11,11,27,47,47],"current_hp_per_floor":[45,40,40,40,45,45,42,47,47,47,47,47,47,41,41,12,60,51,54,54,50,50,18,18,38,38,38,37,37,61,67,67,55,80,50,5,5,5,25,49,51,37,37,37,27,12,12,12,36,42],"gold":36,"neow_bonus":"","is_daily":false,"chose_seed":false,"campfire_upgraded":4,"win_rate":0.0,"timestamp":1607893589,"path_taken":["M","M","?","?","?","R","M","M","T","R","$","R","?","M","R","BOSS","M","M","?","M","?","E","?","?","T","?","M","AVR","R","M","R","BOSS","M","M","?","?","?","R","?","M","T","AVR","?","M","$","?","R","BOSS"],"items_purchased_type":["Card","Card","Card","Card","Card","Card","Card","Card","Relic"],"build_version":"2020-11-30","purchased_purges":1,"victory":true,"max_hp_per_floor":[60,60,60,60,60,60,60,60,60,60,60,60,60,60,60,60,60,60,60,60,60,60,60,60,80,80,80,80,80,80,80,80,80,80,80,80,80,80,80,80,80,80,80,80,80,80,80,80,80,83],"card_choices":[{"not_picked":["wariomod:Bombtime","wariomod:Goblast","wariomod:NullJump"],"picked":"SKIP","floor":1.0},{"not_picked":["wariomod:EndlessBlast","wariomod:DamnedStrength"],"picked":"wariomod:SmallSprint","floor":2.0},{"not_picked":["wariomod:AwfulLook","wariomod:BlastDash"],"picked":"wariomod:DropBash","floor":5.0},{"not_picked":["wariomod:Leapslam","wariomod:Bombshield"],"picked":"wariomod:EmptyMind","floor":7.0},{"not_picked":["wariomod:TheGrandJourney","wariomod:DoubleDip"],"picked":"wariomod:BoomForm","floor":8.0},{"not_picked":["wariomod:Goblast","wariomod:Immortalize"],"picked":"wariomod:DanceDash","floor":14.0},{"not_picked":["wariomod:Sidestep","wariomod:FabulousPrizes"],"picked":"wariomod:ShipSmash","floor":16.0},{"not_picked":["wariomod:Bombshield","wariomod:DeepDig"],"picked":"wariomod:BodyBlock","floor":18.0},{"not_picked":["wariomod:SmallSprint","wariomod:f"],"picked":"wariomod:DoubleDash","floor":19.0},{"not_picked":["wariomod:DoubleDip","wariomod:Bombtime","wariomod:FabulousPrizes"],"picked":"SKIP","floor":21.0},{"not_picked":["wariomod:SmackSlam","wariomod:CursedSpaces"],"picked":"wariomod:ChargeForth","floor":23.0},{"not_picked":["wariomod:Leapslam+1","wariomod:DropBash"],"picked":"wariomod:BodyBlock+1","floor":28.0},{"not_picked":["wariomod:RacingSpeed","wariomod:Leapslam"],"picked":"wariomod:DonateDraw+1","floor":31.0},{"not_picked":["wariomod:KeyFinisher","wariomod:Enshrine"],"picked":"wariomod:PoisonBombs","floor":33.0},{"not_picked":["wariomod:SmallSprint","wariomod:DeepDig"],"picked":"wariomod:DonateDraw+1","floor":35.0},{"not_picked":["wariomod:HastyRush+1","wariomod:CursedSpaces+1","wariomod:SmackSlam"],"picked":"SKIP","floor":36.0},{"not_picked":["wariomod:EndlessBlast","wariomod:DisarmingMoves","wariomod:DanceDash"],"picked":"SKIP","floor":42.0},{"not_picked":["wariomod:EndlessBlast+1","wariomod:Boomsmack"],"picked":"wariomod:HappyHop+1","floor":45.0},{"not_picked":["wariomod:DiceyMove+1","wariomod:SelfImprison+1"],"picked":"wariomod:Bombshield+1","floor":46.0},{"not_picked":["Midas Touch","Chrysalis"],"picked":"Panache","floor":47.0},{"not_picked":["Panacea","Dramatic Entrance"],"picked":"Replay:Sssssssssshield","floor":47.0},{"not_picked":["Trip","Discovery"],"picked":"Blind","floor":47.0}],"player_experience":167945,"relics_obtained":[{"floor":9.0,"key":"Replay:Baseball"},{"floor":13.0,"key":"infinitespire:Eraser"},{"floor":15.0,"key":"Replay:Mystery Machine"},{"floor":23.0,"key":"Chameleon Ring"},{"floor":26.0,"key":"Vajra"},{"floor":43.0,"key":"hubris:DeckOfHolding"}],"event_choices":[{"cards_removed":["wariomod:Strike"],"damage_healed":0.0,"max_hp_gain":0.0,"max_hp_loss":0.0,"gold_gain":0.0,"event_name":"Purifier","player_choice":"Purged","floor":4.0,"gold_loss":0.0,"damage_taken":0.0},{"damage_healed":20.0,"max_hp_gain":0.0,"max_hp_loss":0.0,"gold_gain":0.0,"event_name":"Winding Halls","player_choice":"Writhe","floor":39.0,"gold_loss":0.0,"damage_taken":0.0,"cards_obtained":["Writhe"]},{"damage_healed":0.0,"max_hp_gain":0.0,"max_hp_loss":0.0,"gold_gain":0.0,"event_name":"Match and Keep!","player_choice":"1 cards matched","floor":48.0,"gold_loss":0.0,"damage_taken":0.0,"cards_obtained":["wariomod:ImFeelingLucky"]}],"is_beta":false,"boss_relics":[{"not_picked":["aspiration:IroncladSkillbook","Tiny House"],"picked":"hubris:ScarierMask"},{"not_picked":["Calling Bell","aspiration:RitualDagger"],"picked":"aspiration:MobileForge"}],"items_purged_floors":[27],"is_endless":false,"potions_floor_spawned":[2,5,8,16,18,31,33,36,45],"ascension_level":0}}