{"host":"vzygucmp2u9s1xuv","time":1607870821,"event":{"mods":["BaseMod","Colored Map","DeckTracker","Keyboard Shortcuts","Minty Spire (QoL Compilation)","Quick Restart","StSLib","SuperFastMode"],"gold_per_floor":[109,109,109,29,43,77,77,90,90,90,108,108,123,38,38,134,134,134,134],"floor_reached":18,"playtime":471,"items_purged":[],"score":333,"play_id":"9eb424dd-f91d-4608-9ca6-4b4129d6f835","local_time":"20201213234701","is_ascension_mode":true,"campfire_choices":[{"data":"Blood for Blood","floor":7,"key":"SMITH"},{"data":"Barricade","floor":10,"key":"SMITH"},{"data":"Blood for Blood","floor":15,"key":"SMITH"}],"circlet_count":0,"master_deck":["AscendersBane","Strike_R","Strike_R","Strike_R","Strike_R","Defend_R","Defend_R","Defend_R","Defend_R","Bash","Warcry","Blood for Blood+1","Injury","Barricade+1","Fire Breathing","Bloodletting","Shrug It Off+1","Body Slam","Blood for Blood+1"],"relics":["Burning Blood","NeowsBlessing","Golden Idol","HornCleat","Toxic Egg 2","Smiling Mask","Sozu"],"acts_visited":["Exordium","TheCity"],"potions_floor_usage":[13],"damage_taken":[{"damage":0,"enemies":"2 Louse","floor":1,"turns":1},{"damage":2,"enemies":"Jaw Worm","floor":5,"turns":2},{"damage":0,"enemies":"Lagavulin","floor":6,"turns":1},{"damage":0,"enemies":"Cultist","floor":8,"turns":4},{"damage":32,"enemies":"Exordium Thugs","floor":11,"turns":5},{"damage":10,"enemies":"2 Fungi Beasts","floor":13,"turns":4},{"damage":39,"enemies":"Slime Boss","floor":16,"turns":8},{"damage":60,"enemies":"3 Byrds","floor":18,"turns":5}],"seed_played":"7757996034565372209","potions_obtained":[{"floor":6,"key":"BloodPotion"},{"floor":13,"key":"Strength Potion"},{"floor":16,"key":"CultistPotion"}],"is_trial":false,"path_per_floor":["M","?","?","$","M","E","R","M","T","R","M","?","M","$","R","B",null,"M"],"character_chosen":"IRONCLAD","items_purchased":["Barricade","Blood for Blood"],"campfire_rested":0,"item_purchase_floors":[4,14],"current_hp_per_floor":[74,74,74,74,75,75,75,75,75,75,49,38,49,49,49,16,60,0,0],"gold":134,"neow_bonus":"THREE_ENEMY_KILL","is_daily":false,"chose_seed":false,"campfire_upgraded":3,"win_rate":0.0,"timestamp":1607870821,"path_taken":["M","?","?","$","M","E","R","M","T","R","M","?","M","?","R","BOSS","M"],"items_purchased_type":["Card","Card"],"build_version":"2020-11-30","purchased_purges":0,"victory":false,"max_hp_per_floor":[75,75,75,75,75,75,75,75,75,75,75,75,75,75,75,75,75,75,75],"card_choices":[{"not_picked":["True Grit","Armaments"],"picked":"Warcry","floor":1},{"not_picked":["Perfected Strike","Heavy Blade"],"picked":"Fire Breathing","floor":5},{"not_picked":["Corruption","Sever Soul","True Grit"],"picked":"SKIP","floor":6},{"not_picked":["Anger","Reckless Charge"],"picked":"Bloodletting","floor":8},{"not_picked":["Flex+1","Pommel Strike"],"picked":"Shrug It Off+1","floor":11},{"not_picked":["Pommel Strike","Clothesline"],"picked":"Body Slam","floor":13}],"player_experience":646610,"relics_obtained":[{"floor":6,"key":"HornCleat"},{"floor":9,"key":"Toxic Egg 2"}],"event_choices":[{"damage_healed":0,"gold_gain":0,"cards_transformed":["Strike_R"],"player_choice":"Change","damage_taken":0,"max_hp_gain":0,"max_hp_loss":0,"event_name":"Living Wall","floor":2,"gold_loss":0,"cards_obtained":["Blood for Blood"]},{"damage_healed":0,"gold_gain":0,"player_choice":"Take Wound","damage_taken":0,"relics_obtained":["Golden Idol"],"max_hp_gain":0,"max_hp_loss":0,"event_name":"Golden Idol","floor":3,"gold_loss":0,"cards_obtained":["Injury"]},{"damage_healed":0,"gold_gain":0,"player_choice":"Success","damage_taken":11,"relics_obtained":["Smiling Mask"],"max_hp_gain":0,"max_hp_loss":0,"event_name":"Scrap Ooze","floor":12,"gold_loss":0}],"is_beta":false,"boss_relics":[{"not_picked":["SacredBark","Coffee Dripper"],"picked":"Sozu"}],"items_purged_floors":[],"is_endless":false,"potions_floor_spawned":[6,13,16],"killed_by":"3 Byrds","ascension_level":16}}