{"host":"fr59kc135u003izd","time":1607856290,"event":{"mods":["AchievementEnabler","BaseMod","Better Note","Better Third Choice","BetterRewards","Colored Map","Colored Powertips","Custom Start","Hermit","Lobotomy","Marisa????????","Minty Spire (QoL Compilation)","Permanent Neow","Rare Cards Sparkle","Relic Stats","StSLib","The Bug Knight","The Poker Player","Uncapped"],"gold_per_floor":[119,28,28,43,60,91,91,43,70,86,41,41,53,82,82,180,180,195,206,306,306,306,306,306,306],"floor_reached":23,"playtime":1637,"items_purged":[],"score":324,"play_id":"19d2c93e-6bf5-4b04-bd06-7885a2ff7588","local_time":"20201213044450","daily_mods":["Hoarder","Specialized"],"is_ascension_mode":false,"metric_token":1234,"campfire_choices":[{"data":"PokerPlayerMod:Mulligan","floor":7,"key":"SMITH"},{"floor":12,"key":"REST"},{"floor":15,"key":"REST"}],"circlet_count":0,"master_deck":["PokerPlayerMod:Diamond1","PokerPlayerMod:Diamond2","PokerPlayerMod:Diamond3","PokerPlayerMod:Diamond4","PokerPlayerMod:Diamond5","PokerPlayerMod:Spade1","PokerPlayerMod:Spade2","PokerPlayerMod:Spade3","PokerPlayerMod:Spade4","PokerPlayerMod:Club1","PokerPlayerMod:Club2","PokerPlayerMod:Heart2","PokerPlayerMod:TrumpStrike","PokerPlayerMod:BadJoker","PokerPlayerMod:Mulligan+1","PokerPlayerMod:Fold","PokerPlayerMod:Fold","PokerPlayerMod:Fold","PokerPlayerMod:Fold","PokerPlayerMod:Fold","PokerPlayerMod:Fold","PokerPlayerMod:Fold","PokerPlayerMod:Fold","PokerPlayerMod:Fold","PokerPlayerMod:Fold","PokerPlayerMod:Fold+1","PokerPlayerMod:Fold","PokerPlayerMod:Fold","PokerPlayerMod:CardPrinter","PokerPlayerMod:CardPrinter","PokerPlayerMod:CardPrinter","Jack Of All Trades+1","Jack Of All Trades","Jack Of All Trades","PokerPlayerMod:Spade4","PokerPlayerMod:Spade4","PokerPlayerMod:Spade4","PokerPlayerMod:Promotion","PokerPlayerMod:Promotion","PokerPlayerMod:Promotion","PokerPlayerMod:CardBurn","PokerPlayerMod:CardBurn","PokerPlayerMod:CardBurn","PokerPlayerMod:Diamond4","PokerPlayerMod:Diamond4","PokerPlayerMod:Diamond4","PokerPlayerMod:MagicTrick","PokerPlayerMod:MagicTrick","PokerPlayerMod:MagicTrick","PokerPlayerMod:GamblerForm","PokerPlayerMod:GamblerForm","PokerPlayerMod:GamblerForm","PokerPlayerMod:Diamond4","PokerPlayerMod:Diamond4","PokerPlayerMod:Diamond4"],"relics":["PokerPlayerMod:DeckCase","War Paint","PokerPlayerMod:BrokenClock","Regal Pillow","Orichalcum","Fusion Hammer","CultistMask"],"acts_visited":["Exordium","TheCity"],"potions_floor_usage":[23,23],"damage_taken":[{"damage":0,"enemies":"2 Louse","floor":1,"turns":3},{"damage":1,"enemies":"Cultist","floor":4,"turns":5},{"damage":5,"enemies":"Jaw Worm","floor":5,"turns":9},{"damage":7,"enemies":"3 Sentries","floor":6,"turns":8},{"damage":14,"enemies":"Large Slime","floor":10,"turns":6},{"damage":0,"enemies":"Looter","floor":11,"turns":5},{"damage":0,"enemies":"Blue Slaver","floor":13,"turns":2},{"damage":27,"enemies":"Gremlin Nob","floor":14,"turns":5},{"damage":33,"enemies":"The Guardian","floor":16,"turns":12},{"damage":10,"enemies":"Chosen","floor":18,"turns":6},{"damage":10,"enemies":"2 Thieves","floor":19,"turns":4},{"damage":40,"enemies":"Gremlin Leader","floor":23,"turns":5}],"seed_played":"-2036429168151667306","potions_obtained":[{"floor":1,"key":"Strength Potion"},{"floor":6,"key":"FearPotion"},{"floor":10,"key":"SkillPotion"}],"is_trial":true,"path_per_floor":["M","$","?","M","M","E","R","$","T","M","M","R","M","E","R","B",null,"M","M","?","?","?","E"],"character_chosen":"THE_POKER_PLAYER","items_purchased":["Jack Of All Trades","Swift Potion"],"campfire_rested":2,"item_purchase_floors":[2,8],"current_hp_per_floor":[52,52,52,51,46,45,45,45,45,31,36,52,52,25,52,29,52,42,35,35,40,40,0,0,0],"gold":306,"neow_bonus":"","is_daily":false,"chose_seed":false,"campfire_upgraded":1,"win_rate":0.0,"timestamp":1607856290,"path_taken":["M","$","?","M","M","E","R","?","T","M","M","R","M","E","R","BOSS","M","M","?","?","?","E"],"items_purchased_type":["Card","Potion"],"build_version":"2020-11-30","purchased_purges":0,"victory":false,"max_hp_per_floor":[52,52,52,52,52,52,52,52,52,52,52,52,52,52,52,52,52,52,52,52,52,52,52,52,52],"relic_stats":{"Regal Pillow":13,"counters":[12,70],"War Paint":["Jack Of All Trades","PokerPlayerMod:Fold"],"Orichalcum":[96],"obtain_stats":[{"PokerPlayerMod:DeckCase":0,"Regal Pillow":9,"Fusion Hammer":17,"CultistMask":22,"War Paint":3,"Orichalcum":14,"PokerPlayerMod:BrokenClock":6},{"PokerPlayerMod:DeckCase":0,"Regal Pillow":4,"Fusion Hammer":9,"CultistMask":11,"War Paint":1,"Orichalcum":8,"PokerPlayerMod:BrokenClock":4},{"PokerPlayerMod:DeckCase":0,"Regal Pillow":25,"Fusion Hammer":55,"CultistMask":65,"War Paint":3,"Orichalcum":43,"PokerPlayerMod:BrokenClock":25}]},"card_choices":[{"not_picked":["PokerPlayerMod:Spade1","PokerPlayerMod:Trickery"],"picked":"PokerPlayerMod:CardPrinter","floor":1},{"not_picked":["PokerPlayerMod:DartThrow","PokerPlayerMod:Club4","PokerPlayerMod:Manipulation"],"picked":"SKIP","floor":4},{"not_picked":["PokerPlayerMod:Heart4","PokerPlayerMod:SpadeStrike"],"picked":"PokerPlayerMod:Spade4","floor":5},{"not_picked":["PokerPlayerMod:Diamond4","PokerPlayerMod:Heart1"],"picked":"PokerPlayerMod:Promotion","floor":6},{"not_picked":["PokerPlayerMod:SpadeStrike","PokerPlayerMod:Spade2"],"picked":"PokerPlayerMod:CardBurn","floor":10},{"not_picked":["PokerPlayerMod:Heart1","PokerPlayerMod:MagicTrick"],"picked":"PokerPlayerMod:Diamond4","floor":11},{"not_picked":["PokerPlayerMod:Diamond7","PokerPlayerMod:Spade4"],"picked":"PokerPlayerMod:MagicTrick","floor":13},{"not_picked":["PokerPlayerMod:FlyingCard","PokerPlayerMod:ChangeRules","PokerPlayerMod:Diamond4"],"picked":"SKIP","floor":14},{"not_picked":["PokerPlayerMod:WasteCollection","PokerPlayerMod:WildCard"],"picked":"PokerPlayerMod:GamblerForm","floor":16},{"not_picked":["PokerPlayerMod:MagicTrick","PokerPlayerMod:Spade2","PokerPlayerMod:Spade4"],"picked":"SKIP","floor":18},{"not_picked":["PokerPlayerMod:DartThrow","PokerPlayerMod:SpadeStrike"],"picked":"PokerPlayerMod:Diamond4","floor":19}],"player_experience":177736,"relics_obtained":[{"floor":6,"key":"PokerPlayerMod:BrokenClock"},{"floor":9,"key":"Regal Pillow"},{"floor":14,"key":"Orichalcum"}],"event_choices":[{"cards_removed":["PokerPlayerMod:Fold"],"damage_healed":0,"gold_gain":0,"player_choice":"Gave Card","damage_taken":0,"relics_obtained":["War Paint"],"max_hp_gain":0,"max_hp_loss":0,"event_name":"WeMeetAgain","floor":3,"gold_loss":0},{"damage_healed":0,"gold_gain":100,"player_choice":"Pray","damage_taken":0,"max_hp_gain":0,"max_hp_loss":0,"event_name":"Golden Shrine","floor":20,"gold_loss":0},{"cards_removed":["PokerPlayerMod:Fold"],"damage_healed":5,"gold_gain":0,"player_choice":"Offered Common","damage_taken":0,"max_hp_gain":0,"max_hp_loss":0,"event_name":"Bonfire Elementals","floor":21,"gold_loss":0},{"cards_removed":["PokerPlayerMod:Fold"],"damage_healed":5,"gold_gain":0,"player_choice":"Offered Special","damage_taken":0,"max_hp_gain":0,"max_hp_loss":0,"event_name":"Bonfire Elementals","floor":21,"gold_loss":0},{"damage_healed":0,"gold_gain":0,"player_choice":"Trade","damage_taken":0,"relics_obtained":["CultistMask"],"max_hp_gain":0,"max_hp_loss":0,"event_name":"FaceTrader","floor":22,"gold_loss":0}],"is_beta":false,"boss_relics":[{"not_picked":["Runic Dome","PokerPlayerMod:AceCard"],"picked":"Fusion Hammer"}],"items_purged_floors":[],"is_endless":false,"potions_floor_spawned":[1,6,10,16,18],"killed_by":"Gremlin Leader","ascension_level":0}}