{"host":"jx3f6ezc0g3s9edc","time":1607829880,"event":{"mods":["AchievementEnabler","BaseMod","Bestiary","Colored Map","Highlight Path","Minty Spire (QoL Compilation)","StSLib"],"gold_per_floor":[114,114,114,134,154,154,154,180,180,200,219,219,231,247,247,349,349,367,282,282,299,1,27,27,27,27,45,45,75,75,92,92,190,190,200,216,216,235,135,135,152,152,152,165,210,210,226,252,252,252],"floor_reached":51,"playtime":2686,"items_purged":["Strike_R","Strike_R+1"],"score":1034,"play_id":"f285dfb9-7597-49fd-9d2e-c2bad6432080","local_time":"20201212222440","is_ascension_mode":true,"campfire_choices":[{"data":"Cleave","floor":6.0,"key":"SMITH"},{"data":"Body Slam","floor":12.0,"key":"SMITH"},{"floor":15.0,"key":"REST"},{"data":"Whirlwind","floor":25.0,"key":"SMITH"},{"data":"Body Slam","floor":28.0,"key":"SMITH"},{"data":"Body Slam","floor":32.0,"key":"SMITH"},{"data":"Limit Break","floor":40.0,"key":"SMITH"},{"data":"Shrug It Off","floor":42.0,"key":"SMITH"},{"floor":49.0,"key":"REST"}],"circlet_count":0,"master_deck":["AscendersBane","Strike_R+1","Strike_R+1","Strike_R+1","Defend_R+1","Defend_R+1","Defend_R+1","Defend_R+1","Bash+1","Twin Strike+1","Cleave+1","Body Slam+1","Whirlwind+1","Limit Break+1","Shockwave+1","Body Slam+1","Shrug It Off+1","Double Tap","Body Slam+1","Reaper","Headbutt+1","Spot Weakness+1","Warcry+1","True Grit+1","The Bomb","Bloodletting+1"],"relics":["Burning Blood","Kunai","Meat on the Bone","Sozu","Letter Opener","Shuriken","Oddly Smooth Stone","Akabeko","HornCleat","Pear","Mark of Pain","Molten Egg 2","Pocketwatch","Bronze Scales"],"acts_visited":["Exordium","TheCity","TheBeyond"],"potions_floor_usage":[],"damage_taken":[{"damage":19.0,"enemies":"Jaw Worm","floor":1.0,"turns":5.0},{"damage":7.0,"enemies":"Small Slimes","floor":4.0,"turns":5.0},{"damage":0.0,"enemies":"Cultist","floor":5.0,"turns":4.0},{"damage":25.0,"enemies":"Lagavulin","floor":8.0,"turns":6.0},{"damage":0.0,"enemies":"2 Fungi Beasts","floor":10.0,"turns":3.0},{"damage":1.0,"enemies":"Looter","floor":11.0,"turns":4.0},{"damage":17.0,"enemies":"Large Slime","floor":13.0,"turns":4.0},{"damage":9.0,"enemies":"3 Louse","floor":14.0,"turns":2.0},{"damage":63.0,"enemies":"The Guardian","floor":16.0,"turns":15.0},{"damage":35.0,"enemies":"Spheric Guardian","floor":18.0,"turns":6.0},{"damage":6.0,"enemies":"3 Byrds","floor":21.0,"turns":3.0},{"damage":37.0,"enemies":"Gremlin Leader","floor":23.0,"turns":5.0},{"damage":0.0,"enemies":"Snake Plant","floor":27.0,"turns":2.0},{"damage":24.0,"enemies":"Book of Stabbing","floor":29.0,"turns":4.0},{"damage":0.0,"enemies":"Cultist and Chosen","floor":31.0,"turns":4.0},{"damage":37.0,"enemies":"Collector","floor":33.0,"turns":7.0},{"damage":0.0,"enemies":"Orb Walker","floor":35.0,"turns":2.0},{"damage":4.0,"enemies":"3 Shapes","floor":36.0,"turns":3.0},{"damage":0.0,"enemies":"Jaw Worm Horde","floor":38.0,"turns":3.0},{"damage":6.0,"enemies":"4 Shapes","floor":41.0,"turns":7.0},{"damage":10.0,"enemies":"3 Darklings","floor":44.0,"turns":4.0},{"damage":48.0,"enemies":"2 Orb Walkers","floor":45.0,"turns":4.0},{"damage":24.0,"enemies":"Writhing Mass","floor":47.0,"turns":5.0},{"damage":88,"enemies":"Awakened One","floor":50,"turns":11}],"seed_played":"409325145171264956","potions_obtained":[{"floor":5.0,"key":"Weak Potion"},{"floor":13.0,"key":"Ancient Potion"},{"floor":14.0,"key":"PowerPotion"},{"floor":16.0,"key":"PowerPotion"}],"is_trial":false,"path_per_floor":["M","?","?","M","M","R","?","E","T","M","M","R","M","M","R","B",null,"M","?","?","M","$","E","?","R","T","M","R","E","?","M","R","B",null,"M","M","?","M","$","R","M","R","T","M","?","?","M","T","R","B",null],"character_chosen":"IRONCLAD","items_purchased":["Body Slam","Shrug It Off","Oddly Smooth Stone"],"campfire_rested":2,"item_purchase_floors":[22,22,22],"current_hp_per_floor":[67,88,70,69,75,75,75,56,56,62,67,67,56,53,79,34,75,58,58,58,58,58,39,39,39,39,57,57,61,61,67,67,48,86,98,98,98,98,98,98,98,98,98,94,56,56,50,50,79,27],"gold":252,"neow_bonus":"TEN_PERCENT_HP_BONUS","is_daily":false,"chose_seed":false,"campfire_upgraded":7,"win_rate":0.0,"timestamp":1607829880,"path_taken":["M","?","?","M","M","R","?","E","T","M","M","R","?","M","R","BOSS","M","?","?","M","$","E","?","R","T","M","R","E","?","M","R","BOSS","M","M","?","M","$","R","M","R","T","M","?","?","?","?","R","BOSS"],"items_purchased_type":["Card","Card","Relic"],"build_version":"2020-11-30","purchased_purges":2,"victory":true,"max_hp_per_floor":[88,88,88,88,88,88,88,88,88,88,88,88,88,88,88,88,88,88,88,88,88,88,88,88,88,88,88,88,98,98,98,98,98,98,98,98,98,98,98,98,98,98,98,98,98,98,98,98,98,98],"card_choices":[{"not_picked":["True Grit","Sword Boomerang"],"picked":"Twin Strike","floor":1.0},{"not_picked":["Perfected Strike","Flame Barrier","Havoc"],"picked":"SKIP","floor":4.0},{"not_picked":["Sever Soul","Searing Blow"],"picked":"Cleave","floor":5.0},{"not_picked":["Pummel","Armaments","Sentinel"],"picked":"SKIP","floor":8.0},{"not_picked":["Twin Strike","Fire Breathing"],"picked":"Body Slam","floor":10.0},{"not_picked":["Sword Boomerang","Searing Blow","Fiend Fire"],"picked":"SKIP","floor":11.0},{"not_picked":["Wild Strike","Flex"],"picked":"Feel No Pain","floor":13.0},{"not_picked":["Searing Blow","Flex"],"picked":"Whirlwind","floor":14.0},{"not_picked":["Offering","Exhume"],"picked":"Limit Break","floor":16.0},{"not_picked":["Thunderclap","Heavy Blade","Pommel Strike"],"picked":"SKIP","floor":18.0},{"not_picked":["Iron Wave+1","Cleave+1"],"picked":"Shockwave+1","floor":21.0},{"not_picked":["Blood for Blood","Rupture"],"picked":"Double Tap","floor":23.0},{"not_picked":["Sword Boomerang+1","Clash+1","Cleave"],"picked":"SKIP","floor":27.0},{"not_picked":["Wild Strike","Flame Barrier"],"picked":"Body Slam","floor":29.0},{"not_picked":["True Grit","Wild Strike+1","Rupture"],"picked":"SKIP","floor":31.0},{"not_picked":["Bludgeon","Double Tap"],"picked":"Reaper","floor":33.0},{"not_picked":["Iron Wave+1","Clothesline+1"],"picked":"Headbutt+1","floor":35.0},{"not_picked":["Body Slam+1","Armaments"],"picked":"Spot Weakness+1","floor":36.0},{"not_picked":["Iron Wave+1","Uppercut"],"picked":"Warcry+1","floor":38.0},{"not_picked":["Perfected Strike+1","Blood for Blood","Metallicize"],"picked":"SKIP","floor":41.0},{"not_picked":["Dropkick+1","Body Slam+1"],"picked":"True Grit+1","floor":44.0},{"not_picked":["Deep Breath","Discovery"],"picked":"The Bomb","floor":46.0},{"not_picked":["Dual Wield+1","Sword Boomerang+1"],"picked":"Bloodletting+1","floor":47.0}],"player_experience":662943,"relics_obtained":[{"floor":8.0,"key":"Kunai"},{"floor":9.0,"key":"Meat on the Bone"},{"floor":23.0,"key":"Akabeko"},{"floor":26.0,"key":"HornCleat"},{"floor":29.0,"key":"Pear"},{"floor":43.0,"key":"Molten Egg 2"},{"floor":45.0,"key":"Pocketwatch"},{"floor":48.0,"key":"Bronze Scales"}],"event_choices":[{"damage_healed":29.0,"max_hp_gain":0.0,"max_hp_loss":0.0,"gold_gain":0.0,"event_name":"Big Fish","player_choice":"Banana","floor":2.0,"gold_loss":0.0,"damage_taken":0.0},{"damage_healed":0.0,"max_hp_gain":0.0,"max_hp_loss":0.0,"gold_gain":0.0,"event_name":"Shining Light","player_choice":"Entered Light","floor":3.0,"gold_loss":0.0,"damage_taken":18.0,"cards_upgraded":["Bash","Defend_R"]},{"damage_healed":0.0,"max_hp_gain":0.0,"max_hp_loss":0.0,"gold_gain":0.0,"event_name":"Upgrade Shrine","player_choice":"Upgraded","floor":7.0,"gold_loss":0.0,"damage_taken":0.0,"cards_upgraded":["Twin Strike"]},{"damage_healed":0.0,"max_hp_gain":0.0,"max_hp_loss":0.0,"gold_gain":0.0,"event_name":"Addict","player_choice":"Obtained Relic","floor":19.0,"gold_loss":85.0,"damage_taken":0.0,"relics_obtained":["Letter Opener"]},{"damage_healed":0.0,"max_hp_gain":0.0,"max_hp_loss":0.0,"gold_gain":0.0,"event_name":"The Mausoleum","player_choice":"Opened","floor":20.0,"gold_loss":0.0,"damage_taken":0.0,"relics_obtained":["Shuriken"]},{"damage_healed":0.0,"max_hp_gain":0.0,"max_hp_loss":0.0,"gold_gain":0.0,"event_name":"Back to Basics","player_choice":"Simplicity","floor":24.0,"gold_loss":0.0,"damage_taken":0.0,"cards_upgraded":["Strike_R","Strike_R","Strike_R","Strike_R","Defend_R","Defend_R","Defend_R"]},{"damage_healed":0.0,"max_hp_gain":0.0,"max_hp_loss":0.0,"gold_gain":0.0,"event_name":"Ghosts","player_choice":"Ignored","floor":30.0,"gold_loss":0.0,"damage_taken":0.0},{"cards_removed":["Feel No Pain"],"damage_healed":0.0,"max_hp_gain":0.0,"max_hp_loss":0.0,"gold_gain":0.0,"event_name":"Falling","player_choice":"Removed Power","floor":37.0,"gold_loss":0.0,"damage_taken":0.0},{"damage_healed":0.0,"max_hp_gain":0.0,"max_hp_loss":0.0,"gold_gain":0.0,"event_name":"Mysterious Sphere","player_choice":"Fight","floor":45.0,"gold_loss":0.0,"damage_taken":0.0},{"damage_healed":0.0,"max_hp_gain":0.0,"max_hp_loss":0.0,"gold_gain":0.0,"event_name":"SensoryStone","player_choice":"Memory 1","floor":46.0,"gold_loss":0.0,"damage_taken":0.0}],"is_beta":false,"boss_relics":[{"not_picked":["Busted Crown","SlaversCollar"],"picked":"Sozu"},{"not_picked":["Black Star","Runic Cube"],"picked":"Mark of Pain"}],"items_purged_floors":[22,39],"is_endless":false,"potions_floor_spawned":[5,13,14,16,23,27,29,31,36,44,45],"ascension_level":10}}