{"host":"qw1m3zcvi888b4j7","time":1607817864,"event":{"mods":["AchievementEnabler","BaseMod","Block Reminder","Colored Map","Colored Powertips","Highlight Path","Minty Spire (QoL Compilation)","Quick Restart","Relic Stats"],"gold_per_floor":[109,18,18,32,32,62,62,94,94,19,19,30,30,30,30,129,129,143,68,88,6,6,34,34,54,54,54,54,70,101,120,120,222,222,240,21,0,0,0,0,0,0,82,100,130,130,143,172,172,172],"floor_reached":51,"playtime":2770,"items_purged":["Doubt"],"score":797,"play_id":"6c9d3793-4998-48f2-8826-dc53fc744501","local_time":"20201213010424","is_ascension_mode":false,"campfire_choices":[{"floor":7,"key":"REST"},{"data":"Infinite Blades","floor":11,"key":"SMITH"},{"data":"Terror","floor":13,"key":"SMITH"},{"floor":15,"key":"REST"},{"data":"Caltrops","floor":24,"key":"SMITH"},{"floor":27,"key":"REST"},{"data":"Bullet Time","floor":32,"key":"SMITH"},{"data":"Neutralize","floor":40,"key":"SMITH"},{"data":"Apotheosis","floor":42,"key":"SMITH"},{"data":"Noxious Fumes","floor":46,"key":"SMITH"},{"floor":49,"key":"REST"}],"circlet_count":0,"master_deck":["Strike_G+1","Strike_G+1","Strike_G+1","Strike_G+1","Strike_G+1","Defend_G+1","Defend_G+1","Defend_G+1","Defend_G+1","Defend_G+1","Survivor","Neutralize+1","Blur+1","Noxious Fumes+1","Bane","Infinite Blades+1","Sucker Punch","Outmaneuver+1","Noxious Fumes","Bullet Time+1","Backstab","Prepared","Caltrops+1","Poisoned Stab","Terror+1","Expertise+1","Bane+1","PiercingWail","Tactician+1","Burst","CurseOfTheBell","Catalyst+1","Apotheosis+1","Finesse","Panacea","Normality","Escape Plan+1","Backflip","Dagger Throw+1","Blade Dance+1"],"relics":["Ring of the Snake","Letter Opener","Darkstone Periapt","Pen Nib","Pear","Cursed Key","Pantograph","Kunai","War Paint","Calling Bell","Bronze Scales","Molten Egg 2","Peace Pipe","Orichalcum","Red Mask","White Beast Statue","Frozen Egg 2","Calipers"],"acts_visited":["Exordium","TheCity","TheBeyond"],"potions_floor_usage":[6,8,12,30,30,33,47,47,48,48,50],"damage_taken":[{"damage":0,"enemies":"Small Slimes","floor":1,"turns":5},{"damage":0,"enemies":"Jaw Worm","floor":4,"turns":5},{"damage":21,"enemies":"Lagavulin","floor":6,"turns":7},{"damage":12,"enemies":"3 Sentries","floor":8,"turns":7},{"damage":0,"enemies":"2 Louse","floor":12,"turns":3},{"damage":52,"enemies":"The Guardian","floor":16,"turns":9},{"damage":35,"enemies":"Spheric Guardian","floor":18,"turns":6},{"damage":16,"enemies":"Chosen","floor":20,"turns":5},{"damage":22,"enemies":"Book of Stabbing","floor":23,"turns":5},{"damage":12,"enemies":"3 Cultists","floor":25,"turns":5},{"damage":0,"enemies":"Snecko","floor":29,"turns":3},{"damage":1,"enemies":"Slavers","floor":30,"turns":4},{"damage":5,"enemies":"Snake Plant","floor":31,"turns":3},{"damage":11,"enemies":"Champ","floor":33,"turns":11},{"damage":21,"enemies":"3 Darklings","floor":35,"turns":5},{"damage":37,"enemies":"3 Shapes","floor":44,"turns":4},{"damage":16,"enemies":"Giant Head","floor":45,"turns":7},{"damage":42,"enemies":"Sphere and 2 Shapes","floor":47,"turns":5},{"damage":32,"enemies":"Reptomancer","floor":48,"turns":9},{"damage":66,"enemies":"Time Eater","floor":50,"turns":12}],"seed_played":"-3079230165927272003","potions_obtained":[{"floor":1,"key":"SteroidPotion"},{"floor":6,"key":"Block Potion"},{"floor":8,"key":"BlessingOfTheForge"},{"floor":18,"key":"Energy Potion"},{"floor":23,"key":"Block Potion"},{"floor":30,"key":"SteroidPotion"},{"floor":33,"key":"FearPotion"},{"floor":44,"key":"SpeedPotion"},{"floor":45,"key":"Swift Potion"},{"floor":47,"key":"Regen Potion"},{"floor":48,"key":"Regen Potion"}],"is_trial":false,"path_per_floor":["M","$","?","M","?","E","R","E","T","$","R","M","R","?","R","B",null,"M","?","M","$","?","E","R","M","T","R","$","M","E","M","R","B",null,"M","$","?","?","?","R","$","R","T","M","E","R","M","E","R","B",null],"character_chosen":"THE_SILENT","items_purchased":["Noxious Fumes","Bane","Noxious Fumes","Caltrops","Poisoned Stab","Orichalcum"],"campfire_rested":4,"item_purchase_floors":[2,2,10,21,21,36],"current_hp_per_floor":[63,63,46,46,28,7,32,20,30,30,30,30,30,59,89,37,100,65,65,49,49,49,27,27,15,21,51,51,51,50,45,45,59,109,88,88,88,78,109,109,109,109,115,78,62,62,20,3,37,11],"gold":172,"neow_bonus":"TWENTY_PERCENT_HP_BONUS","is_daily":false,"chose_seed":false,"campfire_upgraded":7,"win_rate":0.0,"timestamp":1607817864,"path_taken":["M","$","?","M","?","E","R","E","T","$","R","M","R","?","R","BOSS","M","?","M","$","?","E","R","M","T","R","$","M","E","M","R","BOSS","M","$","?","?","?","R","$","R","T","M","E","R","M","E","R","BOSS"],"items_purchased_type":["Card","Card","Card","Card","Card","Relic"],"build_version":"2020-11-30","purchased_purges":1,"victory":true,"max_hp_per_floor":[84,84,84,84,84,84,84,84,94,94,94,94,94,100,100,100,100,100,97,97,97,97,97,97,97,103,103,103,103,103,103,103,103,109,109,109,109,109,109,109,109,109,115,115,115,115,115,115,115,115],"relic_stats":{"Darkstone Periapt":24,"counters":[20,120],"Pen Nib":[23],"Letter Opener":[292],"War Paint":["Blur","Outmaneuver"],"Orichalcum":[48],"Cursed Key":2,"Peace Pipe":0,"Pantograph":50,"Bronze Scales":[150],"Kunai":[32],"obtain_stats":[{"Darkstone Periapt":6,"Pear":9,"Calipers":48,"Pen Nib":8,"Letter Opener":5,"War Paint":30,"Orichalcum":36,"Frozen Egg 2":45,"Cursed Key":17,"White Beast Statue":43,"Calling Bell":34,"Peace Pipe":34,"Pantograph":23,"Bronze Scales":34,"Molten Egg 2":34,"Red Mask":37,"Kunai":26,"Ring of the Snake":0},{"Darkstone Periapt":3,"Pear":4,"Calipers":19,"Pen Nib":4,"Letter Opener":2,"War Paint":12,"Orichalcum":15,"Frozen Egg 2":17,"Cursed Key":6,"White Beast Statue":15,"Calling Bell":14,"Peace Pipe":14,"Pantograph":9,"Bronze Scales":14,"Molten Egg 2":14,"Red Mask":15,"Kunai":10,"Ring of the Snake":0},{"Darkstone Periapt":17,"Pear":24,"Calipers":108,"Pen Nib":24,"Letter Opener":10,"War Paint":64,"Orichalcum":83,"Frozen Egg 2":94,"Cursed Key":36,"White Beast Statue":83,"Calling Bell":78,"Peace Pipe":78,"Pantograph":52,"Bronze Scales":78,"Molten Egg 2":78,"Red Mask":83,"Kunai":57,"Ring of the Snake":0}],"Ring of the Snake":[40]},"card_choices":[{"not_picked":["Infinite Blades","PiercingWail"],"picked":"Blur","floor":1},{"not_picked":["Blur","Dagger Throw"],"picked":"Infinite Blades","floor":4},{"not_picked":["Prepared","Blur"],"picked":"Sucker Punch","floor":6},{"not_picked":["Slice","Acrobatics"],"picked":"Outmaneuver","floor":8},{"not_picked":["Deflect","Leg Sweep"],"picked":"Terror","floor":12},{"not_picked":["Unload","Venomology"],"picked":"Bullet Time","floor":16},{"not_picked":["Noxious Fumes","Finisher"],"picked":"Backstab","floor":18},{"not_picked":["Bouncing Flask","Dash"],"picked":"Prepared","floor":20},{"not_picked":["Outmaneuver","Dodge and Roll+1"],"picked":"Terror+1","floor":23},{"not_picked":["Dagger Throw","Distraction"],"picked":"Expertise+1","floor":25},{"not_picked":["Masterful Stab","Finisher"],"picked":"Bane+1","floor":29},{"not_picked":["Infinite Blades","Envenom"],"picked":"PiercingWail","floor":30},{"not_picked":["Poisoned Stab","Flying Knee"],"picked":"Tactician+1","floor":31},{"not_picked":["A Thousand Cuts","Bullet Time"],"picked":"Burst","floor":33},{"not_picked":["Flechettes+1","Bane+1"],"picked":"Catalyst+1","floor":35},{"not_picked":["Dark Shackles","Forethought"],"picked":"Apotheosis","floor":38},{"not_picked":["Master of Strategy","Panacea"],"picked":"Finesse","floor":38},{"not_picked":["Blind","Dark Shackles"],"picked":"Panacea","floor":38},{"not_picked":["Finisher+1","Flechettes+1"],"picked":"Escape Plan+1","floor":44},{"not_picked":["Blade Dance","Blur+1"],"picked":"Backflip","floor":45},{"not_picked":["Bane+1","Prepared"],"picked":"Dagger Throw+1","floor":47},{"not_picked":["Noxious Fumes+1","Infinite Blades+1"],"picked":"Blade Dance+1","floor":48}],"player_experience":29593,"relics_obtained":[{"floor":6,"key":"Darkstone Periapt"},{"floor":8,"key":"Pen Nib"},{"floor":9,"key":"Pear"},{"floor":23,"key":"Pantograph"},{"floor":26,"key":"Kunai"},{"floor":30,"key":"War Paint"},{"floor":34,"key":"Bronze Scales"},{"floor":34,"key":"Molten Egg 2"},{"floor":34,"key":"Peace Pipe"},{"floor":43,"key":"White Beast Statue"},{"floor":45,"key":"Frozen Egg 2"},{"floor":48,"key":"Calipers"}],"event_choices":[{"damage_healed":0,"gold_gain":0,"player_choice":"Entered Light","damage_taken":17,"max_hp_gain":0,"max_hp_loss":0,"event_name":"Shining Light","floor":3,"gold_loss":0,"cards_upgraded":["Strike_G","Defend_G"]},{"damage_healed":0,"gold_gain":0,"player_choice":"Success","damage_taken":18,"relics_obtained":["Letter Opener"],"max_hp_gain":0,"max_hp_loss":0,"event_name":"Scrap Ooze","floor":5,"gold_loss":0},{"damage_healed":23,"gold_gain":0,"player_choice":"Healed and dodged fight","damage_taken":0,"max_hp_gain":0,"max_hp_loss":0,"event_name":"Mushrooms","floor":14,"gold_loss":0,"cards_obtained":["Parasite"]},{"cards_removed":["Parasite"],"damage_healed":0,"gold_gain":0,"player_choice":"Gave Gold","damage_taken":0,"max_hp_gain":0,"max_hp_loss":0,"event_name":"Beggar","floor":19,"gold_loss":75},{"damage_healed":0,"gold_gain":0,"player_choice":"Simplicity","damage_taken":0,"max_hp_gain":0,"max_hp_loss":0,"event_name":"Back to Basics","floor":22,"gold_loss":0,"cards_upgraded":["Strike_G","Strike_G","Strike_G","Strike_G","Defend_G","Defend_G","Defend_G","Defend_G"]},{"damage_healed":0,"gold_gain":0,"player_choice":"Paid","damage_taken":0,"relics_obtained":["Red Mask"],"max_hp_gain":0,"max_hp_loss":0,"event_name":"Tomb of Lord Red Mask","floor":37,"gold_loss":21},{"damage_healed":0,"gold_gain":0,"player_choice":"Memory 3","damage_taken":10,"max_hp_gain":0,"max_hp_loss":0,"event_name":"SensoryStone","floor":38,"gold_loss":0},{"cards_removed":["Terror"],"damage_healed":31,"gold_gain":0,"player_choice":"Offered Uncommon","damage_taken":0,"max_hp_gain":0,"max_hp_loss":0,"event_name":"Bonfire Elementals","floor":39,"gold_loss":0}],"is_beta":false,"boss_relics":[{"not_picked":["Snecko Eye","Astrolabe"],"picked":"Cursed Key"},{"not_picked":["Ring of the Serpent","Empty Cage"],"picked":"Calling Bell"}],"items_purged_floors":[36],"is_endless":false,"potions_floor_spawned":[1,6,8,18,23,30,33,44,45,47,48],"ascension_level":0}}