{"host":"32dedufnxebqtmo3","time":1607818678,"event":{"mods":["AchievementEnabler","BaseMod","Better Third Choice","Card Filter","Colored Powertips","Defuse TimeMaze Blight","Downfall","GifTheSpireLib","Minty Spire (QoL Compilation)","Permanent Neow","Relic Filter","Relic Stats","Remove Card Discount Mod","Shop Mod","StSLib","The Cursed","Unceasing Turn Reminder"],"gold_per_floor":[99,128,128,128,152,176,176,101,139,139,152,172,47,68,92,205,255,255,255,297,323,337,13,13,41,79,4,27,49,149,168,191,304,304,229,566,75,100,140,140,140,140,140,179,179,195,45,65,89,89],"floor_reached":51,"playtime":5107,"items_purged":["Clumsy","hexamod:Strike","hexamod:Strike","hexamod:Strike","hexamod:PhantomCloak","hexamod:RadiantFlame","hexamod:FlamesFromBeyond","hexamod:Defend"],"score":839,"play_id":"64686f68-e662-455f-bf3d-0172702660aa","local_time":"20201212161758","is_ascension_mode":false,"campfire_choices":[{"data":"hexamod:Sear","floor":1.0,"key":"SMITH"},{"floor":3.0,"key":"RECALL"},{"data":"hexamod:ThermalTransfer","floor":8.0,"key":"SMITH"},{"data":"hexamod:FastForward","floor":10.0,"key":"SMITH"},{"data":"hexamod:ThermalTransfer","floor":18.0,"key":"SMITH"},{"data":"hexamod:ThermalTransfer","floor":27.0,"key":"SMITH"},{"data":"hexamod:ThermalTransfer","floor":35.0,"key":"SMITH"},{"data":"hexamod:InspiringFlames","floor":40.0,"key":"SMITH"},{"data":"Good Instincts","floor":42.0,"key":"SMITH"}],"circlet_count":0,"master_deck":["hexamod:Strike+1","hexamod:Defend+1","hexamod:Defend+1","hexamod:Defend+1","hexamod:Sear+1","hexamod:Float+1","hexamod:SecondSeal","hexamod:ThermalTransfer+1","hexamod:ThirdSeal","hexamod:FastForward+1","hexamod:InspiringFlames+1","hexamod:HeatMetal+1","hexamod:HauntingEcho+1","hexamod:DynamicBlow+1","hexamod:SuperheatedStrike+1","hexamod:SpectersWail+1","hexamod:ThermalTransfer+1","hexamod:VolcanoVisage+1","hexamod:FourthSeal","hexamod:SpectersWail+1","hexamod:RecurringNightmare+1","hexamod:ThermalTransfer+1","hexamod:FirstSeal","hexamod:TimeWarp","hexamod:StepThrough+1","hexamod:SixthSeal","hexamod:ThermalTransfer+1","hexamod:FirstSeal","Good Instincts+1","hexamod:FirstSeal"],"relics":["hexamod:SpiritBrand","Incense Burner","White Beast Statue","War Paint","downfall:HeartBlessingRed","Guardian:PocketSentry","Tiny House","Regal Pillow","HandDrill","StrikeDummy","downfall:HeartBlessingBlue","Busted Crown","downfall:HeartBlessingGreen","Old Coin","Gremlin Horn","Bag of Marbles","Ancient Tea Set","Singing Bowl","Dream Catcher"],"acts_visited":["Exordium","TheCity","TheBeyond"],"potions_floor_usage":[],"damage_taken":[{"damage":19.0,"enemies":"Gremlin Nob","floor":2.0,"turns":4.0},{"damage":1.0,"enemies":"Jaw Worm","floor":5.0,"turns":4.0},{"damage":2.0,"enemies":"Small Slimes","floor":6.0,"turns":3.0},{"damage":5.0,"enemies":"Lagavulin","floor":9.0,"turns":7.0},{"damage":0.0,"enemies":"2 Louse","floor":11.0,"turns":2.0},{"damage":4.0,"enemies":"Exordium Thugs","floor":12.0,"turns":3.0},{"damage":0.0,"enemies":"downfall:FleeingMerchant","floor":13.0,"turns":4.0},{"damage":0.0,"enemies":"3 Louse","floor":14.0,"turns":3.0},{"damage":6.0,"enemies":"Exordium Wildlife","floor":15.0,"turns":3.0},{"damage":9.0,"enemies":"downfall:Ironclad","floor":16.0,"turns":7.0},{"damage":31.0,"enemies":"Slavers","floor":20.0,"turns":6.0},{"damage":8.0,"enemies":"Spheric Guardian","floor":21.0,"turns":5.0},{"damage":5.0,"enemies":"3 Byrds","floor":22.0,"turns":3.0},{"damage":0.0,"enemies":"downfall:FleeingMerchant","floor":23.0,"turns":4.0},{"damage":2.0,"enemies":"Shelled Parasite and Fungi","floor":25.0,"turns":4.0},{"damage":9.0,"enemies":"Gremlin Leader","floor":26.0,"turns":8.0},{"damage":16.0,"enemies":"Chosen and Byrds","floor":28.0,"turns":6.0},{"damage":15.0,"enemies":"3 Cultists","floor":29.0,"turns":5.0},{"damage":14.0,"enemies":"Centurion and Healer","floor":31.0,"turns":7.0},{"damage":6.0,"enemies":"Sentry and Sphere","floor":32.0,"turns":5.0},{"damage":1.0,"enemies":"downfall:Defect","floor":33.0,"turns":7.0},{"damage":5.0,"enemies":"Reptomancer","floor":36.0,"turns":7.0},{"damage":8.0,"enemies":"downfall:FleeingMerchant","floor":37.0,"turns":4.0},{"damage":0.0,"enemies":"3 Shapes","floor":38.0,"turns":3.0},{"damage":17.0,"enemies":"Nemesis","floor":39.0,"turns":5.0},{"damage":29.0,"enemies":"Giant Head","floor":44.0,"turns":9.0},{"damage":0.0,"enemies":"Orb Walker","floor":46.0,"turns":3.0},{"damage":0.0,"enemies":"Maw","floor":48.0,"turns":8.0},{"damage":36,"enemies":"Jaw Worm Horde","floor":49,"turns":5},{"damage":25,"enemies":"downfall:Silent","floor":50,"turns":10}],"seed_played":"9067598542198549806","potions_obtained":[{"floor":5.0,"key":"LiquidMemories"},{"floor":6.0,"key":"SkillPotion"},{"floor":9.0,"key":"CultistPotion"},{"floor":11.0,"key":"Ancient Potion"},{"floor":13.0,"key":"PowerPotion"},{"floor":20.0,"key":"Slimebound:ThreeZeroPotion"},{"floor":21.0,"key":"Regen Potion"},{"floor":23.0,"key":"BlessingOfTheForge"},{"floor":25.0,"key":"hexamod:EctoCoolerPotion"},{"floor":26.0,"key":"hexamod:DoubleChargePotion"},{"floor":28.0,"key":"FearPotion"},{"floor":29.0,"key":"PowerPotion"},{"floor":37.0,"key":"champ:CounterPotion"},{"floor":39.0,"key":"DuplicationPotion"},{"floor":46.0,"key":"FairyPotion"}],"is_trial":false,"path_per_floor":["R","E","R","?","M","M","T","R","E","R","M","M","$","M","M","B",null,"R","?","E","M","M","$","T","M","E","R","M","M","?","M","M","B",null,"R","E","?","M","E","R","T","R","?","E","?","M","?","M","M","B",null],"character_chosen":"THE_SPIRIT","items_purchased":["hexamod:DynamicBlow","hexamod:RadiantFlame","hexamod:TimeWarp","hexamod:StepThrough","HandDrill","Gremlin Horn","Bag of Marbles","Good Instincts"],"campfire_rested":0,"item_purchase_floors":[13,13,23,23,23,37,37,37],"current_hp_per_floor":[70,51,51,56,55,53,53,53,48,48,48,44,44,44,38,29,80,80,80,49,41,36,36,36,55,53,63,54,46,46,46,47,46,90,90,90,90,90,87,87,87,87,87,76,69,78,106,110,90,72],"gold":89,"neow_bonus":"ONE_RARE_RELIC","is_daily":false,"chose_seed":false,"campfire_upgraded":8,"win_rate":0.0,"timestamp":1607818678,"path_taken":["R","E","R","?","M","M","T","R","E","R","M","M","$","M","M","BOSS","R","?","E","M","M","$","T","M","E","R","M","M","?","M","M","BOSS","R","E","?","M","E","R","T","R","?","E","?","?","?","M","M","BOSS"],"items_purchased_type":["Card","Card","Card","Card","Relic","Relic","Relic","Card"],"build_version":"2020-11-30","purchased_purges":8,"victory":true,"max_hp_per_floor":[70,70,70,75,75,75,75,75,75,75,75,75,75,75,75,75,80,80,80,80,80,80,80,80,80,80,90,90,90,90,90,90,90,90,90,90,90,90,90,90,90,90,90,94,94,96,106,110,112,112],"relic_stats":{"Regal Pillow":0,"Dream Catcher":0,"Busted Crown":26,"Gremlin Horn":[4,4],"Singing Bowl":12,"counters":[30,153],"HandDrill":[56],"War Paint":["hexamod:Defend","hexamod:Defend"],"obtain_stats":[{"Regal Pillow":20,"Tiny House":17,"downfall:HeartBlessingRed":8,"Gremlin Horn":37,"Singing Bowl":41,"downfall:HeartBlessingGreen":35,"Incense Burner":0,"Guardian:PocketSentry":9,"War Paint":7,"Ancient Tea Set":39,"White Beast Statue":2,"Old Coin":36,"Dream Catcher":44,"Busted Crown":34,"downfall:HeartBlessingBlue":27,"HandDrill":23,"Bag of Marbles":37,"StrikeDummy":26,"hexamod:SpiritBrand":0},{"Regal Pillow":11,"Tiny House":10,"downfall:HeartBlessingRed":3,"Gremlin Horn":23,"Singing Bowl":25,"downfall:HeartBlessingGreen":21,"Incense Burner":0,"Guardian:PocketSentry":4,"War Paint":3,"Ancient Tea Set":25,"White Beast Statue":1,"Old Coin":22,"Dream Catcher":26,"Busted Crown":21,"downfall:HeartBlessingBlue":16,"HandDrill":14,"Bag of Marbles":23,"StrikeDummy":16,"hexamod:SpiritBrand":0},{"Regal Pillow":46,"Tiny House":40,"downfall:HeartBlessingRed":11,"Gremlin Horn":111,"Singing Bowl":119,"downfall:HeartBlessingGreen":100,"Incense Burner":0,"Guardian:PocketSentry":18,"War Paint":11,"Ancient Tea Set":119,"White Beast Statue":4,"Old Coin":107,"Dream Catcher":128,"Busted Crown":100,"downfall:HeartBlessingBlue":70,"HandDrill":58,"Bag of Marbles":111,"StrikeDummy":70,"hexamod:SpiritBrand":0}]},"card_choices":[{"not_picked":["hexamod:PhantomCloak","hexamod:GhostShield"],"picked":"hexamod:SecondSeal","floor":2.0},{"not_picked":["hexamod:Hexaguard","hexamod:BurningTouch"],"picked":"hexamod:ThermalTransfer","floor":5.0},{"not_picked":["hexamod:ExtraCrispy","hexamod:SwordOfDarkness"],"picked":"hexamod:ThirdSeal","floor":6.0},{"not_picked":["hexamod:RecurringNightmare","hexamod:NightmareGuise"],"picked":"hexamod:FastForward","floor":9.0},{"not_picked":["hexamod:SecondSeal","hexamod:GhostShield"],"picked":"hexamod:InspiringFlames","floor":9.0},{"not_picked":["hexamod:Incineration","hexamod:PhantomFireball"],"picked":"hexamod:HeatMetal","floor":11.0},{"not_picked":["hexamod:FastForward","hexamod:HauntingEcho"],"picked":"hexamod:FlamesFromBeyond","floor":12.0},{"not_picked":["hexamod:GhostOfSpirePast","hexamod:PhantomFireball"],"picked":"hexamod:PhantomCloak","floor":12.0},{"not_picked":["hexamod:GhostLash","hexamod:GhostflameBarrier"],"picked":"hexamod:HauntingEcho","floor":13.0},{"not_picked":["hexamod:SkipABeat","hexamod:TurnItUp","hexamod:ShieldOfDarkness"],"picked":"SKIP","floor":13.0},{"not_picked":["hexamod:NightmareGuise","hexamod:ShieldOfDarkness"],"picked":"hexamod:SuperheatedStrike","floor":14.0},{"not_picked":["hexamod:BurningTouch","hexamod:FastForward"],"picked":"hexamod:SpectersWail","floor":14.0},{"not_picked":["hexamod:NightmareStrike","hexamod:ExtraCrispy"],"picked":"hexamod:ThermalTransfer","floor":15.0},{"not_picked":["hexamod:HexaLevel","hexamod:ParanormalForm"],"picked":"hexamod:VolcanoVisage","floor":16.0},{"not_picked":["hexamod:GhostLash","hexamod:GhostOfSpirePresent"],"picked":"hexamod:SpectersWail+1","floor":20.0},{"not_picked":["hexamod:SpectersWail+1","hexamod:AdvancingGuard","hexamod:Firestarter+1"],"picked":"SKIP","floor":20.0},{"not_picked":["hexamod:ShieldOfDarkness","hexamod:RainOfEmbers"],"picked":"hexamod:RecurringNightmare+1","floor":21.0},{"not_picked":["hexamod:FourthSeal","hexamod:HauntingEcho+1","hexamod:Firestarter+1"],"picked":"SKIP","floor":21.0},{"not_picked":["hexamod:AdvancingGuard","hexamod:ChargedBarrage"],"picked":"hexamod:ThermalTransfer","floor":22.0},{"not_picked":["hexamod:RainOfEmbers","hexamod:Firestarter","hexamod:GhostLash"],"picked":"SKIP","floor":22.0},{"not_picked":["hexamod:FastForward+1","hexamod:RadiantFlame"],"picked":"hexamod:FirstSeal","floor":23.0},{"not_picked":["hexamod:InspiringFlames","hexamod:SecondSeal","hexamod:BacktrackSmack"],"picked":"SKIP","floor":23.0},{"not_picked":["hexamod:ParanormalForm","hexamod:RainOfEmbers+1","hexamod:GhostShield+1"],"picked":"SKIP","floor":25.0},{"not_picked":["hexamod:ShieldOfDarkness","hexamod:Firestarter","hexamod:RainOfEmbers+1"],"picked":"SKIP","floor":25.0},{"not_picked":["hexamod:InspiringFlames","hexamod:AdvancingGuard"],"picked":"hexamod:SixthSeal","floor":26.0},{"not_picked":["hexamod:GhostflameBarrier","hexamod:HexaLevel","hexamod:BacktrackSmack"],"picked":"SKIP","floor":26.0},{"not_picked":["hexamod:RadiantFlame","hexamod:AdvancingGuard"],"picked":"hexamod:ThermalTransfer","floor":28.0},{"not_picked":["hexamod:StepThrough","hexamod:SwordOfDarkness","hexamod:RetreatToShadows"],"picked":"SKIP","floor":28.0},{"not_picked":["hexamod:GhostLash","hexamod:Again"],"picked":"hexamod:FirstSeal","floor":29.0},{"not_picked":["hexamod:NightmareStrike","hexamod:RetreatToShadows","hexamod:Firestarter"],"picked":"SKIP","floor":29.0},{"not_picked":["hexamod:PhantomCloak+1","hexamod:FlamesFromBeyond","hexamod:HauntingEcho"],"picked":"SKIP","floor":31.0},{"not_picked":["hexamod:SpectersWail","hexamod:PhantomFireball","hexamod:BurningTouch"],"picked":"SKIP","floor":31.0},{"not_picked":["hexamod:RainOfEmbers","hexamod:Haunt","hexamod:EtherealExpedition+1"],"picked":"SKIP","floor":32.0},{"not_picked":["hexamod:RadiantFlame+1","hexamod:RainOfEmbers","hexamod:RecurringNightmare+1"],"picked":"SKIP","floor":32.0},{"not_picked":["hexamod:GhostShield+1"],"picked":"SKIP","floor":36.0},{"not_picked":["hexamod:Hexaguard"],"picked":"SKIP","floor":36.0},{"not_picked":["hexamod:SpectralSpark"],"picked":"SKIP","floor":37.0},{"not_picked":["hexamod:Hexaguard"],"picked":"SKIP","floor":38.0},{"not_picked":["hexamod:AdvancingGuard+1"],"picked":"SKIP","floor":38.0},{"not_picked":["hexamod:BurningTouch+1"],"picked":"SKIP","floor":39.0},{"not_picked":["hexamod:GhostOfSpireFuture"],"picked":"Singing Bowl","floor":44.0},{"not_picked":["hexamod:RecurringNightmare"],"picked":"Singing Bowl","floor":44.0},{"not_picked":["hexamod:HauntingEcho"],"picked":"Singing Bowl","floor":46.0},{"not_picked":["hexamod:RecurringNightmare"],"picked":"Singing Bowl","floor":48.0},{"not_picked":["hexamod:InspiringFlames+1"],"picked":"Singing Bowl","floor":48.0},{"not_picked":["hexamod:HeatMetal+1"],"picked":"Singing Bowl","floor":49}],"player_experience":764921,"relics_obtained":[{"floor":2.0,"key":"White Beast Statue"},{"floor":7.0,"key":"War Paint"},{"floor":9.0,"key":"Guardian:PocketSentry"},{"floor":20.0,"key":"Regal Pillow"},{"floor":26.0,"key":"StrikeDummy"},{"floor":36.0,"key":"Old Coin"},{"floor":39.0,"key":"Ancient Tea Set"},{"floor":41.0,"key":"Singing Bowl"},{"floor":44.0,"key":"Dream Catcher"}],"event_choices":[{"damage_healed":0.0,"max_hp_gain":5.0,"max_hp_loss":0.0,"gold_gain":0.0,"event_name":"Big Fish","player_choice":"Donut","floor":4.0,"gold_loss":0.0,"damage_taken":0.0},{"damage_healed":0.0,"max_hp_gain":0.0,"max_hp_loss":0.0,"gold_gain":0.0,"event_name":"The Library","player_choice":"Read","floor":19.0,"gold_loss":0.0,"damage_taken":0.0,"cards_obtained":["hexamod:FourthSeal"]}],"is_beta":false,"boss_relics":[{"not_picked":["Sozu","Black Star"],"picked":"Tiny House"},{"not_picked":["SlaversCollar","SacredBark"],"picked":"Busted Crown"}],"items_purged_floors":[13,13,13,23,37,37,37,37],"is_endless":false,"potions_floor_spawned":[5,6,9,11,12,13,14,15,16,21,22,23,25,28,29,31,32,33,37,38,39,46,48,49],"ascension_level":0}}