{"host":"cvi30shpqg1ukvbr","time":1607826383,"event":{"mods":["Act Like it!","BaseMod","Better Altar","Better Match","Better Note","Better Sensory Stone","Better Skull","Better Third Choice","Conspire","GifTheSpireLib","Hubris","Infinite Spire","Minty Spire (QoL Compilation)","Relic Stats","Replay The Spire","Shop Mod","Spicy Shops","StSLib","Stuff the Spire"],"gold_per_floor":[17,35,53,65,65,93,113,138,161,173,200,212,212,246,246,351,351,361,218,237,287,287,316,331,349,420,447,447,466,22,38,38,141,141,162,190,220,495,541,603,603,673,673,141,141,162,198,3,3,3,3,3,3,38,38],"floor_reached":56,"playtime":3368,"items_purged":["Strike_R","Strike_R","Strike_R"],"score":1747,"play_id":"82b408fa-137e-49ec-93ac-d98e8b8ee899","local_time":"20201213112623","is_ascension_mode":true,"campfire_choices":[{"data":"Bash","floor":13,"key":"SMITH"},{"data":"Evolve","floor":15,"key":"SMITH"},{"floor":45,"key":"RECALL"},{"data":"Double Tap","floor":49,"key":"SMITH"},{"data":"Rage","floor":52,"key":"SMITH"}],"circlet_count":0,"master_deck":["Strike_R","Strike_R","Defend_R","Defend_R","Defend_R","Defend_R","Bash+1","Feed+1","Cleave+1","Shrug It Off","StuffTheSpire:Resist","Iron Wave","Headbutt","Blood for Blood","Evolve+1","Shrug It Off","Blood for Blood","Shrug It Off","Hemokinesis","StuffTheSpire:TitanForm","ReplayTheSpireMod:Limb From Limb+1","ReplayTheSpireMod:Muscle Training+1","Berserk","Inflame","Clothesline","Feel No Pain","Rage+1","Shockwave","Reckless Charge","Inflame","Immolate","Battle Trance","Rupture+1","Double Tap+1","Regret","Massacre+1","StuffTheSpire:Resist+1","Reckless Charge","Flame Barrier","Juggernaut","Juggernaut","Iron Wave+1","StuffTheSpire:Slingshot+1","Rupture","Rupture","Battle Trance","Power Through"],"relics":["Burning Blood","hubris:BottledRain","Odd Mushroom","Bronze Scales","Bag of Marbles","StuffTheSpire:OldFever","Blue Doll","ChewingGum","hubris:EmptyBottle","Toy Ornithopter","HornCleat","Counterbalance","Membership Card","infinitespire:BottledMercury","StuffTheSpire:DullRazor","infinitespire:EvilPickle","hubris:ScarierMask","StuffTheSpire:Expresso","StuffTheSpire:Tea","Champion Belt","Unceasing Top","OrangePellets","CaptainsWheel","Bird Faced Urn","Oddly Smooth Stone","ClockworkSouvenir","infinitespire:FocusingShard"],"acts_visited":["Exordium","TheCity","TheBeyond","TheEnding"],"potions_floor_usage":[7,8,14,24,27,27,33,37,40,40,50,55,55,55],"damage_taken":[{"damage":0,"enemies":"2 Louse","floor":1,"turns":2},{"damage":1,"enemies":"Jaw Worm","floor":2,"turns":3},{"damage":4,"enemies":"conspire:RoseBush","floor":3,"turns":2},{"damage":2,"enemies":"2 Fungi Beasts","floor":4,"turns":4},{"damage":36,"enemies":"Gremlin Nob","floor":6,"turns":5},{"damage":8,"enemies":"The Mushroom Lair","floor":7,"turns":3},{"damage":14,"enemies":"3 Sentries","floor":8,"turns":7},{"damage":17,"enemies":"Exordium Thugs","floor":10,"turns":3},{"damage":9,"enemies":"Replay:BlueRogue","floor":11,"turns":5},{"damage":11,"enemies":"Lots of Slimes","floor":12,"turns":3},{"damage":5,"enemies":"3 Sentries","floor":14,"turns":7},{"damage":48,"enemies":"Fading Forest","floor":16,"turns":11},{"damage":5,"enemies":"conspire:FuzzyDice","floor":18,"turns":4},{"damage":10,"enemies":"Shell Parasite","floor":20,"turns":4},{"damage":4,"enemies":"conspire:SneckoGhost","floor":23,"turns":5},{"damage":28,"enemies":"Snake Plant","floor":24,"turns":4},{"damage":22,"enemies":"conspire:HollyBat","floor":25,"turns":7},{"damage":8,"enemies":"Replay:Snechameleon","floor":27,"turns":4},{"damage":13,"enemies":"Centurion and Healer","floor":29,"turns":6},{"damage":2,"enemies":"Snake Plant","floor":31,"turns":4},{"damage":33,"enemies":"Pondfish","floor":33,"turns":9},{"damage":0,"enemies":"3 Shapes","floor":35,"turns":2},{"damage":5,"enemies":"Orb Walker","floor":36,"turns":3},{"damage":38,"enemies":"Maw","floor":37,"turns":7},{"damage":10,"enemies":"Spire Growth","floor":39,"turns":3},{"damage":28,"enemies":"Nemesis","floor":40,"turns":7},{"damage":21,"enemies":"Giant Head","floor":42,"turns":6},{"damage":15,"enemies":"Transient","floor":46,"turns":5},{"damage":2,"enemies":"R_Hoarder","floor":47,"turns":6},{"damage":24,"enemies":"hubris:GrandSnecko","floor":50,"turns":13},{"damage":19,"enemies":"Shield and Spear","floor":54,"turns":5},{"damage":21,"enemies":"The Heart","floor":55,"turns":10}],"seed_played":"6685594327298274748","potions_obtained":[{"floor":1,"key":"Reflective Coating"},{"floor":4,"key":"SteroidPotion"},{"floor":6,"key":"Toxic Potion"},{"floor":8,"key":"Ancient Potion"},{"floor":18,"key":"Dexterity Potion"},{"floor":24,"key":"Swift Potion"},{"floor":29,"key":"Swift Potion"},{"floor":33,"key":"SteroidPotion"},{"floor":39,"key":"Regen Potion"},{"floor":40,"key":"HeartOfIron"}],"is_trial":false,"path_per_floor":["M","M","M","M","?","E","?","E","T","M","E","M","R","E","R","B",null,"M","$","M","?","?","E","M","M","T","E","AVR","M","$","M","R","B",null,"M","M","M","?","M","E","T","E","T","$","R","M","E","$","R","B",null,"R","$","E","B",null],"character_chosen":"IRONCLAD","items_purchased":["hubris:EmptyBottle","Membership Card","Reckless Charge","infinitespire:BottledMercury","StuffTheSpire:DullRazor","Inflame","OrangePellets","CaptainsWheel","Bird Faced Urn","Reckless Charge","Flame Barrier","Juggernaut","ClockworkSouvenir","Rupture","Battle Trance"],"campfire_rested":0,"item_purchase_floors":[19,30,30,30,30,30,44,44,44,44,44,44,48,48,48],"current_hp_per_floor":[83,86,89,92,92,66,68,64,64,57,58,57,57,62,62,30,120,124,124,120,120,120,126,110,98,98,110,110,107,107,115,148,125,152,152,152,129,129,125,160,160,149,149,149,149,144,168,168,168,172,172,172,172,173,172],"gold":38,"neow_bonus":"THREE_RARE_CARDS","is_daily":false,"chose_seed":false,"campfire_upgraded":4,"win_rate":0.0,"timestamp":1607826383,"path_taken":["M","M","M","M","?","E","?","E","T","M","E","M","R","E","R","BOSS","M","$","M","?","?","E","M","M","T","E","AVR","?","$","M","R","BOSS","M","M","M","?","?","E","?","E","T","$","R","M","E","?","R","BOSS","R","$","E","BOSS"],"items_purchased_type":["Relic","Relic","Card","Relic","Relic","Card","Relic","Relic","Relic","Card","Card","Card","Relic","Card","Card"],"build_version":"2020-11-30","purchased_purges":3,"victory":true,"max_hp_per_floor":[83,86,89,92,92,96,100,104,104,108,112,116,116,120,120,120,120,124,124,124,124,124,128,132,136,136,140,140,144,144,148,148,152,152,152,152,156,156,156,160,160,164,164,164,164,164,168,168,168,172,172,172,172,176,180],"relic_stats":{"OrangePellets":[8],"counters":[32,169],"Bronze Scales":[481],"Bird Faced Urn":[49],"Champion Belt":[12],"obtain_stats":[{"infinitespire:BottledMercury":30,"Blue Doll":14,"hubris:EmptyBottle":19,"Burning Blood":0,"ClockworkSouvenir":48,"HornCleat":27,"hubris:ScarierMask":34,"StuffTheSpire:Tea":41,"Counterbalance":28,"StuffTheSpire:Expresso":40,"Oddly Smooth Stone":47,"infinitespire:FocusingShard":54,"Odd Mushroom":7,"infinitespire:EvilPickle":33,"OrangePellets":44,"CaptainsWheel":44,"Bronze Scales":8,"Bird Faced Urn":44,"ChewingGum":17,"Bag of Marbles":9,"Membership Card":30,"Champion Belt":42,"StuffTheSpire:DullRazor":30,"StuffTheSpire:OldFever":11,"Toy Ornithopter":23,"Unceasing Top":43,"hubris:BottledRain":6},{"infinitespire:BottledMercury":19,"Blue Doll":11,"hubris:EmptyBottle":13,"Burning Blood":0,"ClockworkSouvenir":29,"HornCleat":18,"hubris:ScarierMask":21,"StuffTheSpire:Tea":26,"Counterbalance":18,"StuffTheSpire:Expresso":26,"Oddly Smooth Stone":29,"infinitespire:FocusingShard":31,"Odd Mushroom":6,"infinitespire:EvilPickle":21,"OrangePellets":27,"CaptainsWheel":27,"Bronze Scales":7,"Bird Faced Urn":27,"ChewingGum":12,"Bag of Marbles":7,"Membership Card":19,"Champion Belt":27,"StuffTheSpire:DullRazor":19,"StuffTheSpire:OldFever":9,"Toy Ornithopter":15,"Unceasing Top":27,"hubris:BottledRain":5},{"infinitespire:BottledMercury":89,"Blue Doll":44,"hubris:EmptyBottle":59,"Burning Blood":0,"ClockworkSouvenir":141,"HornCleat":83,"hubris:ScarierMask":102,"StuffTheSpire:Tea":124,"Counterbalance":83,"StuffTheSpire:Expresso":124,"Oddly Smooth Stone":141,"infinitespire:FocusingShard":159,"Odd Mushroom":19,"infinitespire:EvilPickle":102,"OrangePellets":130,"CaptainsWheel":130,"Bronze Scales":26,"Bird Faced Urn":130,"ChewingGum":55,"Bag of Marbles":26,"Membership Card":89,"Champion Belt":130,"StuffTheSpire:DullRazor":89,"StuffTheSpire:OldFever":34,"Toy Ornithopter":68,"Unceasing Top":130,"hubris:BottledRain":16}],"Burning Blood":165,"Toy Ornithopter":36,"Unceasing Top":[4]},"card_choices":[{"not_picked":["Double Tap","Impervious"],"picked":"Feed","floor":0},{"not_picked":["Entrench","Sword Boomerang"],"picked":"Cleave","floor":1},{"not_picked":["Body Slam","True Grit"],"picked":"Shrug It Off","floor":2},{"not_picked":["StuffTheSpire:RockThrow","Clash"],"picked":"StuffTheSpire:Resist","floor":3},{"not_picked":["Havoc","Sword Boomerang"],"picked":"Iron Wave","floor":4},{"not_picked":["Armaments","Cleave"],"picked":"Headbutt","floor":6},{"not_picked":["Havoc","Shockwave"],"picked":"Blood for Blood","floor":7},{"not_picked":["Replay:Many Hands","StuffTheSpire:RagingBull"],"picked":"Evolve","floor":8},{"not_picked":["StuffTheSpire:Incineration","Anger"],"picked":"Shrug It Off","floor":10},{"not_picked":["Replay:Undeath\u0027s Touch","Defy Death"],"picked":"Blood for Blood","floor":11},{"not_picked":["Iron Wave","Pommel Strike"],"picked":"Shrug It Off","floor":12},{"not_picked":["Perfected Strike","ReplayTheSpireMod:Limb From Limb"],"picked":"Hemokinesis","floor":14},{"not_picked":["Demonic Infusion","hubris:StunningStrike"],"picked":"StuffTheSpire:TitanForm","floor":16},{"not_picked":["Clash","ReplayTheSpireMod:Strike From Hell"],"picked":"ReplayTheSpireMod:Limb From Limb+1","floor":18},{"not_picked":["conspire:ExplosiveBarrier","Entrench"],"picked":"ReplayTheSpireMod:Muscle Training+1","floor":20},{"not_picked":["Anger","Heavy Blade"],"picked":"Inflame","floor":23},{"not_picked":["Anger","Perfected Strike"],"picked":"Clothesline","floor":24},{"not_picked":["ReplayTheSpireMod:Limb From Limb","Shrug It Off+1"],"picked":"Feel No Pain","floor":25},{"not_picked":["Heavy Blade","hubris:CleavingFinish"],"picked":"Rage","floor":27},{"not_picked":["Defy Death+1","hubris:ReadiedAction"],"picked":"Shockwave","floor":29},{"not_picked":["Havoc","Dropkick","ReplayTheSpireMod:Corrosion Curse"],"picked":"SKIP","floor":31},{"not_picked":["conspire:HitWhereItHurts","Demonic Infusion"],"picked":"Immolate","floor":33},{"not_picked":["Armaments+1","hubris:ReadiedAction"],"picked":"Battle Trance","floor":35},{"not_picked":["Disarm+1","Thunderclap"],"picked":"Rupture+1","floor":36},{"not_picked":["Twin Strike","Cleave"],"picked":"Double Tap","floor":37},{"not_picked":["Run Through+1","ReplayTheSpireMod:Strike From Hell"],"picked":"Massacre+1","floor":39},{"not_picked":["Pommel Strike","Anger+1"],"picked":"StuffTheSpire:Resist+1","floor":40},{"not_picked":["Run Through+1","Wild Strike","Pommel Strike+1"],"picked":"SKIP","floor":42},{"not_picked":["Evolve","hubris:ReadiedAction+1"],"picked":"Iron Wave+1","floor":46},{"not_picked":["Feed","Perfected Strike"],"picked":"StuffTheSpire:Slingshot+1","floor":47},{"not_picked":["Entrench","Thunderclap+1"],"picked":"Power Through","floor":54}],"player_experience":1735127,"relics_obtained":[{"floor":6,"key":"hubris:BottledRain"},{"floor":7,"key":"Odd Mushroom"},{"floor":8,"key":"Bronze Scales"},{"floor":9,"key":"Bag of Marbles"},{"floor":11,"key":"StuffTheSpire:OldFever"},{"floor":14,"key":"Blue Doll"},{"floor":23,"key":"Toy Ornithopter"},{"floor":27,"key":"HornCleat"},{"floor":40,"key":"StuffTheSpire:Expresso"},{"floor":41,"key":"StuffTheSpire:Tea"},{"floor":42,"key":"Champion Belt"},{"floor":43,"key":"Unceasing Top"},{"floor":47,"key":"Oddly Smooth Stone"},{"floor":54,"key":"infinitespire:FocusingShard"}],"event_choices":[{"damage_healed":0,"gold_gain":0,"player_choice":"Grow","damage_taken":0,"max_hp_gain":0,"max_hp_loss":0,"event_name":"Living Wall","floor":5,"gold_loss":0,"cards_upgraded":["Feed"]},{"damage_healed":0,"gold_gain":0,"player_choice":"Fought Mushrooms","damage_taken":0,"max_hp_gain":0,"max_hp_loss":0,"event_name":"Mushrooms","floor":7,"gold_loss":0},{"damage_healed":0,"gold_gain":100,"player_choice":"Bet on Murderer","damage_taken":0,"max_hp_gain":0,"max_hp_loss":0,"event_name":"The Joust","floor":21,"gold_loss":50},{"cards_removed":["ReplayTheSpireMod:Limb From Limb"],"damage_healed":0,"gold_gain":0,"player_choice":"Take \u0026 Give","damage_taken":0,"max_hp_gain":0,"max_hp_loss":0,"event_name":"betterNote:BetterNote","floor":22,"gold_loss":0,"cards_obtained":["Berserk"]},{"damage_healed":0,"gold_gain":275,"player_choice":"Desecrate","damage_taken":0,"max_hp_gain":0,"max_hp_loss":0,"event_name":"Golden Shrine","floor":38,"gold_loss":0,"cards_obtained":["Regret"]}],"is_beta":false,"boss_relics":[{"not_picked":["Replay:Wanted Poster","hubris:BlackHole"],"picked":"ChewingGum"},{"not_picked":["hubris:TerracottaHorce","Black Blood"],"picked":"hubris:ScarierMask"}],"items_purged_floors":[30,44,48],"is_endless":false,"potions_floor_spawned":[1,4,6,8,18,24,29,33,39,40],"ascension_level":1}}