{"host":"63rwe7p34ct1i0qu","time":1607868265,"event":{"mods":["BaseMod","DeckTracker","Minty Spire (QoL Compilation)","Permanent Neow","Quick Restart","StSLib"],"gold_per_floor":[20,35,55,74,89,89,104,104,104,114,134,150,104,121,121,216,216,156,156],"floor_reached":18,"playtime":840,"items_purged":[],"score":160,"play_id":"63b0aa2a-6243-4017-a684-9f20f78238e6","local_time":"20201213230425","is_ascension_mode":false,"campfire_choices":[{"data":"Bash","floor":6,"key":"SMITH"},{"data":"Armaments","floor":8,"key":"SMITH"},{"data":"Dark Embrace","floor":15,"key":"SMITH"}],"circlet_count":0,"master_deck":["Bash+1","Shrug It Off","Pommel Strike","Burning Pact","Entrench","Armaments+1","Dark Embrace+1","Reaper","True Grit","Rampage","Fiend Fire","Inflame","Wild Strike","Body Slam","Ghostly Armor","Pummel","Second Wind","Rage"],"relics":["Burning Blood","Magic Flower","Pandora\u0027s Box"],"acts_visited":["Exordium","TheCity"],"potions_floor_usage":[4,11,16],"damage_taken":[{"damage":1,"enemies":"Cultist","floor":1,"turns":4},{"damage":0,"enemies":"Small Slimes","floor":2,"turns":3},{"damage":12,"enemies":"Jaw Worm","floor":3,"turns":4},{"damage":5,"enemies":"Large Slime","floor":4,"turns":7},{"damage":9,"enemies":"Looter","floor":5,"turns":4},{"damage":7,"enemies":"Red Slaver","floor":7,"turns":4},{"damage":11,"enemies":"Gremlin Gang","floor":10,"turns":7},{"damage":10,"enemies":"Lots of Slimes","floor":11,"turns":5},{"damage":33,"enemies":"Exordium Wildlife","floor":12,"turns":8},{"damage":3,"enemies":"2 Fungi Beasts","floor":14,"turns":6},{"damage":46,"enemies":"The Guardian","floor":16,"turns":13}],"seed_played":"-4951718262691650447","potions_obtained":[{"floor":1,"key":"GamblersBrew"},{"floor":3,"key":"Explosive Potion"},{"floor":7,"key":"LiquidBronze"},{"floor":10,"key":"Dexterity Potion"},{"floor":12,"key":"SpeedPotion"}],"is_trial":false,"path_per_floor":["M","M","M","M","M","R","M","R","T","M","M","M","?","M","R","B",null,"M"],"character_chosen":"IRONCLAD","items_purchased":[],"campfire_rested":0,"item_purchase_floors":[],"current_hp_per_floor":[80,80,74,75,72,72,71,71,71,69,68,44,44,65,65,28,80,56,56],"gold":156,"neow_bonus":"REMOVE_TWO","is_daily":false,"chose_seed":false,"campfire_upgraded":3,"win_rate":0.0,"timestamp":1607868265,"path_taken":["M","?","M","M","M","R","?","R","T","M","M","M","?","M","R","BOSS","M"],"items_purchased_type":[],"build_version":"2020-11-30","purchased_purges":0,"victory":false,"max_hp_per_floor":[80,80,80,80,80,80,80,80,80,80,80,80,80,80,80,80,80,80,80],"card_choices":[{"not_picked":["Rampage","Ghostly Armor"],"picked":"Shrug It Off","floor":1},{"not_picked":["Sever Soul","Ghostly Armor"],"picked":"Pommel Strike","floor":2},{"not_picked":["Thunderclap","Twin Strike"],"picked":"Burning Pact","floor":3},{"not_picked":["Dual Wield","Pummel"],"picked":"Entrench","floor":4},{"not_picked":["Armaments","Iron Wave","True Grit"],"picked":"SKIP","floor":5},{"not_picked":["Perfected Strike","Spot Weakness"],"picked":"Armaments","floor":7},{"not_picked":["Dropkick","Dual Wield"],"picked":"Dark Embrace","floor":10},{"not_picked":["Blood for Blood","Pummel"],"picked":"Reaper","floor":11},{"not_picked":["Hemokinesis","Wild Strike"],"picked":"True Grit","floor":12},{"not_picked":["Armaments","Clash"],"picked":"Rampage","floor":14},{"not_picked":["Bludgeon","Reaper"],"picked":"Fiend Fire","floor":16}],"player_experience":1304213,"relics_obtained":[{"floor":9,"key":"Magic Flower"}],"event_choices":[{"damage_healed":0,"gold_gain":0,"player_choice":"Left Gold","damage_taken":0,"max_hp_gain":0,"max_hp_loss":0,"event_name":"World of Goop","floor":13,"gold_loss":46}],"is_beta":false,"boss_relics":[{"not_picked":["Busted Crown","Runic Pyramid"],"picked":"Pandora\u0027s Box"}],"items_purged_floors":[],"is_endless":false,"potions_floor_spawned":[1,3,7,10,12,14],"killed_by":"2 Thieves","ascension_level":0}}