{"host":"sst22apzgpn07t8v","time":1607847019,"event":{"mods":["Act Like it!","BaseMod","Downfall","Hallownest","HololiveMod","Lobotomy","LobotomyExtend","Minty Spire (QoL Compilation)","Replay The Spire","Shop Mod","StSLib"],"gold_per_floor":[99,125,125,125,155,80,107,117,129,54,65,83,83,83,103,103,103],"floor_reached":16,"playtime":843,"items_purged":[],"score":160,"play_id":"e3d37f7f-c286-423b-a451-419f749d8ea9","local_time":"20201213161019","is_ascension_mode":false,"campfire_choices":[{"floor":1.0,"key":"RECALL"},{"data":"hexamod:TimeOfNeed","floor":6.0,"key":"SMITH"},{"data":"hexamod:Float","floor":10.0,"key":"SMITH"}],"circlet_count":0,"master_deck":["hexamod:Strike","hexamod:Strike","hexamod:Strike","hexamod:Strike","hexamod:Defend","hexamod:Defend","hexamod:Defend+1","hexamod:Defend+1","hexamod:Sear","hexamod:Float+1","hexamod:FourthSeal","hexamod:ExtraCrispy","hexamod:TimeOfNeed+1","hexamod:ShieldOfDarkness","hexamod:StepThrough+1","hexamod:BurningTouch+1","hexamod:EtherealExpedition","Regret","hexamod:RainOfEmbers"],"relics":["hexamod:SpiritBrand","downfall:HeartsMalice","ReplayTheSpireMod:Lightbulb","Replay:Mystery Machine","downfall:HeartBlessingRed","downfall:HeartBlessingBlue"],"acts_visited":["Exordium"],"potions_floor_usage":[16],"damage_taken":[{"damage":0.0,"enemies":"3 Sentries","floor":2.0,"turns":1.0},{"damage":0.0,"enemies":"Small Slimes","floor":4.0,"turns":1.0},{"damage":0.0,"enemies":"Lagavulin","floor":5.0,"turns":1.0},{"damage":0.0,"enemies":"Jaw Worm","floor":8.0,"turns":3.0},{"damage":0.0,"enemies":"2 Louse","floor":9.0,"turns":3.0},{"damage":9.0,"enemies":"Gremlin Gang","floor":11.0,"turns":5.0},{"damage":15.0,"enemies":"3 Louse","floor":12.0,"turns":3.0},{"damage":2,"enemies":"Exordium Thugs","floor":15,"turns":4},{"damage":58,"enemies":"downfall:Defect","floor":16,"turns":6}],"seed_played":"5901505025992092959","potions_obtained":[{"floor":2.0,"key":"Fire Potion"},{"floor":5.0,"key":"Elixir"},{"floor":8.0,"key":"PowerPotion"},{"floor":15,"key":"BlessingOfTheForge"}],"is_trial":false,"path_per_floor":["R","E","?","M","E","R","T","M","M","R","M","M","?","?","M","B"],"character_chosen":"THE_SPIRIT","items_purchased":[],"campfire_rested":0,"item_purchase_floors":[],"current_hp_per_floor":[70,70,70,70,70,70,70,70,70,80,71,56,56,56,54,0,0],"gold":103,"neow_bonus":"THREE_ENEMY_KILL","is_daily":false,"chose_seed":false,"campfire_upgraded":2,"win_rate":0.0,"timestamp":1607847019,"path_taken":["R","E","?","M","E","R","T","M","M","R","M","M","?","?","M","BOSS"],"items_purchased_type":[],"build_version":"2020-11-30","purchased_purges":0,"victory":false,"max_hp_per_floor":[70,70,70,70,70,70,70,70,70,80,80,80,80,80,80,80,80],"card_choices":[{"not_picked":["hexamod:PhantomCloak","hexamod:InspiringFlames"],"picked":"hexamod:FourthSeal","floor":2.0},{"not_picked":["hexamod:GhostLash","hexamod:GhostShield"],"picked":"hexamod:ExtraCrispy","floor":4.0},{"not_picked":["hexamod:ThirdSeal","hexamod:NecessarySacrifice"],"picked":"hexamod:TimeOfNeed","floor":5.0},{"not_picked":["hexamod:SwordOfDarkness","hexamod:ThermalTransfer"],"picked":"hexamod:ShieldOfDarkness","floor":8.0},{"not_picked":["hexamod:GhostLash","hexamod:AdvancingGuard"],"picked":"hexamod:StepThrough","floor":9.0},{"not_picked":["hexamod:GhostShield","hexamod:RainOfEmbers"],"picked":"hexamod:BurningTouch","floor":11.0},{"not_picked":["hexamod:SpectersWail","hexamod:BacktrackSmack"],"picked":"hexamod:EtherealExpedition","floor":12},{"not_picked":["hexamod:NightmareGuise","hexamod:RecurringNightmare"],"picked":"hexamod:RainOfEmbers","floor":15}],"player_experience":134828,"relics_obtained":[{"floor":2.0,"key":"ReplayTheSpireMod:Lightbulb"},{"floor":5.0,"key":"Replay:Mystery Machine"}],"event_choices":[{"damage_healed":0,"gold_gain":0,"player_choice":"Forge","damage_taken":0,"max_hp_gain":0,"max_hp_loss":0,"event_name":"Accursed Blacksmith","floor":14,"gold_loss":0,"cards_upgraded":["hexamod:BurningTouch"]}],"is_beta":false,"boss_relics":[],"items_purged_floors":[],"is_endless":false,"potions_floor_spawned":[2,5,9,15],"killed_by":"downfall:Defect","ascension_level":0}}