{"host":"hfvpa4llnnjpeawn","time":1607846431,"event":{"mods":["2.2 Compatiblity","Act Like it!","BaseMod","Better Skull","Better Third Choice","BetterRewards","CapriCore","Conspire","Downfall","Elementarium","Hermit","Hubris","Koishi","Lobotomy","Mad Scientist","Minty Spire (QoL Compilation)","Replay The Spire","Shade Mod","Somnambulant","StSLib","The Bladedancer","The Factory","The Jungle","Waifu the Spire"],"gold_per_floor":[362,217,217,230,244,244,279,289,289,32,58,83,83,83,83,83,83],"floor_reached":16,"playtime":764,"items_purged":[],"score":113,"play_id":"139bc788-2192-4fc4-8692-c2afb6d9964e","local_time":"20201213030031","is_ascension_mode":true,"campfire_choices":[{"data":"Dagger Throw","floor":6,"key":"SMITH"},{"floor":15,"key":"REST"}],"circlet_count":0,"master_deck":["Strike_G","Strike_G","Strike_G","Strike_G","Strike_G","Defend_G","Defend_G","Defend_G","Defend_G","Defend_G","Survivor","Neutralize","sneckomod:TailWhip","Defend_R","Dagger Throw+1","Underhanded Strike","Calculated Gamble","hubris:TrickCloak","Accuracy+1","Tactician","Crippling Poison+1"],"relics":["Ring of the Snake","Bronze Scales","Anchor","Question Card","Vajra","conspire:GlowingRock","Odd Mushroom","hubris:OldNail"],"acts_visited":["Exordium"],"potions_floor_usage":[7,7,11,16],"damage_taken":[{"damage":2,"enemies":"2 Louse","floor":1,"turns":3},{"damage":0,"enemies":"Jaw Worm","floor":4,"turns":3},{"damage":0,"enemies":"Cultist","floor":5,"turns":3},{"damage":16,"enemies":"Gremlin Nob","floor":7,"turns":4},{"damage":5,"enemies":"Large Slime","floor":8,"turns":5},{"damage":27,"enemies":"3 Sentries","floor":11,"turns":5},{"damage":8,"enemies":"The Mushroom Lair","floor":12,"turns":4},{"damage":27,"enemies":"Slime Boss","floor":16,"turns":3}],"seed_played":"-8006656255897089219","potions_obtained":[{"floor":1,"key":"BlessingOfTheForge"},{"floor":5,"key":"Guardian:BlockOnCardUsePotion"},{"floor":12,"key":"GamblersBrew"}],"is_trial":false,"path_per_floor":["M","$","?","M","M","R","E","M","T","$","E","?","?","$","R","B"],"character_chosen":"THE_SILENT","items_purchased":["Bronze Scales","Vajra","Accuracy+1","PowerPotion","hubris:OldNail"],"campfire_rested":1,"item_purchase_floors":[2,10,10,10,14],"current_hp_per_floor":[68,68,68,68,68,68,52,47,47,47,20,12,12,2,23,0,0],"gold":83,"neow_bonus":"TWO_FIFTY_GOLD","is_daily":false,"chose_seed":false,"campfire_upgraded":1,"win_rate":0.0,"timestamp":1607846431,"path_taken":["M","$","?","M","M","R","E","M","T","$","E","?","?","?","R","BOSS"],"items_purchased_type":["Relic","Relic","Card","Potion","Relic"],"build_version":"2020-11-30","purchased_purges":0,"victory":false,"max_hp_per_floor":[70,70,70,70,70,70,70,70,70,70,70,70,70,70,70,70,70],"card_choices":[{"not_picked":["ReplayTheSpireMod:Speed Training","Underhanded Strike","ReplayTheSpireMod:Exploit Weakness"],"picked":"SKIP","floor":1},{"not_picked":["ReplayTheSpireMod:Tripwire","Dodge and Roll"],"picked":"Dagger Throw","floor":4},{"not_picked":["Quick Slash","Deflect"],"picked":"Underhanded Strike","floor":5},{"not_picked":["Acrobatics","Cloak And Dagger"],"picked":"Calculated Gamble","floor":7},{"not_picked":["Masterful Stab","Blade Dance"],"picked":"hubris:TrickCloak","floor":8},{"not_picked":["Cloak And Dagger","Prepared","conspire:DoublingDagger"],"picked":"Tactician","floor":11},{"not_picked":["Eviscerate","Prepared","Choke"],"picked":"Crippling Poison","floor":12}],"player_experience":189480,"relics_obtained":[{"floor":7,"key":"Anchor"},{"floor":9,"key":"Question Card"},{"floor":11,"key":"conspire:GlowingRock"},{"floor":12,"key":"Odd Mushroom"}],"event_choices":[{"damage_healed":0,"gold_gain":0,"player_choice":"Leave","damage_taken":0,"max_hp_gain":0,"max_hp_loss":0,"event_name":"conspire:Investor","floor":3,"gold_loss":0},{"damage_healed":0,"gold_gain":0,"player_choice":"Fought Mushrooms","damage_taken":0,"max_hp_gain":0,"max_hp_loss":0,"event_name":"Mushrooms","floor":12,"gold_loss":0},{"damage_healed":0,"gold_gain":0,"player_choice":"Grow","damage_taken":0,"max_hp_gain":0,"max_hp_loss":0,"event_name":"Living Wall","floor":13,"gold_loss":0,"cards_upgraded":["Crippling Poison"]}],"is_beta":false,"boss_relics":[],"items_purged_floors":[],"is_endless":false,"potions_floor_spawned":[1,5,12],"killed_by":"Slime Boss","ascension_level":1}}