{"host":"jt62yzdgnrkmwwqv","time":1607871467,"event":{"mods":["AchievementEnabler","Act Like it!","BaseMod","CapriCore","Colored Map","Colored Powertips","Decade(θέα³Ω₯)","Gensokyo","GungeonMod","Lobotomy","LobotomyExtend","Luminous","Minty Spire (QoL Compilation)","StSLib","The Animator","The Construct","The Immortal","The Wild Card","TheSwordswoman"],"gold_per_floor":[112,131,131,131,131,162,175,175,175],"floor_reached":8,"playtime":278,"items_purged":[],"score":59,"play_id":"7299571f-b4fc-48b6-9e22-2a81f355de13","local_time":"20201213235747","is_ascension_mode":true,"campfire_choices":[],"circlet_count":0,"master_deck":["SpecialBullet","SpecialBullet","SpecialBullet","SpecialBullet","SpecialBullet","SpecialBullet","SpecialBullet","ExtractionCode","ControlCode","InformationCode","Ecstasy+1","LongBird","WristCuter","Beak","Galaxy","MeatLantern","MagicBullet"],"relics":["CogitoBucket","RabbitCall","LetterFromLob","Potion Belt","Strawberry"],"acts_visited":["Exordium"],"potions_floor_usage":[],"damage_taken":[{"damage":6,"enemies":"Cultist","floor":1,"turns":3},{"damage":10,"enemies":"Jaw Worm","floor":2,"turns":3},{"damage":26,"enemies":"Gremlin Nob","floor":6,"turns":4},{"damage":5,"enemies":"Small Slimes","floor":7,"turns":3},{"damage":8,"enemies":"3 Sentries","floor":8,"turns":2}],"seed_played":"7295033197792874230","potions_obtained":[],"is_trial":false,"path_per_floor":["M","M","?","?","?","E","M","E"],"character_chosen":"Angela","items_purchased":[],"campfire_rested":0,"item_purchase_floors":[],"current_hp_per_floor":[64,54,59,54,29,10,5,0,0],"gold":175,"neow_bonus":"THREE_CARDS","is_daily":false,"chose_seed":false,"campfire_upgraded":0,"win_rate":0.0,"timestamp":1607871467,"path_taken":["M","?","?","?","?","E","M","E"],"items_purchased_type":[],"build_version":"2020-11-30","purchased_purges":0,"victory":false,"max_hp_per_floor":[70,70,75,75,75,82,82,82,82],"card_choices":[{"not_picked":["Beak","GrinderMk4"],"picked":"Ecstasy","floor":0},{"not_picked":["LittlePrince","WallGazer"],"picked":"LongBird","floor":1},{"not_picked":["Horn"],"picked":"WristCuter","floor":1},{"not_picked":["Lantern"],"picked":"Beak","floor":1},{"not_picked":["CherryBlossom"],"picked":"Galaxy","floor":2},{"not_picked":["SomewhereSpear","SwordSharpenedByTears"],"picked":"SKIP","floor":2},{"not_picked":["VoidDream","Funeral"],"picked":"MeatLantern","floor":6},{"not_picked":["CrimsonScar","Galaxy"],"picked":"SKIP","floor":6},{"not_picked":["BlackSwan_ego"],"picked":"MagicBullet","floor":7},{"not_picked":["Regret_ego","Penitence"],"picked":"SKIP","floor":7}],"player_experience":224789,"relics_obtained":[{"floor":1,"key":"LetterFromLob"},{"floor":6,"key":"Strawberry"}],"event_choices":[{"damage_healed":0,"gold_gain":0,"player_choice":"Donut","damage_taken":0,"max_hp_gain":5,"max_hp_loss":0,"event_name":"Big Fish","floor":3,"gold_loss":0},{"damage_healed":0,"gold_gain":0,"player_choice":"Success","damage_taken":25,"relics_obtained":["Potion Belt"],"max_hp_gain":0,"max_hp_loss":0,"event_name":"Scrap Ooze","floor":5,"gold_loss":0}],"is_beta":false,"boss_relics":[],"items_purged_floors":[],"is_endless":false,"potions_floor_spawned":[],"killed_by":"3 Sentries","ascension_level":1}}