{"host":"3pyrf848gr42tovh","time":1607875767,"event":{"mods":["Aspiration","BaseMod","Better Altar","Better Match","Better Note","Better Sensory Stone","Better Skull","Better Third Choice","BetterRewards","Colored Map","Conspire","Displayed Cursed Tome","Hubris","Infinite Spire","Marisa????????","Minty Spire (QoL Compilation)","Quick Restart","Relic Sorter","Relic Stats","Remilia??????","Replay The Spire","StSLib","Td1madao Mod","The Administrix","The Animator","The Cursed","The Hierophant","The Jungle","The Necromancer","The Servant 0.9.4","vexMod"],"gold_per_floor":[118,148,148,148,173,220,232,262,297,309,331,362,374,419,431,540,552,583,184,204,204,217,244,256,290,313,343,361,394,394,409,409,523,523,539,559,3,129,129,129,156,156,156,156,175,175,175,0,0,0,0,0,0,75,118,118],"floor_reached":55,"playtime":2005,"items_purged":["Twin Strike+1","Cleave+1"],"score":1180,"play_id":"dafa3f35-dbaf-4c16-b564-dc17cd425977","local_time":"20201213180927","is_ascension_mode":true,"campfire_choices":[{"data":"Bash","floor":7.0,"key":"SMITH"},{"floor":10.0,"key":"RECALL"},{"floor":15.0,"key":"REST"},{"data":"Demon Form","floor":32.0,"key":"SMITH"},{"data":"Flex","floor":40,"key":"SMITH"},{"data":"infinitespire:Execution","floor":44,"key":"SMITH"},{"data":"conspire:GhostlyStrike","floor":46,"key":"SMITH"},{"data":"Pot Of Greed","floor":49,"key":"SMITH"},{"data":"conspire:GhostlyStrike","floor":52,"key":"SMITH"}],"circlet_count":0,"master_deck":["conspire:GhostlyStrike+1","conspire:GhostlyStrike+1","conspire:GhostlyStrike","conspire:GhostlyStrike","conspire:GhostlyDefend","conspire:GhostlyDefend","conspire:GhostlyDefend","conspire:GhostlyDefend","Bash+1","Clash+1","Sword Boomerang+1","Demon Form+1","Flex+1","Sword Boomerang+1","AbeCurse","Flex+1","infinitespire:Execution+1","AscendersBane","Pot Of Greed+1","ReplayTheSpireMod:Muscle Training+1"],"relics":["Burning Blood","Molten Egg 2","Pondfish Scales","Garlic","MawBank","Pantograph","infinitespire:Satchel","hubris:SlimyHat","Regal Pillow","infinitespire:CheckeredPen","Coffee Dripper","Anchor","ReplayTheSpireMod:TigerMarble","Paper Frog","vexMod:ConsolationPrize","hubris:DisguiseKit","Bag of Marbles","ReplayFunnel","vexMod:HeadHunter","Abe\u0027s Treasure","hubris:Potato","hubris:Stopwatch","Medical Kit","Du-Vu Doll","vexMod:CardConverter","Ancient Tea Set","infinitespire:PuzzleCube","hubris:MobiusCoin","Red Mask","Happy Flower"],"acts_visited":["Exordium","TheCity","TheBeyond","TheEnding"],"potions_floor_usage":[50,50,54],"damage_taken":[{"damage":0.0,"enemies":"conspire:RoseBush","floor":1.0,"turns":2.0},{"damage":13.0,"enemies":"conspire:MimicChest","floor":2.0,"turns":4.0},{"damage":1.0,"enemies":"Jaw Worm","floor":5.0,"turns":2.0},{"damage":6.0,"enemies":"Replay:BlueRogue","floor":6.0,"turns":3.0},{"damage":2.0,"enemies":"2 Louse","floor":8.0,"turns":2.0},{"damage":13.0,"enemies":"Large Slime","floor":11.0,"turns":4.0},{"damage":0.0,"enemies":"Gremlin Gang","floor":12.0,"turns":4.0},{"damage":0.0,"enemies":"Lagavulin","floor":14.0,"turns":4.0},{"damage":45.0,"enemies":"The Guardian","floor":16.0,"turns":5.0},{"damage":0.0,"enemies":"Chosen","floor":18.0,"turns":3.0},{"damage":0.0,"enemies":"conspire:FuzzyDice","floor":20.0,"turns":5.0},{"damage":25.0,"enemies":"Sentry and Sphere","floor":22.0,"turns":4.0},{"damage":25.0,"enemies":"conspire:SneckoGhost","floor":23.0,"turns":4.0},{"damage":0.0,"enemies":"Chosen and Byrds","floor":24.0,"turns":2.0},{"damage":4.0,"enemies":"Book of Stabbing","floor":25.0,"turns":3.0},{"damage":0.0,"enemies":"conspire:Head Lice","floor":27.0,"turns":5.0},{"damage":0.0,"enemies":"Cultist and Chosen","floor":28.0,"turns":3.0},{"damage":8.0,"enemies":"Replay:Snechameleon","floor":29.0,"turns":3.0},{"damage":1.0,"enemies":"Snake Plant","floor":31.0,"turns":2.0},{"damage":14.0,"enemies":"Champ","floor":33.0,"turns":5.0},{"damage":0.0,"enemies":"3 Shapes","floor":35.0,"turns":3.0},{"damage":0.0,"enemies":"Orb Walker","floor":36.0,"turns":3.0},{"damage":4.0,"enemies":"infinitespire:Three Voidlings","floor":38.0,"turns":3.0},{"damage":22.0,"enemies":"Nightmare_Alpha","floor":38.0,"turns":8.0},{"damage":11,"enemies":"Maw","floor":41,"turns":4},{"damage":8,"enemies":"Sphere and 2 Shapes","floor":45,"turns":5},{"damage":0,"enemies":"Time Eater","floor":50,"turns":6},{"damage":44,"enemies":"Shield and Spear","floor":54,"turns":5},{"damage":75,"enemies":"The Heart","floor":55,"turns":5}],"seed_played":"-9154143630173099767","potions_obtained":[{"floor":5.0,"key":"ColorlessPotion"},{"floor":6.0,"key":"SteroidPotion"},{"floor":11.0,"key":"Elixir"},{"floor":12.0,"key":"AttackPotion"},{"floor":16.0,"key":"SteroidPotion"},{"floor":20.0,"key":"BlessingOfTheForge"},{"floor":24.0,"key":"Venom Potion"},{"floor":27.0,"key":"Dexterity Potion"},{"floor":29.0,"key":"SneckoOil"},{"floor":31.0,"key":"SkillPotion"},{"floor":35.0,"key":"DistilledChaos"},{"floor":41,"key":"PowerPotion"},{"floor":45,"key":"LifebloodPotion"}],"is_trial":false,"path_per_floor":["M","?","?","?","M","E","R","M","T","R","M","M","?","E","R","B",null,"M","$","M","T","M","E","M","E","T","E","M","E","AVR","M","R","B",null,"M","M","$","?","?","R","M","?","T","R","M","R","?","?","R","B",null,"R","$","E","B"],"character_chosen":"IRONCLAD","items_purchased":["Molten Egg 2","Clash+1","Anchor","ReplayTheSpireMod:TigerMarble","Flex","Medical Kit","Du-Vu Doll"],"campfire_rested":1,"item_purchase_floors":[0,0,19,19,19,37,37],"current_hp_per_floor":[80,73,73,73,78,78,78,80,80,80,73,79,18,24,63,41,80,80,80,80,80,61,42,48,50,50,56,62,60,60,65,65,72,80,80,80,80,29,37,37,32,32,32,32,31,31,35,35,35,66,85,85,85,49,0,0],"gold":118,"neow_bonus":"","is_daily":false,"chose_seed":false,"campfire_upgraded":7,"win_rate":0.0,"timestamp":1607875767,"path_taken":["M","?","?","?","M","E","R","?","T","R","M","M","?","E","R","BOSS","M","$","M","?","M","E","M","E","T","E","?","E","AVR","M","R","BOSS","M","M","$","?","?","R","M","?","T","R","?","R","?","?","R","BOSS","R","$","E","BOSS"],"items_purchased_type":["Relic","Card","Relic","Relic","Card","Relic","Relic"],"build_version":"2020-11-30","purchased_purges":2,"victory":false,"max_hp_per_floor":[80,80,80,80,80,80,80,80,80,80,80,80,80,80,80,80,80,80,80,80,80,80,80,80,80,80,80,80,80,80,80,80,80,80,80,80,80,80,80,80,80,80,80,80,81,81,85,85,85,85,85,85,85,87,87,87],"relic_stats":{"Regal Pillow":15,"Happy Flower":[1],"counters":[87,389],"Pantograph":82,"MawBank":180,"Medical Kit":[5],"obtain_stats":[{"Replay:Accelerometer":11,"Vampiric Spirits":0,"theJungle:Creamberry":25,"Whetstone":53,"Replay:Wanted Poster":17,"Blood Vial":29,"Replay:Ringing Soul":8,"infinitespire:ShieldingShard":9,"hubris:AstralHammer":9,"DollysMirror":0,"Strawberry":6,"MealTicket":42,"infinitespire:Golems Mask":43,"Kunai":24,"Replay:Wax Seal":46,"conspire:Dentures":23,"Pear":43,"Happy Flower":54,"Pen Nib":12,"hubris:Zylophone":21,"Replay:Baseball":6,"Onion Ring":15,"hubris:ToyBattleship":48,"CatCart":47,"vexMod:ImprovementManual":29,"infinitespire:PuzzleCube":40,"vexMod:BigBerry":17,"Painkiller Herb":17,"Mango":0,"Bag of Preparation":9,"hubris:RunicObelisk":34,"Pet Ghost":26,"Replay:Rubber Ducky":21,"Red Mask":48,"Ring of the Snake":0,"BargainBundle":0,"NeowsBlessing":0,"Golden Idol":2,"vexMod:BerryBomb":14,"conspire:RunicOctahedron":34,"Replay:WaspNest":54,"infinitespire:Lucky Rock":3,"infinitespire:CheckeredPen":19,"vexMod:FocusSash":46,"hubris:Towel":13,"vexMod:Dragonfruit":13,"Busted Crown":0,"Garlic":6,"ReplayTheSpireMod:Lightbulb":12,"hubris:OldNail":14},{"Replay:Accelerometer":38,"Vampiric Spirits":59,"theJungle:Creamberry":44,"Whetstone":57,"Replay:Wanted Poster":69,"Blood Vial":74,"Replay:Ringing Soul":36,"infinitespire:ShieldingShard":5,"hubris:AstralHammer":24,"DollysMirror":59,"Strawberry":64,"MealTicket":80,"infinitespire:Golems Mask":80,"Kunai":44,"Replay:Wax Seal":54,"conspire:Dentures":13,"Pear":53,"Happy Flower":86,"Pen Nib":67,"hubris:Zylophone":11,"Replay:Baseball":23,"Onion Ring":68,"hubris:ToyBattleship":83,"CatCart":55,"vexMod:ImprovementManual":74,"infinitespire:PuzzleCube":78,"vexMod:BigBerry":41,"Painkiller Herb":8,"Mango":59,"Bag of Preparation":36,"hubris:RunicObelisk":48,"Pet Ghost":72,"Replay:Rubber Ducky":43,"Red Mask":84,"Ring of the Snake":0,"BargainBundle":59,"NeowsBlessing":32,"Golden Idol":20,"vexMod:BerryBomb":7,"conspire:RunicOctahedron":75,"Replay:WaspNest":58,"infinitespire:Lucky Rock":2,"infinitespire:CheckeredPen":42,"vexMod:FocusSash":82,"hubris:Towel":25,"vexMod:Dragonfruit":39,"Busted Crown":27,"Garlic":4,"ReplayTheSpireMod:Lightbulb":6,"hubris:OldNail":26},{"Replay:Accelerometer":175,"Vampiric Spirits":287,"theJungle:Creamberry":215,"Whetstone":276,"Replay:Wanted Poster":327,"Blood Vial":344,"Replay:Ringing Soul":165,"infinitespire:ShieldingShard":24,"hubris:AstralHammer":120,"DollysMirror":287,"Strawberry":300,"MealTicket":363,"infinitespire:Golems Mask":363,"Kunai":215,"Replay:Wax Seal":259,"conspire:Dentures":80,"Pear":254,"Happy Flower":384,"Pen Nib":316,"hubris:Zylophone":72,"Replay:Baseball":114,"Onion Ring":319,"hubris:ToyBattleship":370,"CatCart":267,"vexMod:ImprovementManual":344,"infinitespire:PuzzleCube":357,"vexMod:BigBerry":193,"Painkiller Herb":50,"Mango":287,"Bag of Preparation":165,"hubris:RunicObelisk":234,"Pet Ghost":333,"Replay:Rubber Ducky":208,"Red Mask":373,"Ring of the Snake":0,"BargainBundle":287,"NeowsBlessing":158,"Golden Idol":100,"vexMod:BerryBomb":40,"conspire:RunicOctahedron":350,"Replay:WaspNest":281,"infinitespire:Lucky Rock":11,"infinitespire:CheckeredPen":200,"vexMod:FocusSash":367,"hubris:Towel":121,"vexMod:Dragonfruit":180,"Busted Crown":134,"Garlic":21,"ReplayTheSpireMod:Lightbulb":30,"hubris:OldNail":126}],"Burning Blood":283},"card_choices":[{"not_picked":["Headbutt+1","Armaments","Warcry"],"picked":"SKIP","floor":1.0},{"not_picked":["ReplayTheSpireMod:Strike From Hell+1","conspire:Charge+1"],"picked":"Cleave+1","floor":2.0},{"not_picked":["Perfected Strike+1","Combust"],"picked":"Twin Strike+1","floor":5.0},{"not_picked":["True Grit","Berserk","Headbutt+1"],"picked":"SKIP","floor":6.0},{"not_picked":["True Grit","Heavy Blade+1","Power Through"],"picked":"SKIP","floor":8.0},{"not_picked":["Searing Blow+1","Battle Trance","Perfected Strike+1"],"picked":"SKIP","floor":11.0},{"not_picked":["Body Slam+1","Searing Blow+1","Sever Soul+1"],"picked":"SKIP","floor":12.0},{"not_picked":["Infernal Blade","Clothesline+1"],"picked":"Sword Boomerang+1","floor":14.0},{"not_picked":["conspire:HitWhereItHurts+1","Limit Break"],"picked":"Demon Form","floor":16.0},{"not_picked":["Headbutt+1","Run Through+1","Shockwave+1"],"picked":"SKIP","floor":18.0},{"not_picked":["Headbutt+1","Intimidate","Rage"],"picked":"SKIP","floor":20.0},{"not_picked":["Clothesline+1","Heavy Blade+1"],"picked":"Sword Boomerang+1","floor":22.0},{"not_picked":["Sever Soul+1","Sword Boomerang+1","Warcry"],"picked":"SKIP","floor":23.0},{"not_picked":["Pummel+1","hubris:ReadiedAction","ReplayTheSpireMod:Strike From Hell+1"],"picked":"SKIP","floor":24.0},{"not_picked":["Replay:Undeath\u0027s Touch+1","True Grit+1","Run Through+1"],"picked":"SKIP","floor":25.0},{"not_picked":["Feed+1","Replay:Undeath\u0027s Touch+1","Pommel Strike+1","Perfect Defend"],"picked":"SKIP","floor":27.0},{"not_picked":["Combust+1","Flame Barrier","Pommel Strike+1","Reflection Mechanism"],"picked":"SKIP","floor":28.0},{"not_picked":["Shrug It Off+1","Uppercut+1","ReplayTheSpireMod:Strike From Hell+1","Light Attack"],"picked":"SKIP","floor":29.0},{"not_picked":["Flex","hubris:ReadiedAction","ReplayTheSpireMod:Stacked","Preloading"],"picked":"SKIP","floor":31.0},{"not_picked":["Clash+1","Fire Breathing+1","Cooling Song"],"picked":"Flex+1","floor":35.0},{"not_picked":["Iron Wave+1","Flex+1","Floating Swing Kick"],"picked":"Clash+1","floor":36.0},{"not_picked":["infinitespire:Oblivion","infinitespire:Punishment"],"picked":"infinitespire:Execution","floor":38},{"not_picked":["ReplayReversal+1","Anger+1","Perfected Strike+1","Here Defend Chip"],"picked":"SKIP","floor":41},{"not_picked":["Battle Trance+1","Flame Barrier","Replay:Undeath\u0027s Touch+1","Fire Up"],"picked":"SKIP","floor":45},{"not_picked":["Eclipse","conspire:Purge","Juggernaut"],"picked":"SKIP","floor":54},{"not_picked":["Replay:Undeath\u0027s Touch+1","ReplayTheSpireMod:Muscle Training+1","Rage+1","Cursed Blade"],"picked":"SKIP","floor":54},{"not_picked":["Replay:Undeath\u0027s Touch+1","Rage+1","Cursed Blade"],"picked":"ReplayTheSpireMod:Muscle Training+1","floor":54},{"not_picked":["Eclipse","conspire:Purge","Juggernaut"],"picked":"SKIP","floor":54}],"player_experience":103866,"relics_obtained":[{"floor":2.0,"key":"Garlic"},{"floor":6.0,"key":"Pantograph"},{"floor":14.0,"key":"infinitespire:CheckeredPen"},{"floor":21.0,"key":"Paper Frog"},{"floor":23.0,"key":"vexMod:ConsolationPrize"},{"floor":25.0,"key":"hubris:DisguiseKit"},{"floor":26.0,"key":"Bag of Marbles"},{"floor":27.0,"key":"ReplayFunnel"},{"floor":29.0,"key":"vexMod:HeadHunter"},{"floor":38,"key":"vexMod:CardConverter"},{"floor":43,"key":"hubris:MobiusCoin"},{"floor":54,"key":"Happy Flower"}],"event_choices":[{"damage_healed":0.0,"max_hp_gain":0.0,"max_hp_loss":0.0,"gold_gain":0.0,"event_name":"conspire:LoneGhost","player_choice":"Agree","floor":3.0,"gold_loss":0.0,"damage_taken":0.0},{"cards_removed":["conspire:GhostlyStrike"],"damage_healed":0.0,"max_hp_gain":0.0,"max_hp_loss":0.0,"gold_gain":0.0,"event_name":"WeMeetAgain","player_choice":"Gave Card","floor":4.0,"gold_loss":0.0,"damage_taken":0.0,"relics_obtained":["MawBank"]},{"damage_healed":0.0,"max_hp_gain":0.0,"max_hp_loss":0.0,"gold_gain":0.0,"event_name":"betterSkull:BetterSkull","player_choice":"RE RE RE ","floor":13.0,"gold_loss":0.0,"damage_taken":67.0,"cards_upgraded":[],"relics_obtained":["infinitespire:Satchel","hubris:SlimyHat","Regal Pillow"]},{"damage_healed":0,"gold_gain":0,"player_choice":"RE RE ","damage_taken":39,"relics_obtained":["Ancient Tea Set","infinitespire:PuzzleCube"],"max_hp_gain":0,"max_hp_loss":0,"event_name":"betterSkull:BetterSkull","floor":38,"gold_loss":0,"cards_upgraded":[]},{"cards_removed":["Clash"],"damage_healed":0,"gold_gain":0,"player_choice":"Purged","damage_taken":0,"max_hp_gain":0,"max_hp_loss":0,"event_name":"Purifier","floor":42,"gold_loss":0},{"damage_healed":0,"gold_gain":3,"player_choice":"3","damage_taken":0,"max_hp_gain":0,"max_hp_loss":0,"event_name":"betterStone:BetterStone","floor":47,"gold_loss":0,"cards_obtained":["Pot Of Greed"]},{"damage_healed":0,"gold_gain":0,"player_choice":"Paid","damage_taken":0,"relics_obtained":["Red Mask"],"max_hp_gain":0,"max_hp_loss":0,"event_name":"Tomb of Lord Red Mask","floor":48,"gold_loss":175}],"is_beta":false,"boss_relics":[{"not_picked":["vexMod:MysteryBossChallenge","aspiration:SilentSkillbook"],"picked":"Coffee Dripper"},{"not_picked":["aspiration:RunicSpoon","aspiration:SecretTechniqueScroll"],"picked":"hubris:Stopwatch"}],"items_purged_floors":[19,37],"is_endless":false,"potions_floor_spawned":[5,6,11,12,16,20,24,27,29,31,35,38,41,45],"killed_by":"The Heart","ascension_level":1}}