{"host":"ow9msrs9p2ctkx99","time":1607895145,"event":{"mods":["AchievementEnabler","BaseMod","Colored Map","Colored Powertips","Minty Spire (QoL Compilation)","Permanent Neow","Quick Restart","SuperFastMode"],"gold_per_floor":[17,17,17,65,85,112,112,112,139,139,139,165,165,13,13,116,116,136,136,136,150,150,150,184,199,199,228,239,338,372,387,387,387,387],"floor_reached":33,"playtime":666,"items_purged":["Strike_B"],"score":479,"play_id":"e3f066b4-5a95-4949-92f6-9e11e1d79658","local_time":"20201213223225","is_ascension_mode":true,"campfire_choices":[{"data":"Dualcast","floor":7,"key":"SMITH"},{"data":"Tempest","floor":13,"key":"SMITH"},{"data":"Cold Snap","floor":15,"key":"SMITH"},{"data":"Biased Cognition","floor":23,"key":"SMITH"},{"floor":32,"key":"REST"}],"circlet_count":0,"master_deck":["AscendersBane","Strike_B","Defend_B","Defend_B","Defend_B","Defend_B+1","Zap+1","Dualcast+1","Chaos+1","Tempest+1","Cold Snap+1","Undo","Core Surge","Biased Cognition+1","Steam Power+1","Lockon","Chill+1","Machine Learning","Melter+1","Redo","BootSequence+1"],"relics":["Cracked Core","Mango","Tiny Chest","Ancient Tea Set","Happy Flower","Bag of Marbles","Anchor","Nuclear Battery","Enchiridion","Oddly Smooth Stone","Gambling Chip","Bottled Lightning","War Paint"],"acts_visited":["Exordium","TheCity"],"potions_floor_usage":[16,27,33],"damage_taken":[{"damage":2,"enemies":"Jaw Worm","floor":1,"turns":3},{"damage":2,"enemies":"2 Louse","floor":5,"turns":2},{"damage":48,"enemies":"3 Sentries","floor":6,"turns":9},{"damage":2,"enemies":"Gremlin Nob","floor":12,"turns":3},{"damage":28,"enemies":"Hexaghost","floor":16,"turns":10},{"damage":9,"enemies":"2 Thieves","floor":18,"turns":3},{"damage":0,"enemies":"Shell Parasite","floor":21,"turns":2},{"damage":6,"enemies":"Book of Stabbing","floor":24,"turns":3},{"damage":0,"enemies":"Snake Plant","floor":25,"turns":2},{"damage":8,"enemies":"Gremlin Leader","floor":27,"turns":5},{"damage":0,"enemies":"Sentry and Sphere","floor":28,"turns":3},{"damage":1,"enemies":"Slavers","floor":30,"turns":5},{"damage":11,"enemies":"Chosen and Byrds","floor":31,"turns":5},{"damage":52,"enemies":"Champ","floor":33,"turns":7}],"seed_played":"-669263046670923199","potions_obtained":[{"floor":1,"key":"SpeedPotion"},{"floor":6,"key":"FearPotion"},{"floor":12,"key":"Block Potion"},{"floor":21,"key":"Energy Potion"},{"floor":24,"key":"Strength Potion"},{"floor":28,"key":"PowerPotion"}],"is_trial":false,"path_per_floor":["M","?","?","T","M","E","R","?","T","?","T","E","R","$","R","B",null,"M","?","?","M","T","R","E","M","T","E","M","?","E","M","R","B"],"character_chosen":"DEFECT","items_purchased":["Core Surge"],"campfire_rested":1,"item_purchase_floors":[14],"current_hp_per_floor":[80,80,73,73,71,23,23,23,23,52,52,50,50,50,50,22,72,63,47,47,47,47,47,41,41,41,33,33,33,32,21,47,0,0],"gold":387,"neow_bonus":"ONE_RARE_RELIC","is_daily":false,"chose_seed":false,"campfire_upgraded":4,"win_rate":0.0,"timestamp":1607895145,"path_taken":["M","?","?","?","?","E","R","?","T","?","?","E","R","$","R","BOSS","M","?","?","?","?","R","E","M","T","E","?","?","E","M","R","BOSS"],"items_purchased_type":["Card"],"build_version":"2020-11-30","purchased_purges":1,"victory":false,"max_hp_per_floor":[89,89,89,89,89,89,89,89,89,89,89,89,89,89,89,89,89,89,89,89,89,89,89,89,89,89,89,89,89,89,89,89,89,89],"card_choices":[{"not_picked":["Force Field","Turbo"],"picked":"Chaos","floor":1},{"not_picked":["Redo","Beam Cell"],"picked":"Tempest","floor":5},{"not_picked":["Steam","White Noise"],"picked":"Cold Snap","floor":6},{"not_picked":["Chill","Blizzard"],"picked":"Undo","floor":12},{"not_picked":["Reboot","Fission"],"picked":"Biased Cognition","floor":16},{"not_picked":["Rebound","Fusion"],"picked":"Steam Power+1","floor":18},{"not_picked":["Ball Lightning","Steam Power"],"picked":"Chill+1","floor":21},{"not_picked":["Gash+1","Rip and Tear"],"picked":"Machine Learning","floor":24},{"not_picked":["Compile Driver","Redo"],"picked":"Melter+1","floor":25},{"not_picked":["Auto Shields","Leap"],"picked":"Redo","floor":27},{"not_picked":["Undo+1","Rebound","Tempest+1"],"picked":"SKIP","floor":28},{"not_picked":["Steam Power","Rebound"],"picked":"BootSequence+1","floor":30},{"not_picked":["Genetic Algorithm","Turbo","Go for the Eyes"],"picked":"SKIP","floor":31}],"player_experience":1043178,"relics_obtained":[{"floor":4,"key":"Tiny Chest"},{"floor":6,"key":"Ancient Tea Set"},{"floor":9,"key":"Happy Flower"},{"floor":11,"key":"Bag of Marbles"},{"floor":12,"key":"Anchor"},{"floor":19,"key":"Enchiridion"},{"floor":24,"key":"Oddly Smooth Stone"},{"floor":26,"key":"Gambling Chip"},{"floor":27,"key":"Bottled Lightning"},{"floor":30,"key":"War Paint"}],"event_choices":[{"damage_healed":0,"gold_gain":0,"player_choice":"Grow","damage_taken":0,"max_hp_gain":0,"max_hp_loss":0,"event_name":"Living Wall","floor":2,"gold_loss":0,"cards_upgraded":["Chaos"]},{"cards_removed":["Strike_B"],"damage_healed":0,"gold_gain":0,"player_choice":"Card Removal","damage_taken":7,"max_hp_gain":0,"max_hp_loss":0,"event_name":"Golden Wing","floor":3,"gold_loss":0},{"damage_healed":0,"gold_gain":0,"player_choice":"Ignored","damage_taken":0,"max_hp_gain":0,"max_hp_loss":0,"event_name":"Shining Light","floor":8,"gold_loss":0},{"damage_healed":29,"gold_gain":0,"player_choice":"Banana","damage_taken":0,"max_hp_gain":0,"max_hp_loss":0,"event_name":"Big Fish","floor":10,"gold_loss":0},{"damage_healed":0,"gold_gain":0,"player_choice":"Obtained Book","damage_taken":16,"max_hp_gain":0,"max_hp_loss":0,"event_name":"Cursed Tome","floor":19,"gold_loss":0},{"damage_healed":0,"gold_gain":0,"cards_transformed":["Strike_B"],"player_choice":"Transformed","damage_taken":0,"max_hp_gain":0,"max_hp_loss":0,"event_name":"Transmorgrifier","floor":20,"gold_loss":0,"cards_obtained":["Lockon"]},{"damage_healed":0,"gold_gain":99,"player_choice":"Stole From Cult","damage_taken":0,"max_hp_gain":0,"max_hp_loss":0,"event_name":"Nest","floor":29,"gold_loss":0}],"is_beta":false,"boss_relics":[{"not_picked":["Ectoplasm","Snecko Eye"],"picked":"Nuclear Battery"}],"items_purged_floors":[14],"is_endless":false,"potions_floor_spawned":[1,6,12,21,24,28,30,31],"killed_by":"Champ","ascension_level":11}}