{"host":"49mdcdj66ex1l9le","time":1607843814,"event":{"mods":["BaseMod","Downfall","Marisa£®ÏF”Í°°ƒß¿Ì…≥£©","Minty Spire (QoL Compilation)","Remilia£®¿Ÿ√◊¿Ú—«£©","Shop Mod","StSLib","The Servant 0.9.4","UnlockEverythingMod"],"gold_per_floor":[117,129,143,161,161,161,177,51,51,68,68,88,107,7,7,108,108,125,125,140,152,170,170,189,189,213,224,18,18,28,28,28,125,125,145,245,257,268,268,268],"floor_reached":39,"playtime":1902,"items_purged":["Strike_R","Strike_R","Thunderclap"],"score":400,"play_id":"30c6383c-4f3d-4646-90cd-ab0b9a74e2f6","local_time":"20201213151654","is_ascension_mode":true,"campfire_choices":[{"data":"Flex","floor":6,"key":"SMITH"},{"data":"Sword Boomerang","floor":11,"key":"SMITH"},{"data":"Bash","floor":15,"key":"SMITH"},{"floor":23,"key":"REST"},{"data":"Whirlwind","floor":32,"key":"SMITH"}],"circlet_count":0,"master_deck":["Strike_R","Strike_R","Strike_R","Defend_R","Defend_R","Defend_R","Defend_R","Bash+1","Flex+1","Inflame","Sword Boomerang+1","Thunderclap+1","Whirlwind+1"],"relics":["Burning Blood","NeowsBlessing","Art of War","Philosopher\u0027s Stone","Potion Belt","Anchor","Velvet Choker"],"acts_visited":["Exordium","TheCity","TheBeyond"],"potions_floor_usage":[16,22,33,38],"damage_taken":[{"damage":0,"enemies":"Jaw Worm","floor":1,"turns":1},{"damage":0,"enemies":"2 Louse","floor":2,"turns":1},{"damage":0,"enemies":"Cultist","floor":3,"turns":1},{"damage":44,"enemies":"Lots of Slimes","floor":4,"turns":8},{"damage":1,"enemies":"3 Louse","floor":7,"turns":4},{"damage":8,"enemies":"Red Slaver","floor":10,"turns":3},{"damage":10,"enemies":"Looter","floor":12,"turns":3},{"damage":32,"enemies":"Gremlin Gang","floor":13,"turns":4},{"damage":6,"enemies":"Slime Boss","floor":16,"turns":7},{"damage":20,"enemies":"Shell Parasite","floor":18,"turns":4},{"damage":6,"enemies":"Spheric Guardian","floor":20,"turns":4},{"damage":29,"enemies":"Centurion and Healer","floor":21,"turns":5},{"damage":33,"enemies":"Shelled Parasite and Fungi","floor":22,"turns":3},{"damage":20,"enemies":"Snake Plant","floor":24,"turns":4},{"damage":20,"enemies":"Chosen and Byrds","floor":27,"turns":5},{"damage":11,"enemies":"Sentry and Sphere","floor":30,"turns":3},{"damage":52,"enemies":"Collector","floor":33,"turns":6},{"damage":47,"enemies":"3 Shapes","floor":35,"turns":3},{"damage":0,"enemies":"Orb Walker","floor":37,"turns":2},{"damage":56,"enemies":"Writhing Mass","floor":38,"turns":4},{"damage":26,"enemies":"Maw","floor":39,"turns":4}],"seed_played":"3537275531802877557","potions_obtained":[{"floor":1,"key":"Swift Potion"},{"floor":3,"key":"Fire Potion"},{"floor":10,"key":"Swift Potion"},{"floor":12,"key":"champ:CounterPotion"},{"floor":18,"key":"BloodPotion"},{"floor":24,"key":"Swift Potion"},{"floor":30,"key":"GamblersBrew"},{"floor":37,"key":"EssenceOfSteel"},{"floor":38,"key":"SpeedPotion"}],"is_trial":false,"path_per_floor":["M","M","M","M","?","R","M","$","T","M","R","M","M","$","R","B",null,"M","?","M","M","M","R","M","?","T","M","$","?","M","$","R","B",null,"M","?","M","M","M"],"character_chosen":"IRONCLAD","items_purchased":["Sword Boomerang","Whirlwind"],"campfire_rested":1,"item_purchase_floors":[8,28],"current_hp_per_floor":[80,80,80,42,68,68,73,73,73,71,71,67,41,41,41,41,80,66,66,66,43,16,40,26,26,26,12,12,80,75,75,75,29,80,39,39,45,11,0,0],"gold":268,"neow_bonus":"THREE_ENEMY_KILL","is_daily":false,"chose_seed":false,"campfire_upgraded":4,"win_rate":0.0,"timestamp":1607843814,"path_taken":["M","M","M","M","?","R","M","$","T","M","R","M","M","$","R","BOSS","M","?","M","?","?","R","M","?","T","?","$","?","M","$","R","BOSS","M","?","M","?","M"],"items_purchased_type":["Card","Card"],"build_version":"2020-11-30","purchased_purges":3,"victory":false,"max_hp_per_floor":[80,80,80,80,80,80,80,80,80,80,80,80,80,80,80,80,80,80,80,80,80,80,80,80,80,80,80,80,80,80,80,80,80,80,80,80,80,80,80,80],"card_choices":[{"not_picked":["Thunderclap","Anger","Dropkick"],"picked":"SKIP","floor":1},{"not_picked":["Armaments","Sentinel"],"picked":"Flex","floor":2},{"not_picked":["Flame Barrier","Pommel Strike"],"picked":"Impervious","floor":3},{"not_picked":["Blood for Blood","Searing Blow","Iron Wave"],"picked":"SKIP","floor":4},{"not_picked":["Fire Breathing","Heavy Blade"],"picked":"Inflame","floor":7},{"not_picked":["Clothesline","Feel No Pain","Pommel Strike"],"picked":"SKIP","floor":10},{"not_picked":["Heavy Blade","Metallicize"],"picked":"Thunderclap","floor":12},{"not_picked":["Evolve","Havoc","Thunderclap"],"picked":"SKIP","floor":13},{"not_picked":["Cleave","Clash+1","Anger"],"picked":"SKIP","floor":18},{"not_picked":["Rage+1","Bludgeon","Wild Strike"],"picked":"SKIP","floor":20},{"not_picked":["Cleave","Spot Weakness","Headbutt"],"picked":"SKIP","floor":21},{"not_picked":["Wild Strike","Sword Boomerang","Cleave"],"picked":"SKIP","floor":22},{"not_picked":["Clothesline","Spot Weakness+1"],"picked":"Thunderclap+1","floor":24},{"not_picked":["Flame Barrier+1","Evolve","Anger"],"picked":"SKIP","floor":27},{"not_picked":["Feed","Wild Strike","Clothesline"],"picked":"SKIP","floor":30},{"not_picked":["Iron Wave+1","Hemokinesis","Seeing Red+1"],"picked":"SKIP","floor":35},{"not_picked":["Sword Boomerang","True Grit+1","Entrench+1"],"picked":"SKIP","floor":37},{"not_picked":["Wild Strike+1","Warcry+1","Havoc"],"picked":"SKIP","floor":38}],"player_experience":15752,"relics_obtained":[{"floor":9,"key":"Art of War"},{"floor":26,"key":"Anchor"}],"event_choices":[{"damage_healed":26,"gold_gain":0,"player_choice":"Banana","damage_taken":0,"max_hp_gain":0,"max_hp_loss":0,"event_name":"Big Fish","floor":5,"gold_loss":0},{"damage_healed":0,"gold_gain":0,"player_choice":"0 cards matched","damage_taken":0,"max_hp_gain":0,"max_hp_loss":0,"event_name":"Match and Keep!","floor":19,"gold_loss":0,"cards_obtained":[]},{"cards_removed":["Impervious"],"damage_healed":0,"gold_gain":0,"player_choice":"Gave Card","damage_taken":0,"relics_obtained":["Potion Belt"],"max_hp_gain":0,"max_hp_loss":0,"event_name":"WeMeetAgain","floor":25,"gold_loss":0},{"damage_healed":68,"gold_gain":0,"player_choice":"Full Heal","damage_taken":0,"max_hp_gain":0,"max_hp_loss":0,"event_name":"Wheel of Change","floor":29,"gold_loss":0},{"damage_healed":0,"gold_gain":100,"player_choice":"Pray","damage_taken":0,"max_hp_gain":0,"max_hp_loss":0,"event_name":"Golden Shrine","floor":36,"gold_loss":0}],"is_beta":false,"boss_relics":[{"not_picked":["Mark of Pain","SacredBark"],"picked":"Philosopher\u0027s Stone"},{"not_picked":["Astrolabe","Black Star"],"picked":"Velvet Choker"}],"items_purged_floors":[8,14,28],"is_endless":false,"potions_floor_spawned":[1,3,10,12,18,24,30,37,38],"killed_by":"Maw","ascension_level":1}}