{"host":"2s5c6uii15wgtvvf","time":1607893465,"event":{"mods":["Bard","BaseMod","Bestiary","CapriCore","Downfall","Friendly Minions","Hermit","HololiveMod","Jorbs\u0027s Wanderer Trilogy","Lobotomy","LobotomyExtend","Marisa????????","Minty Spire (QoL Compilation)","Remilia??????","Robot Space Explorer","Shade Mod","StSLib","Td1madao Mod","The Animator","The Cursed","The Gatherer","The Hayseed","The Hierophant","The Immortal","The Mystic","The Necromancer","The Runesmith","The Senshi","The Servant 0.9.4","TheHeartMod","WarShipGirlsR/????R mod","Yohane!","??????REMEMod"],"gold_per_floor":[117,46,57,71,84,111,111,121,145,145,159,159,159,174,174,271,271,291,301,301,301],"floor_reached":20,"playtime":879,"items_purged":[],"score":178,"play_id":"5a0f8fec-912e-47eb-beb8-c3b6b63ccb6c","local_time":"20201213210425","is_ascension_mode":false,"campfire_choices":[{"data":"Vampiric_Strike","floor":7,"key":"SMITH"},{"data":"Blood_Is_Power","floor":10,"key":"SMITH"},{"floor":12,"key":"REST"},{"floor":15,"key":"REST"}],"circlet_count":0,"master_deck":["Strike_W","Strike_W","Strike_W","Strike_W","Defend_W","Defend_W","Defend_W","Negative_Energy_Arrows","HeroicMonk","Blood_Curse","Blood_Is_Power+1","Negative_Energy_Javelin","BeautyBeast","Life_Tap","Vampiric_Strike+1","Scare","Toxic_Smoke_Screen","CherryBlossoms","Summon_Lich","QueenBee","Blood_Wake","Death_March_Dance","Funeral","Plague_Bolt"],"relics":["Vampire_Amulet","REME_ComplimentaryCards","CogitoBucket","LetterFromLob","Ornamental Fan","ChangeAnything","Ancient Tea Set","Cursed Key","AdjustmentMirror"],"acts_visited":["Exordium","TheCity"],"potions_floor_usage":[5,5,16,16,16,19],"damage_taken":[{"damage":0,"enemies":"Small Slimes","floor":1,"turns":4},{"damage":3,"enemies":"Cultist","floor":3,"turns":3},{"damage":2,"enemies":"2 Louse","floor":4,"turns":2},{"damage":2,"enemies":"Red Slaver","floor":5,"turns":2},{"damage":37,"enemies":"Lagavulin","floor":6,"turns":5},{"damage":42,"enemies":"Blue Slaver","floor":8,"turns":2},{"damage":2,"enemies":"2 Fungi Beasts","floor":11,"turns":2},{"damage":2,"enemies":"Exordium Wildlife","floor":14,"turns":1},{"damage":42,"enemies":"Hexaghost","floor":16,"turns":6},{"damage":18,"enemies":"2 Thieves","floor":18,"turns":3},{"damage":54,"enemies":"Spheric Guardian","floor":19,"turns":5},{"damage":20,"enemies":"3 Cultists","floor":20,"turns":4}],"seed_played":"-6619699607492443088","potions_obtained":[{"floor":3,"key":"ColorlessPotion"},{"floor":4,"key":"Fruit Juice"},{"floor":5,"key":"ColorlessPotion"},{"floor":8,"key":"sneckomod:MuddlingPotion"},{"floor":11,"key":"Dexterity Potion"},{"floor":18,"key":"DuplicationPotion"}],"is_trial":false,"path_per_floor":["M","$","M","M","M","E","R","M","T","R","M","R","?","M","R","B",null,"M","M","M"],"character_chosen":"NECROMANCER","items_purchased":["Blood_Is_Power"],"campfire_rested":2,"item_purchase_floors":[2],"current_hp_per_floor":[75,75,74,75,80,45,45,13,13,13,15,39,39,41,65,28,80,66,14,0,0],"gold":301,"neow_bonus":"","is_daily":false,"chose_seed":false,"campfire_upgraded":2,"win_rate":0.0,"timestamp":1607893465,"path_taken":["M","$","M","M","M","E","R","M","T","R","M","R","?","M","R","BOSS","M","M","M"],"items_purchased_type":["Card"],"build_version":"2020-11-30","purchased_purges":0,"victory":false,"max_hp_per_floor":[75,75,75,75,80,80,80,80,80,80,80,80,80,80,80,80,80,80,80,80,80],"card_choices":[{"not_picked":["MHz","SingingMachine"],"picked":"HeroicMonk","floor":1},{"not_picked":["Bone_Armor","Whirlwind_of_Bones"],"picked":"Blood_Curse","floor":1},{"not_picked":["FairyFestival","MHz"],"picked":"BigBadWolf","floor":3},{"not_picked":["Shackles_Of_Pain","Bone_Spikes"],"picked":"Negative_Energy_Javelin","floor":3},{"not_picked":["Uncharnel","Blood_Whip"],"picked":"Grasp_Heart","floor":4},{"not_picked":["SpiderBud","LittleHelper"],"picked":"BeautyBeast","floor":5},{"not_picked":["Scare","Toxic_Smoke_Screen"],"picked":"Life_Tap","floor":5},{"not_picked":["Negative_Energy_Sphere","Blood_Curse"],"picked":"Vampiric_Strike","floor":6},{"not_picked":["Death_Coil","Strike_from_Beyond"],"picked":"Scare","floor":8},{"not_picked":["Alriune","PunishingBird"],"picked":"CrumblingArmor","floor":8},{"not_picked":["Bone_Armor","Detonate_Bones"],"picked":"Toxic_Smoke_Screen","floor":11},{"not_picked":["Scorched","OSAHOGD"],"picked":"CherryBlossoms","floor":14},{"not_picked":["Negative_Energy_Mist","Negative_Energy_Sphere"],"picked":"Summon_Lich","floor":14},{"not_picked":["Bloodbath","UniverseFragment"],"picked":"QueenBee","floor":16},{"not_picked":["Reap_The_Weak","Skeleton_Dragon"],"picked":"Blood_Wake","floor":16},{"not_picked":["Bone_Shift","Negative_Energy_Javelin+1"],"picked":"Death_March_Dance","floor":18},{"not_picked":["Porccubus","NakedNest"],"picked":"Funeral","floor":19},{"not_picked":["Toxic_Smoke_Screen","Blood_Shield"],"picked":"Plague_Bolt","floor":19}],"player_experience":99755,"relics_obtained":[{"floor":1,"key":"LetterFromLob"},{"floor":6,"key":"Ornamental Fan"},{"floor":9,"key":"Ancient Tea Set"}],"event_choices":[{"cards_removed":["BigBadWolf"],"damage_healed":0,"gold_gain":0,"player_choice":"Purged","damage_taken":0,"max_hp_gain":0,"max_hp_loss":0,"event_name":"Purifier","floor":13,"gold_loss":0}],"is_beta":false,"boss_relics":[{"not_picked":["Snecko Eye","Runesmith:UraniumAnvil"],"picked":"Cursed Key"}],"items_purged_floors":[],"is_endless":false,"potions_floor_spawned":[3,4,5,8,11,18],"killed_by":"3 Cultists","ascension_level":0}}