{"host":"3pyrf848gr42tovh","time":1607878717,"event":{"mods":["Aspiration","BaseMod","Better Altar","Better Match","Better Note","Better Sensory Stone","Better Skull","Better Third Choice","BetterRewards","Colored Map","Conspire","Displayed Cursed Tome","Hubris","Infinite Spire","Marisa????????","Minty Spire (QoL Compilation)","Quick Restart","Relic Sorter","Relic Stats","Remilia??????","Replay The Spire","StSLib","Td1madao Mod","The Administrix","The Animator","The Cursed","The Hierophant","The Jungle","The Necromancer","The Servant 0.9.4","vexMod"],"gold_per_floor":[115,125,152,164,195,207,248,260,272,301,313,357,369,381,393,503,515,544,341,353,353,373,401,401,418,418,431,431,431,431,228,228,328,328,342,342,342,12,32,32,32],"floor_reached":40,"playtime":1110,"items_purged":["Strike_B","Strike_B"],"score":437,"play_id":"4efaf1d0-cafa-4f48-9508-fff3699e5cdc","local_time":"20201213185837","is_ascension_mode":false,"campfire_choices":[{"data":"Capacitor","floor":6,"key":"SMITH"},{"data":"Genetic Algorithm","floor":11,"key":"SMITH"},{"floor":15,"key":"REST"},{"data":"Electrodynamics","floor":32,"key":"SMITH"}],"circlet_count":0,"master_deck":["Strike_B","Defend_B","Defend_B","Defend_B","Defend_B","Zap+1","Dualcast","FTL","Barrage","Capacitor+1","Genetic Algorithm+1","aspiration:Polymerization","Electrodynamics+1","ReplayTheSpireMod:Calculation Training+1","Echo Form"],"relics":["Cracked Core","NeowsBlessing","MawBank","hubris:BallOfYels","Blood Vial","hubris:SlimyHat","hubris:RunicObelisk","Membership Card","Regal Pillow","Pantograph","hubris:DeckOfHolding","hubris:EmptyBottle","Coffee Dripper","aspiration:StickyExplosives_weak","hubris:CrystalStatue","Medical Kit"],"acts_visited":["Exordium","TheCity","TheBeyond"],"potions_floor_usage":[12,16,16,22,33,33,40,40,40,40],"damage_taken":[{"damage":0,"enemies":"Cultist","floor":1,"turns":1},{"damage":0,"enemies":"2 Louse","floor":2,"turns":1},{"damage":0,"enemies":"Small Slimes","floor":5,"turns":1},{"damage":21,"enemies":"Lagavulin","floor":7,"turns":5},{"damage":4,"enemies":"Gremlin Gang","floor":10,"turns":4},{"damage":27,"enemies":"3 Sentries","floor":12,"turns":5},{"damage":44,"enemies":"The Guardian","floor":16,"turns":11},{"damage":11,"enemies":"Shell Parasite","floor":18,"turns":5},{"damage":0,"enemies":"Spheric Guardian","floor":20,"turns":2},{"damage":10,"enemies":"Snecko","floor":22,"turns":4},{"damage":9,"enemies":"Gremlin Leader","floor":23,"turns":5},{"damage":0,"enemies":"3 Cultists","floor":25,"turns":1},{"damage":0,"enemies":"Sentry and Sphere","floor":27,"turns":1},{"damage":36,"enemies":"conspire:MysteriousRune","floor":33,"turns":5},{"damage":24,"enemies":"Orb Walker","floor":35,"turns":4},{"damage":10,"enemies":"3 Darklings","floor":39,"turns":3},{"damage":52,"enemies":"Giant Head","floor":40,"turns":7}],"seed_played":"-2144226855871878065","potions_obtained":[{"floor":5,"key":"Explosive Potion"},{"floor":10,"key":"Weak Potion"},{"floor":12,"key":"DuplicationPotion"},{"floor":20,"key":"Strength Potion"},{"floor":22,"key":"Cursed Concoction"},{"floor":23,"key":"BlessingOfTheForge"},{"floor":33,"key":"Block Potion"}],"is_trial":false,"path_per_floor":["M","M","T","?","M","R","E","?","T","M","R","E","?","$","R","B",null,"M","$","M","?","M","E","?","M","T","M","?","?","T","$","R","B",null,"M","?","?","$","M","E"],"character_chosen":"DEFECT","items_purchased":["Membership Card","FocusPotion","hubris:EmptyBottle","infinitespire:BlackPotion","aspiration:StickyExplosives_weak","hubris:CrystalStatue","Medical Kit"],"campfire_rested":1,"item_purchase_floors":[19,19,31,31,38,38,38],"current_hp_per_floor":[75,75,75,75,75,75,54,51,57,55,55,30,23,23,47,5,81,70,70,72,72,64,57,41,43,43,45,45,45,45,45,45,11,81,57,57,57,57,49,0,0],"gold":32,"neow_bonus":"THREE_ENEMY_KILL","is_daily":false,"chose_seed":false,"campfire_upgraded":3,"win_rate":0.0,"timestamp":1607878717,"path_taken":["M","?","?","?","M","R","E","?","T","M","R","E","?","?","R","BOSS","M","$","M","?","M","E","?","M","T","M","?","?","?","?","R","BOSS","M","?","?","$","M","E"],"items_purchased_type":["Relic","Potion","Relic","Potion","Relic","Relic","Relic"],"build_version":"2020-11-30","purchased_purges":2,"victory":false,"max_hp_per_floor":[75,75,75,75,75,75,75,75,81,81,81,81,81,81,81,81,81,81,81,81,81,81,81,81,81,81,81,81,81,81,81,81,81,81,81,81,81,81,81,81,81],"relic_stats":{"Blood Vial":22,"Regal Pillow":0,"counters":[127,534],"Pantograph":0,"MawBank":192,"Medical Kit":[1],"obtain_stats":[{"Replay:Accelerometer":11,"hubris:BallOfYels":7,"ScarletDevilRocket":2,"hubris:CrystalStatue":38,"Gremlin Horn":28,"Vampiric Spirits":0,"Vajra":7,"theJungle:Creamberry":25,"aspiration:Stabinomicon":19,"Whetstone":53,"Replay:Wanted Poster":17,"Blood Vial":29,"Replay:Ringing Soul":8,"Centennial Puzzle":29,"infinitespire:ShieldingShard":9,"aspiration:EnhancedActuators":3,"hubris:AstralHammer":9,"DollysMirror":0,"Strawberry":6,"MealTicket":42,"infinitespire:Golems Mask":43,"hubris:DeckOfHolding":30,"Kunai":24,"Replay:Wax Seal":46,"conspire:Dentures":23,"Pear":43,"Happy Flower":54,"Pen Nib":12,"vexMod:PaidLearning":0,"War Paint":43,"hubris:Zylophone":21,"Du-Vu Doll":0,"Replay:Baseball":6,"Onion Ring":15,"hubris:ToyBattleship":48,"CatCart":47,"Grinning Jar":0,"vexMod:ImprovementManual":29,"infinitespire:PuzzleCube":40,"vexMod:BigBerry":17,"ReplayFunnel":27,"ReplayTheSpireMod:Ring of Exchange":38,"aspiration:Lifesprig":3,"Regal Pillow":23,"Magic Flower":37,"Painkiller Herb":17,"Mango":0,"Blue Doll":38,"Bag of Preparation":9,"Juzu Bracelet":0,"hubris:SlimyHat":12,"hubris:RunicObelisk":34,"hubris:EmptyBottle":31,"Empty Cage":17,"Pet Ghost":26,"Burning Blood":0,"Replay:Rubber Ducky":21,"aspiration:StickyExplosives_weak":38,"vexMod:RedPlottingStone":42,"Pantograph":26,"hubris:ScarierMask":34,"hubris:FunFungus":0,"Red Mask":48,"Cracked Core":0,"InkBottle":26,"Ring of the Snake":0,"aspiration:ChemicalBlood":48,"BargainBundle":0,"NeowsBlessing":0,"Golden Idol":2,"vexMod:BerryBomb":14,"conspire:RunicOctahedron":34,"Replay:WaspNest":54,"Omamori":0,"infinitespire:Lucky Rock":3,"infinitespire:CheckeredPen":19,"vexMod:FocusSash":46,"Ring of Greed":38,"hubris:Towel":13,"MawBank":3,"Medical Kit":38,"Mercury Hourglass":39,"vexMod:Dragonfruit":13,"Busted Crown":0,"betterThird:SlimedRelic":11,"infinitespire:Satchel":12,"Garlic":6,"Coffee Dripper":34,"Membership Card":19,"ReplayTheSpireMod:Lightbulb":12,"hubris:OldNail":14},{"Replay:Accelerometer":38,"hubris:BallOfYels":114,"ScarletDevilRocket":88,"hubris:CrystalStatue":125,"Gremlin Horn":97,"Vampiric Spirits":59,"Vajra":89,"theJungle:Creamberry":44,"aspiration:Stabinomicon":94,"Whetstone":57,"Replay:Wanted Poster":69,"Blood Vial":74,"Replay:Ringing Soul":36,"Centennial Puzzle":97,"infinitespire:ShieldingShard":5,"aspiration:EnhancedActuators":107,"hubris:AstralHammer":24,"DollysMirror":59,"Strawberry":64,"MealTicket":80,"infinitespire:Golems Mask":80,"hubris:DeckOfHolding":123,"Kunai":44,"Replay:Wax Seal":54,"conspire:Dentures":13,"Pear":53,"Happy Flower":86,"Pen Nib":67,"vexMod:PaidLearning":106,"War Paint":102,"hubris:Zylophone":11,"Du-Vu Doll":87,"Replay:Baseball":23,"Onion Ring":68,"hubris:ToyBattleship":83,"CatCart":55,"Grinning Jar":87,"vexMod:ImprovementManual":74,"infinitespire:PuzzleCube":78,"vexMod:BigBerry":41,"ReplayFunnel":97,"ReplayTheSpireMod:Ring of Exchange":101,"aspiration:Lifesprig":107,"Regal Pillow":121,"Magic Flower":101,"Painkiller Herb":8,"Mango":59,"Blue Doll":101,"Bag of Preparation":36,"Juzu Bracelet":87,"hubris:SlimyHat":116,"hubris:RunicObelisk":48,"hubris:EmptyBottle":123,"Empty Cage":93,"Pet Ghost":72,"Burning Blood":0,"Replay:Rubber Ducky":43,"aspiration:StickyExplosives_weak":125,"vexMod:RedPlottingStone":102,"Pantograph":122,"hubris:ScarierMask":99,"hubris:FunFungus":106,"Red Mask":84,"Cracked Core":0,"InkBottle":96,"Ring of the Snake":0,"aspiration:ChemicalBlood":105,"BargainBundle":59,"NeowsBlessing":32,"Golden Idol":20,"vexMod:BerryBomb":7,"conspire:RunicOctahedron":75,"Replay:WaspNest":58,"Omamori":87,"infinitespire:Lucky Rock":2,"infinitespire:CheckeredPen":42,"vexMod:FocusSash":82,"Ring of Greed":101,"hubris:Towel":25,"MawBank":112,"Medical Kit":125,"Mercury Hourglass":101,"vexMod:Dragonfruit":39,"Busted Crown":27,"betterThird:SlimedRelic":90,"infinitespire:Satchel":91,"Garlic":4,"Coffee Dripper":124,"Membership Card":118,"ReplayTheSpireMod:Lightbulb":6,"hubris:OldNail":26},{"Replay:Accelerometer":175,"hubris:BallOfYels":477,"ScarletDevilRocket":391,"hubris:CrystalStatue":524,"Gremlin Horn":434,"Vampiric Spirits":287,"Vajra":397,"theJungle:Creamberry":215,"aspiration:Stabinomicon":422,"Whetstone":276,"Replay:Wanted Poster":327,"Blood Vial":344,"Replay:Ringing Soul":165,"Centennial Puzzle":434,"infinitespire:ShieldingShard":24,"aspiration:EnhancedActuators":462,"hubris:AstralHammer":120,"DollysMirror":287,"Strawberry":300,"MealTicket":363,"infinitespire:Golems Mask":363,"hubris:DeckOfHolding":515,"Kunai":215,"Replay:Wax Seal":259,"conspire:Dentures":80,"Pear":254,"Happy Flower":384,"Pen Nib":316,"vexMod:PaidLearning":460,"War Paint":454,"hubris:Zylophone":72,"Du-Vu Doll":389,"Replay:Baseball":114,"Onion Ring":319,"hubris:ToyBattleship":370,"CatCart":267,"Grinning Jar":389,"vexMod:ImprovementManual":344,"infinitespire:PuzzleCube":357,"vexMod:BigBerry":193,"ReplayFunnel":434,"ReplayTheSpireMod:Ring of Exchange":451,"aspiration:Lifesprig":462,"Regal Pillow":513,"Magic Flower":451,"Painkiller Herb":50,"Mango":287,"Blue Doll":451,"Bag of Preparation":165,"Juzu Bracelet":389,"hubris:SlimyHat":486,"hubris:RunicObelisk":234,"hubris:EmptyBottle":515,"Empty Cage":418,"Pet Ghost":333,"Burning Blood":0,"Replay:Rubber Ducky":208,"aspiration:StickyExplosives_weak":524,"vexMod:RedPlottingStone":454,"Pantograph":514,"hubris:ScarierMask":445,"hubris:FunFungus":460,"Red Mask":373,"Cracked Core":0,"InkBottle":430,"Ring of the Snake":0,"aspiration:ChemicalBlood":458,"BargainBundle":287,"NeowsBlessing":158,"Golden Idol":100,"vexMod:BerryBomb":40,"conspire:RunicOctahedron":350,"Replay:WaspNest":281,"Omamori":389,"infinitespire:Lucky Rock":11,"infinitespire:CheckeredPen":200,"vexMod:FocusSash":367,"Ring of Greed":451,"hubris:Towel":121,"MawBank":471,"Medical Kit":524,"Mercury Hourglass":451,"vexMod:Dragonfruit":180,"Busted Crown":134,"betterThird:SlimedRelic":401,"infinitespire:Satchel":405,"Garlic":21,"Coffee Dripper":520,"Membership Card":502,"ReplayTheSpireMod:Lightbulb":30,"hubris:OldNail":126}]},"card_choices":[{"not_picked":["Sweeping Beam","Redo"],"picked":"FTL","floor":1},{"not_picked":["Chaos","Stack"],"picked":"Barrage","floor":2},{"not_picked":["BootSequence","Reprogram"],"picked":"Capacitor","floor":5},{"not_picked":["Barrage","Chaos","Self Repair"],"picked":"SKIP","floor":7},{"not_picked":["Fusion","Sweeping Beam"],"picked":"Genetic Algorithm","floor":10},{"not_picked":["Time Bomb","Beam Cell"],"picked":"aspiration:Polymerization","floor":12},{"not_picked":["Seek","ReplayRNGCard"],"picked":"Electrodynamics","floor":16},{"not_picked":["conspire:SharedLibrary","Coolheaded","Consume"],"picked":"SKIP","floor":18},{"not_picked":["Sweeping Beam","Redo","Glacier"],"picked":"SKIP","floor":20},{"not_picked":["ReplayTheSpireMod:Dual Polarity","Skim"],"picked":"ReplayTheSpireMod:Calculation Training","floor":22},{"not_picked":["Cold Snap","Panic Button","Creative AI"],"picked":"SKIP","floor":23},{"not_picked":["Consume","ReplayTheSpireMod:Reroute Power","Sweeping Beam"],"picked":"SKIP","floor":25},{"not_picked":["Compile Driver","Tempest"],"picked":"Ball Lightning","floor":27},{"not_picked":["Compile Driver","Beam Cell+1","Coolheaded+1"],"picked":"SKIP","floor":35},{"not_picked":["Stack+1","ReplaySolidLightProjector","ReplayTheSpireMod:Dual Polarity"],"picked":"SKIP","floor":39}],"player_experience":107350,"relics_obtained":[{"floor":3,"key":"MawBank"},{"floor":7,"key":"hubris:BallOfYels"},{"floor":9,"key":"vexMod:BerryBomb"},{"floor":12,"key":"hubris:SlimyHat"},{"floor":23,"key":"Regal Pillow"},{"floor":26,"key":"Pantograph"},{"floor":30,"key":"hubris:DeckOfHolding"}],"event_choices":[{"damage_healed":0,"gold_gain":0,"player_choice":"Grow","damage_taken":0,"max_hp_gain":0,"max_hp_loss":0,"event_name":"Living Wall","floor":4,"gold_loss":0,"cards_upgraded":["Zap"]},{"damage_healed":0,"gold_gain":0,"player_choice":"Relic ","damage_taken":3,"max_hp_gain":0,"max_hp_loss":0,"event_name":"betterThird:BetterScrap","floor":8,"gold_loss":0,"cards_obtained":["WaveOfTheHand"]},{"cards_removed":["Strike_B"],"damage_healed":0,"gold_gain":0,"player_choice":"Card Removal","damage_taken":7,"max_hp_gain":0,"max_hp_loss":0,"event_name":"Golden Wing","floor":13,"gold_loss":0},{"cards_removed":["FTL"],"damage_healed":0,"gold_gain":0,"player_choice":"Give","damage_taken":0,"max_hp_gain":0,"max_hp_loss":0,"event_name":"betterNote:BetterNote","floor":21,"gold_loss":0,"cards_obtained":["None"]},{"damage_healed":0,"gold_gain":2,"player_choice":"2","damage_taken":0,"max_hp_gain":0,"max_hp_loss":16,"event_name":"betterStone:BetterStone","floor":24,"gold_loss":0},{"cards_removed":["Ball Lightning"],"damage_healed":0,"gold_gain":0,"player_choice":"Removed Attack","damage_taken":0,"max_hp_gain":0,"max_hp_loss":0,"event_name":"Falling","floor":36,"gold_loss":0}],"is_beta":false,"boss_relics":[{"not_picked":["Replay:Drink Me","Runic Pyramid"],"picked":"hubris:RunicObelisk"},{"not_picked":["vexMod:RockOfEvil","aspiration:IroncladSkillbook"],"picked":"Coffee Dripper"}],"items_purged_floors":[19,31],"is_endless":false,"potions_floor_spawned":[5,10,12,20,22,23,33],"killed_by":"Giant Head","ascension_level":0}}