{"host":"nsxzlb359hv0da5z","time":1607821597,"event":{"mods":["BaseMod","Bestiary","Colored Map","Minty Spire (QoL Compilation)","Permanent Neow","Relic Stats","Slay the Relics Exporter","ojb\u0027s Info Mod"],"gold_per_floor":[114,132,149,149,160,188,188,199,199,233,64,90,102,116,116,188,188,206,206,219,219,219,251,251,251,251],"floor_reached":25,"playtime":2306,"items_purged":[],"score":466,"play_id":"9bae3868-ab97-4423-a3cc-23d1af12403c","local_time":"20201212170637","is_ascension_mode":true,"campfire_choices":[{"data":"Bash","floor":7,"key":"SMITH"},{"floor":15,"key":"REST"},{"floor":24,"key":"REST"}],"circlet_count":0,"master_deck":["AscendersBane","Strike_R","Strike_R","Strike_R","Defend_R","Defend_R","Defend_R","Defend_R","Bash+1","Cleave","Headbutt","Inflame","Flex","Rage","Seeing Red","Clothesline","True Grit","Feed","Havoc","Heavy Blade+1","RitualDagger","Shrug It Off"],"relics":["Runic Pyramid","Mercury Hourglass","Kunai","Frozen Egg 2","Lantern","Potion Belt","Cursed Key","HornCleat"],"acts_visited":["Exordium","TheCity"],"potions_floor_usage":[6,14,16,20,23,23],"damage_taken":[{"damage":7,"enemies":"Cultist","floor":1,"turns":5},{"damage":7,"enemies":"Jaw Worm","floor":2,"turns":4},{"damage":3,"enemies":"2 Louse","floor":3,"turns":3},{"damage":6,"enemies":"Lots of Slimes","floor":5,"turns":2},{"damage":8,"enemies":"Gremlin Nob","floor":6,"turns":3},{"damage":2,"enemies":"Exordium Thugs","floor":8,"turns":4},{"damage":19,"enemies":"Lagavulin","floor":10,"turns":5},{"damage":6,"enemies":"Blue Slaver","floor":13,"turns":2},{"damage":6,"enemies":"Exordium Wildlife","floor":14,"turns":2},{"damage":6,"enemies":"The Guardian","floor":16,"turns":11},{"damage":11,"enemies":"Spheric Guardian","floor":18,"turns":5},{"damage":0,"enemies":"Chosen","floor":20,"turns":4},{"damage":47,"enemies":"Book of Stabbing","floor":23,"turns":6},{"damage":32,"enemies":"Shelled Parasite and Fungi","floor":25,"turns":3}],"seed_played":"-6565417240727670522","potions_obtained":[{"floor":1,"key":"BlessingOfTheForge"},{"floor":2,"key":"AttackPotion"},{"floor":8,"key":"ColorlessPotion"},{"floor":16,"key":"DistilledChaos"},{"floor":18,"key":"Ancient Potion"},{"floor":20,"key":"DistilledChaos"}],"is_trial":false,"path_per_floor":["M","M","M","?","M","E","R","M","T","E","$","T","M","M","R","B",null,"M","?","M","T","?","E","R","M"],"character_chosen":"IRONCLAD","items_purchased":["Lantern"],"campfire_rested":2,"item_purchase_floors":[11],"current_hp_per_floor":[61,54,51,51,45,37,37,35,35,16,16,16,10,4,26,20,61,53,53,56,56,50,3,27,0,0],"gold":251,"neow_bonus":"BOSS_RELIC","is_daily":false,"chose_seed":false,"campfire_upgraded":1,"win_rate":0.0,"timestamp":1607821597,"path_taken":["M","M","?","?","M","E","R","?","T","E","$","?","?","M","R","BOSS","M","?","?","?","?","E","R","M"],"items_purchased_type":["Relic"],"build_version":"2020-11-30","purchased_purges":0,"victory":false,"max_hp_per_floor":[75,75,75,75,75,75,75,75,75,75,75,75,75,75,75,75,75,78,78,81,81,81,81,81,84,84],"relic_stats":{"counters":[14,59],"Kunai":[6],"Cursed Key":0,"obtain_stats":[{"Potion Belt":12,"Lantern":11,"HornCleat":23,"Kunai":9,"Frozen Egg 2":10,"Cursed Key":17,"Burning Blood":0,"Runic Pyramid":0,"Mercury Hourglass":6},{"Potion Belt":7,"Lantern":7,"HornCleat":13,"Kunai":6,"Frozen Egg 2":7,"Cursed Key":10,"Burning Blood":0,"Runic Pyramid":0,"Mercury Hourglass":5},{"Potion Belt":26,"Lantern":26,"HornCleat":56,"Kunai":21,"Frozen Egg 2":26,"Cursed Key":41,"Burning Blood":0,"Runic Pyramid":0,"Mercury Hourglass":17}],"Mercury Hourglass":[93]},"card_choices":[{"not_picked":["Fire Breathing","Warcry"],"picked":"Cleave","floor":1},{"not_picked":["Wild Strike","Rampage"],"picked":"Headbutt","floor":2},{"not_picked":["Thunderclap","Body Slam"],"picked":"Inflame","floor":3},{"not_picked":["Body Slam","Sentinel"],"picked":"Flex","floor":5},{"not_picked":["Burning Pact","Dark Embrace"],"picked":"Rage","floor":6},{"not_picked":["Havoc","Clash"],"picked":"Seeing Red","floor":8},{"not_picked":["Evolve+1","Cleave"],"picked":"Clothesline","floor":10},{"not_picked":["Clothesline","Rage","Sentinel"],"picked":"SKIP","floor":13},{"not_picked":["Clothesline","Rage","Sentinel"],"picked":"SKIP","floor":13},{"not_picked":["Twin Strike","Havoc"],"picked":"True Grit","floor":14},{"not_picked":["Immolate","Barricade+1"],"picked":"Feed","floor":16},{"not_picked":["Rupture+1","Intimidate"],"picked":"Havoc","floor":18},{"not_picked":["Flex","Bludgeon"],"picked":"Heavy Blade+1","floor":20},{"not_picked":["Iron Wave","Uppercut"],"picked":"Shrug It Off","floor":23}],"player_experience":1771573,"relics_obtained":[{"floor":6,"key":"Mercury Hourglass"},{"floor":9,"key":"Kunai"},{"floor":10,"key":"Frozen Egg 2"},{"floor":12,"key":"Potion Belt"},{"floor":23,"key":"HornCleat"}],"event_choices":[{"cards_removed":["Strike_R"],"damage_healed":0,"gold_gain":0,"player_choice":"Card Removal","damage_taken":0,"max_hp_gain":0,"max_hp_loss":0,"event_name":"Wheel of Change","floor":4,"gold_loss":0},{"cards_removed":["Strike_R"],"damage_healed":0,"gold_gain":0,"player_choice":"Purged","damage_taken":0,"max_hp_gain":0,"max_hp_loss":0,"event_name":"Purifier","floor":19,"gold_loss":0},{"damage_healed":0,"gold_gain":0,"player_choice":"Joined the Cult","damage_taken":6,"max_hp_gain":0,"max_hp_loss":0,"event_name":"Nest","floor":22,"gold_loss":0,"cards_obtained":["RitualDagger"]}],"is_beta":false,"boss_relics":[{"not_picked":["Black Star","Astrolabe"],"picked":"Cursed Key"}],"items_purged_floors":[],"is_endless":false,"potions_floor_spawned":[1,2,8,10,16,18,20],"killed_by":"Shelled Parasite and Fungi","ascension_level":20}}