{"host":"2se5dq1do2gp0x9k","time":1607819975,"event":{"mods":["AchievementEnabler","BaseMod","Block Reminder","Colored Map","Colored Powertips","Minty Spire (QoL Compilation)","Relic Stats","StSLib","SuperFastMode"],"gold_per_floor":[110,24,24,24,40,74,74,87,140,140,174,174,174,174,174,174,174],"floor_reached":16,"playtime":416,"items_purged":[],"score":232,"play_id":"610d8e79-cbbb-4571-8d55-fd0e3cbe6594","local_time":"20201212163935","is_ascension_mode":true,"campfire_choices":[{"floor":7.0,"key":"REST"},{"data":"Coolheaded","floor":10.0,"key":"SMITH"},{"floor":15.0,"key":"REST"}],"circlet_count":0,"master_deck":["AscendersBane","Strike_B","Strike_B","Strike_B","Strike_B","Defend_B","Defend_B","Defend_B","Defend_B","Zap","Dualcast","Echo Form","Ball Lightning","Lockon","Turbo","Coolheaded+1","Cold Snap"],"relics":["Cracked Core","PreservedInsect","Nunchaku","Bottled Tornado"],"acts_visited":["Exordium"],"potions_floor_usage":[],"damage_taken":[{"damage":6.0,"enemies":"2 Louse","floor":1.0,"turns":2.0},{"damage":14.0,"enemies":"Small Slimes","floor":5.0,"turns":3.0},{"damage":15.0,"enemies":"Lagavulin","floor":6.0,"turns":7.0},{"damage":2.0,"enemies":"Jaw Worm","floor":8.0,"turns":3.0},{"damage":16.0,"enemies":"3 Sentries","floor":11.0,"turns":5.0},{"damage":0.0,"enemies":"Gremlin Nob","floor":13.0,"turns":2.0},{"damage":37,"enemies":"Slime Boss","floor":16,"turns":9}],"seed_played":"2167218224755515309","potions_obtained":[{"floor":1.0,"key":"DistilledChaos"},{"floor":11.0,"key":"SmokeBomb"}],"is_trial":false,"path_per_floor":["M","$","?","$","M","E","R","M","T","R","E","?","E","?","R","B"],"character_chosen":"DEFECT","items_purchased":["Lockon"],"campfire_rested":2,"item_purchase_floors":[2],"current_hp_per_floor":[40,40,40,40,26,11,32,30,30,30,14,14,14,14,35,0,0],"gold":174,"neow_bonus":"THREE_RARE_CARDS","is_daily":false,"chose_seed":false,"campfire_upgraded":1,"win_rate":0.0,"timestamp":1607819975,"path_taken":["M","$","?","$","M","E","R","M","T","R","E","?","E","?","R","BOSS"],"items_purchased_type":["Card"],"build_version":"2020-11-30","purchased_purges":0,"victory":false,"max_hp_per_floor":[71,71,71,71,71,71,71,71,71,71,71,71,71,71,71,71,71],"relic_stats":{"Nunchaku":[2],"counters":[7,31],"PreservedInsect":56,"obtain_stats":[{"Nunchaku":9,"PreservedInsect":6,"Bottled Tornado":11,"Cracked Core":0},{"Nunchaku":4,"PreservedInsect":3,"Bottled Tornado":5,"Cracked Core":0},{"Nunchaku":15,"PreservedInsect":12,"Bottled Tornado":20,"Cracked Core":0}]},"card_choices":[{"not_picked":["Thunder Strike","Buffer"],"picked":"Echo Form","floor":0.0},{"not_picked":["Chill","Turbo"],"picked":"Ball Lightning","floor":1.0},{"not_picked":["Sweeping Beam","Conserve Battery"],"picked":"Turbo","floor":5.0},{"not_picked":["Reprogram","Steam"],"picked":"Coolheaded","floor":6.0},{"not_picked":["Barrage","Coolheaded"],"picked":"Cold Snap","floor":8.0},{"not_picked":["Rebound","Heatsinks","Ball Lightning"],"picked":"SKIP","floor":11.0}],"player_experience":3604917,"relics_obtained":[{"floor":6.0,"key":"PreservedInsect"},{"floor":9.0,"key":"Nunchaku"},{"floor":11.0,"key":"Bottled Tornado"}],"event_choices":[{"damage_healed":0.0,"max_hp_gain":0.0,"max_hp_loss":0.0,"gold_gain":0.0,"event_name":"Shining Light","player_choice":"Ignored","floor":3.0,"gold_loss":0.0,"damage_taken":0.0},{"damage_healed":0.0,"max_hp_gain":0.0,"max_hp_loss":0.0,"gold_gain":0.0,"event_name":"Scrap Ooze","player_choice":"Fled","floor":12.0,"gold_loss":0.0,"damage_taken":0.0},{"damage_healed":0.0,"max_hp_gain":0.0,"max_hp_loss":0.0,"gold_gain":0.0,"event_name":"Liars Game","player_choice":"Ignored","floor":14.0,"gold_loss":0.0,"damage_taken":0.0}],"is_beta":false,"boss_relics":[],"items_purged_floors":[],"is_endless":false,"potions_floor_spawned":[1,11],"killed_by":"Slime Boss","ascension_level":20}}