{"host":"lnc26sm36s9d8cik","time":1607872420,"event":{"mods":["Act Like it!","Bartender","BaseMod","Dio Mod","Downfall","Duelist Mod","Elementarium","Gensokyo","GifTheSpireLib","Hubris","Magitek Elite","Melee Mod","Mimic Mod","Minty Spire (QoL Compilation)","Prisma Mod","Remilia??????","Shade Mod","Spicy Shops","StSLib","The Administrix","The Alterego","The Animator","The Cursed","The Exalted","The Gatherer","The Hierophant","The Necromancer","The Poker Player","The Senshi","The Servant 0.9.4","The Wild Card","TheBandit","WarShipGirlsR/????R mod"],"gold_per_floor":[99,110,125,157,177,177,225,15,15,47,57,57,57,68,82,205,205,205,205,221,221,247,261,285,399,249,283,303,303,314,19,39,135,135,60,76,101,139,139,173,203,43,57,57,73,83,83,83,94,94,94,123,60,60,60],"floor_reached":56,"playtime":9954,"items_purged":["rmod:strick","Writhe"],"score":1356,"play_id":"b869d51c-1466-401e-b804-8f7b434e2d73","local_time":"20201213161340","is_ascension_mode":false,"campfire_choices":[{"data":"rmod:basicallowance","floor":1,"key":"SMITH"},{"data":"rmod:expedition","floor":9,"key":"SMITH"},{"data":"rmod:expeditionaryescort","floor":18,"key":"SMITH"},{"floor":26,"key":"RECALL"},{"data":"rmod:abidefaith","floor":35,"key":"SMITH"},{"data":"rmod:expedition+2","floor":44,"key":"SMITH"},{"floor":54,"key":"REST"}],"circlet_count":0,"master_deck":["rmod:strick","rmod:strick","rmod:defend","rmod:defend","rmod:defend","rmod:defend","rmod:basicallowance+1","rmod:supportaircraftcarrier","rmod:steelsupply","rmod:firesupport","rmod:expedition+3","rmod:chargemoney","rmod:bulid+1","theWildCard:Scathach+1","rmod:fletcherpendant","rmod:firesupport","rmod:expeditionaryescort+1","rmod:aluminumsupply+1","rmod:supportescort+1","rmod:lonelyqueen+1","rmod:wife+1","rmod:luckystar+1","rmod:circuitoustactics+1","rmod:diaomin+1","rmod:supriseattacks+1","rmod:fletcherpendant","rmod:abidefaith+1","CurseOfTheBell","rmod:fletcherpendant","rmod:firesupport+1","rmod:unsinkable+1","rmod:diaomin+1","rmod:circuitoustactics+1","rmod:circuitoustactics+1","rmod:firesupport"],"relics":["rmod:firstchargereward","PreservedInsect","MealTicket","Toxic Egg 2","Bromod:ArcaneConsequence","Philosopher\u0027s Stone","hubris:Icosahedron","Ancient Tea Set","downfall:HeartBlessingGreen","downfall:HeartBlessingBlue","hubris:CrystalStatue","hubris:Zylophone","Frozen Eye","Sling","Calling Bell","Bromod:ArcaneNullifier","hubris:SphereOfDissonance","Peace Pipe","downfall:HeartBlessingRed","Lantern","Bromod:ArcaneGuardian","Bromod:ArcaneAvenger","Bronze Scales","hubris:HerbalPaste","TungstenRod"],"acts_visited":["Exordium","TheCity","TheBeyond","TheEnding"],"potions_floor_usage":[27,50,55],"damage_taken":[{"damage":0,"enemies":"Small Slimes","floor":2,"turns":3},{"damage":0,"enemies":"2 Louse","floor":3,"turns":3},{"damage":17,"enemies":"Lagavulin","floor":4,"turns":9},{"damage":0,"enemies":"Jaw Worm","floor":5,"turns":3},{"damage":0,"enemies":"downfall:FleeingMerchant","floor":8,"turns":4},{"damage":13,"enemies":"3 Sentries","floor":10,"turns":7},{"damage":12,"enemies":"2 Fungi Beasts","floor":11,"turns":4},{"damage":2,"enemies":"Red Slaver","floor":14,"turns":2},{"damage":0,"enemies":"Lots of Slimes","floor":15,"turns":4},{"damage":0,"enemies":"The Guardian","floor":16,"turns":9},{"damage":0,"enemies":"Spheric Guardian","floor":20,"turns":5},{"damage":13,"enemies":"theDuelist:KaibaA2","floor":22,"turns":4},{"damage":0,"enemies":"Sentry and Sphere","floor":23,"turns":3},{"damage":0,"enemies":"Cultist and Chosen","floor":25,"turns":7},{"damage":8,"enemies":"Slavers","floor":27,"turns":5},{"damage":17,"enemies":"Centurion and Healer","floor":28,"turns":5},{"damage":0,"enemies":"Snecko","floor":30,"turns":4},{"damage":0,"enemies":"downfall:FleeingMerchant","floor":31,"turns":4},{"damage":0,"enemies":"Snake Plant","floor":32,"turns":4},{"damage":2,"enemies":"downfall:Ironclad","floor":33,"turns":5},{"damage":5,"enemies":"Orb Walker","floor":36,"turns":3},{"damage":2,"enemies":"3 Darklings","floor":38,"turns":6},{"damage":9,"enemies":"Giant Head","floor":40,"turns":4},{"damage":0,"enemies":"Transient","floor":41,"turns":4},{"damage":17,"enemies":"Transient","floor":43,"turns":5},{"damage":17,"enemies":"4 Shapes","floor":45,"turns":4},{"damage":21,"enemies":"Writhing Mass","floor":46,"turns":4},{"damage":0,"enemies":"Maw","floor":49,"turns":4},{"damage":8,"enemies":"downfall:Defect","floor":50,"turns":6},{"damage":31,"enemies":"downfall:CharBossMerchant","floor":52,"turns":4},{"damage":26,"enemies":"downfall:NeowBoss","floor":55,"turns":14}],"seed_played":"-6041576792693080870","potions_obtained":[{"floor":2,"key":"Strength Potion"},{"floor":5,"key":"sneckomod:MuddlingPotion"},{"floor":10,"key":"DuplicationPotion"},{"floor":11,"key":"Strength Potion"},{"floor":14,"key":"FairyPotion"},{"floor":27,"key":"LiquidMemories"},{"floor":32,"key":"Energy Potion"},{"floor":49,"key":"DistilledChaos"}],"is_trial":false,"path_per_floor":["R","M","M","E","M","?","T","$","R","E","M","?","?","M","M","B",null,"R","?","M","?","E","M","T","M","R","E","M","?","M","$","M","B",null,"R","M","?","M","?","E","MIM","$","M","R","M","M","?","?","M","B",null,"E","$","R","B",null],"character_chosen":"PRAEFECT","items_purchased":["rmod:chargemoney","hubris:Zylophone","Frozen Eye","Sling","Bronze Scales","rmod:firesupport"],"campfire_rested":1,"item_purchase_floors":[8,31,31,31,42,53],"current_hp_per_floor":[82,82,82,65,65,70,70,85,85,72,60,48,48,46,46,46,87,87,87,87,87,74,74,74,74,84,76,59,59,59,74,74,72,97,97,92,92,90,90,81,81,96,79,79,62,41,41,85,85,77,85,54,69,85,60],"gold":60,"neow_bonus":"TEN_PERCENT_HP_BONUS","is_daily":false,"chose_seed":false,"campfire_upgraded":5,"win_rate":0.0,"timestamp":1607872420,"path_taken":["R","M","M","E","M","?","T","$","R","E","M","?","?","M","M","BOSS","R","?","M","?","E","M","T","M","R","E","M","?","M","$","M","BOSS","R","M","?","M","?","E","MIM","$","M","R","M","?","?","?","M","BOSS","E","$","R","BOSS"],"items_purchased_type":["Card","Relic","Relic","Relic","Relic","Card"],"build_version":"2020-11-30","purchased_purges":2,"victory":true,"max_hp_per_floor":[82,82,82,82,82,87,87,87,87,87,87,87,87,87,87,87,87,87,87,87,87,87,87,87,87,97,97,97,97,97,97,97,97,97,97,97,97,97,97,97,97,97,97,97,97,97,97,85,85,85,85,85,85,85,85],"card_choices":[{"not_picked":["rmod:fuelsupply","rmod:circuitoustactics"],"picked":"rmod:supportaircraftcarrier","floor":2},{"not_picked":["rmod:victimresponsibility","rmod:aluminumsupply"],"picked":"rmod:steelsupply","floor":3},{"not_picked":["rmod:mineteam","rmod:capitalist"],"picked":"rmod:firesupport","floor":4},{"not_picked":["rmod:generalist","rmod:aluminumsupply","rmod:gendarmerie"],"picked":"SKIP","floor":5},{"not_picked":["rmod:openingtorpedo","rmod:luckystar"],"picked":"rmod:expedition","floor":8},{"not_picked":["rmod:advancebysurprise+1","rmod:spoils+1","rmod:aggressivemary"],"picked":"SKIP","floor":10},{"not_picked":["rmod:intelligenceanalysis","rmod:gendarmerie+1"],"picked":"rmod:bulid+1","floor":11},{"not_picked":["rmod:intelligenceanalysis","rmod:punchline+1","rmod:guardianhero+1"],"picked":"SKIP","floor":14},{"not_picked":["rmod:fletcherpendant","rmod:slowdown+1"],"picked":"rmod:firesupport","floor":15},{"not_picked":["rmod:abidefaith","rmod:supriseattacks+1"],"picked":"rmod:expeditionaryescort","floor":16},{"not_picked":["rmod:ring+1","rmod:ammunitionsupply+1"],"picked":"rmod:aluminumsupply+1","floor":20},{"not_picked":["rmod:steelsupply+1","rmod:chargemoney"],"picked":"rmod:supportescort+1","floor":22},{"not_picked":["rmod:victimresponsibility+1","rmod:tearstotiara"],"picked":"rmod:lonelyqueen+1","floor":23},{"not_picked":["rmod:rockthrower","rmod:launchingtorpedo"],"picked":"rmod:wife+1","floor":25},{"not_picked":["rmod:capitalist+1","rmod:stealaluminum"],"picked":"rmod:luckystar+1","floor":27},{"not_picked":["rmod:sl+1","rmod:ring+1"],"picked":"rmod:circuitoustactics+1","floor":28},{"not_picked":["rmod:slowdown+1","rmod:unsinkable+1"],"picked":"rmod:diaomin+1","floor":30},{"not_picked":["rmod:launchingtorpedo+1","rmod:ammunitionsupply+1"],"picked":"rmod:supriseattacks+1","floor":31},{"not_picked":["rmod:circuitoustactics+1","rmod:fuelsupply+1"],"picked":"rmod:fletcherpendant","floor":32},{"not_picked":["rmod:timeschanged","rmod:windflower+1"],"picked":"rmod:abidefaith","floor":33},{"not_picked":["rmod:goodsister","rmod:spoils+1"],"picked":"rmod:fletcherpendant","floor":36},{"not_picked":["rmod:advancebysurprise+1","rmod:heivgo+1"],"picked":"rmod:firesupport+1","floor":38},{"not_picked":["rmod:mineteam","rmod:aggressivemary"],"picked":"rmod:unsinkable+1","floor":40},{"not_picked":["rmod:aviationdawn+1","rmod:steelsupply+1"],"picked":"rmod:diaomin+1","floor":41},{"not_picked":["rmod:supportescort+1","rmod:luckystar","rmod:unsinkable+1"],"picked":"SKIP","floor":43},{"not_picked":["rmod:aviationdawn+1","rmod:salvage+1"],"picked":"rmod:circuitoustactics+1","floor":45},{"not_picked":["rmod:diamondstrike","rmod:fuelsupply+1"],"picked":"rmod:circuitoustactics+1","floor":46},{"not_picked":["rmod:wife+1","rmod:selfconfidence","rmod:luckystar"],"picked":"SKIP","floor":49},{"not_picked":["rmod:aviationdawn+1","rmod:windflower+1","rmod:tearstotiara+1"],"picked":"SKIP","floor":52}],"player_experience":255264,"relics_obtained":[{"floor":4,"key":"PreservedInsect"},{"floor":7,"key":"MealTicket"},{"floor":10,"key":"Toxic Egg 2"},{"floor":22,"key":"Ancient Tea Set"},{"floor":27,"key":"hubris:CrystalStatue"},{"floor":34,"key":"Bromod:ArcaneNullifier"},{"floor":34,"key":"hubris:SphereOfDissonance"},{"floor":34,"key":"Peace Pipe"},{"floor":37,"key":"Lantern"},{"floor":40,"key":"Bromod:ArcaneGuardian"},{"floor":41,"key":"Bromod:ArcaneAvenger"},{"floor":52,"key":"hubris:HerbalPaste"},{"floor":52,"key":"TungstenRod"}],"event_choices":[{"damage_healed":0,"gold_gain":0,"player_choice":"Donut","damage_taken":0,"max_hp_gain":5,"max_hp_loss":0,"event_name":"Big Fish","floor":6,"gold_loss":0},{"damage_healed":0,"gold_gain":0,"player_choice":"Success","damage_taken":12,"relics_obtained":["Bromod:ArcaneConsequence"],"max_hp_gain":0,"max_hp_loss":0,"event_name":"Scrap Ooze","floor":12,"gold_loss":0},{"cards_removed":["rmod:strick"],"damage_healed":0,"gold_gain":0,"player_choice":"Offered Basic","damage_taken":0,"max_hp_gain":0,"max_hp_loss":0,"event_name":"Bonfire Elementals","floor":39,"gold_loss":0},{"cards_removed":["rmod:maingunfire"],"damage_healed":0,"gold_gain":0,"player_choice":"Removed Attack","damage_taken":0,"max_hp_gain":0,"max_hp_loss":0,"event_name":"Falling","floor":47,"gold_loss":0}],"is_beta":false,"boss_relics":[{"not_picked":["Tiny House","hubris:BlackHole"],"picked":"Philosopher\u0027s Stone"},{"not_picked":["SacredBark","hubris:RunicObelisk"],"picked":"Calling Bell"}],"items_purged_floors":[8,42],"is_endless":false,"potions_floor_spawned":[2,5,10,11,14,15,20,23,27,32,38,46,49],"ascension_level":0}}