{"host":"2pffx5rqbod9ds0c","time":1607833928,"event":{"mods":["BaseMod","Better Altar","Better Match","Better Note","Better Sensory Stone","Better Skull","Better Third Choice","Custom Start","Hubris","Minty Spire (QoL Compilation)","Quick Restart","Relic Stats","Robot Space Explorer","Spicy Shops","StSLib"],"gold_per_floor":[117,134,154,164,178,210,210,243,270,270,280,292,323,323,323,420,420,430,480,162,174,224,224,224],"floor_reached":23,"playtime":995,"items_purged":["RobotSpaceExplorer:Strike","RobotSpaceExplorer:Strike"],"score":250,"play_id":"23ac592d-ccf7-46f2-95ec-62fa76985427","local_time":"20201212203208","is_ascension_mode":true,"campfire_choices":[{"data":"RobotSpaceExplorer:MiniLasers","floor":7.0,"key":"SMITH"},{"data":"RobotSpaceExplorer:PowerCollector","floor":10.0,"key":"SMITH"},{"floor":15.0,"key":"REST"}],"circlet_count":0,"master_deck":["RobotSpaceExplorer:Strike","RobotSpaceExplorer:Strike","RobotSpaceExplorer:Defend","RobotSpaceExplorer:Defend","RobotSpaceExplorer:Defend","RobotSpaceExplorer:Defend","RobotSpaceExplorer:Scan","RobotSpaceExplorer:MiniLasers+1","RobotSpaceExplorer:TrailblazerForm","RobotSpaceExplorer:PowerCollector","RobotSpaceExplorer:PowerCollector+1","RobotSpaceExplorer:MiniBoosters","RobotSpaceExplorer:TrailblazerForm","RobotSpaceExplorer:PowerCollector","RobotSpaceExplorer:Autoloader+1","RobotSpaceExplorer:Blaster+1"],"relics":["RobotSpaceExplorer:RoboCore","Blue Candle","Vajra","Orichalcum","Juzu Bracelet","SsserpentHead","Fusion Hammer","hubris:Metronome","HandDrill"],"acts_visited":["Exordium","TheCity"],"potions_floor_usage":[],"damage_taken":[{"damage":1.0,"enemies":"Cultist","floor":1.0,"turns":5.0},{"damage":0.0,"enemies":"2 Louse","floor":2.0,"turns":3.0},{"damage":1.0,"enemies":"Small Slimes","floor":3.0,"turns":5.0},{"damage":12.0,"enemies":"Gremlin Gang","floor":4.0,"turns":6.0},{"damage":12.0,"enemies":"3 Louse","floor":5.0,"turns":4.0},{"damage":6.0,"enemies":"Lagavulin","floor":6.0,"turns":10.0},{"damage":27.0,"enemies":"3 Sentries","floor":8.0,"turns":6.0},{"damage":2.0,"enemies":"Blue Slaver","floor":11.0,"turns":5.0},{"damage":3.0,"enemies":"2 Fungi Beasts","floor":12.0,"turns":4.0},{"damage":0.0,"enemies":"Lagavulin","floor":13.0,"turns":5.0},{"damage":12.0,"enemies":"Hexaghost","floor":16.0,"turns":9.0},{"damage":13.0,"enemies":"Spheric Guardian","floor":18.0,"turns":4.0},{"damage":16.0,"enemies":"3 Byrds","floor":21.0,"turns":5.0},{"damage":47,"enemies":"Gremlin Leader","floor":23,"turns":3}],"seed_played":"-5204017744122164477","potions_obtained":[{"floor":3.0,"key":"GamblersBrew"},{"floor":4.0,"key":"Strength Potion"},{"floor":6.0,"key":"BlessingOfTheForge"},{"floor":11.0,"key":"Fruit Juice"},{"floor":13.0,"key":"Explosive Potion"},{"floor":16.0,"key":"AttackPotion"}],"is_trial":false,"path_per_floor":["M","M","M","M","M","E","R","E","T","R","M","M","E","?","R","B",null,"M","T","$","M","?","E"],"character_chosen":"RobotSpaceExplorer","items_purchased":["RobotSpaceExplorer:PowerCollector","HandDrill"],"campfire_rested":1,"item_purchase_floors":[20,20],"current_hp_per_floor":[67,67,66,54,42,36,36,9,9,9,7,4,9,9,30,18,73,60,60,60,44,44,0,0],"gold":224,"neow_bonus":"THREE_RARE_CARDS","is_daily":false,"chose_seed":false,"campfire_upgraded":2,"win_rate":0.0,"timestamp":1607833928,"path_taken":["M","M","M","M","M","E","R","E","T","R","M","M","E","?","R","BOSS","M","?","$","M","?","E"],"items_purchased_type":["Card","Relic"],"build_version":"2020-11-30","purchased_purges":2,"victory":false,"max_hp_per_floor":[68,68,68,68,68,68,68,68,68,68,68,68,73,73,73,73,73,73,73,73,73,73,73,73],"relic_stats":{"SsserpentHead":100,"counters":[14,74],"Blue Candle":[0],"Juzu Bracelet":1,"HandDrill":[0],"Orichalcum":[66],"obtain_stats":[{"SsserpentHead":14,"hubris:Metronome":19,"Blue Candle":6,"Vajra":8,"RobotSpaceExplorer:RoboCore":0,"Fusion Hammer":17,"Juzu Bracelet":13,"HandDrill":20,"Orichalcum":9},{"SsserpentHead":10,"hubris:Metronome":12,"Blue Candle":6,"Vajra":7,"RobotSpaceExplorer:RoboCore":0,"Fusion Hammer":11,"Juzu Bracelet":10,"HandDrill":12,"Orichalcum":7},{"SsserpentHead":53,"hubris:Metronome":66,"Blue Candle":33,"Vajra":39,"RobotSpaceExplorer:RoboCore":0,"Fusion Hammer":62,"Juzu Bracelet":53,"HandDrill":66,"Orichalcum":39}]},"card_choices":[{"not_picked":["RobotSpaceExplorer:ShockMissile","RobotSpaceExplorer:Blaster"],"picked":"RobotSpaceExplorer:TrailblazerForm","floor":0.0},{"not_picked":["RobotSpaceExplorer:SlimeMissile","RobotSpaceExplorer:ScrapMissile","RobotSpaceExplorer:Smokescreen"],"picked":"SKIP","floor":1.0},{"not_picked":["RobotSpaceExplorer:ScrapToss","RobotSpaceExplorer:MiniDrones"],"picked":"RobotSpaceExplorer:PowerCollector","floor":2.0},{"not_picked":["RobotSpaceExplorer:SlimeMissile","RobotSpaceExplorer:DoubleBlock"],"picked":"RobotSpaceExplorer:PowerCollector","floor":3.0},{"not_picked":["RobotSpaceExplorer:Electroshield","RobotSpaceExplorer:Ammunition","RobotSpaceExplorer:ImprovisedAttack"],"picked":"SKIP","floor":4.0},{"not_picked":["RobotSpaceExplorer:SurgingStrike","RobotSpaceExplorer:Ammunition","RobotSpaceExplorer:ShovelStrike"],"picked":"SKIP","floor":5.0},{"not_picked":["RobotSpaceExplorer:ScrapShield","RobotSpaceExplorer:ShovelStrike","RobotSpaceExplorer:StarDust"],"picked":"SKIP","floor":6.0},{"not_picked":["RobotSpaceExplorer:ToxicBomb","RobotSpaceExplorer:Asteroid","RobotSpaceExplorer:Electroshield"],"picked":"SKIP","floor":8.0},{"not_picked":["RobotSpaceExplorer:ShockKick","RobotSpaceExplorer:StarLightning"],"picked":"RobotSpaceExplorer:MiniBoosters","floor":11.0},{"not_picked":["RobotSpaceExplorer:Calculate","RobotSpaceExplorer:FrostMissile","RobotSpaceExplorer:ShockKick"],"picked":"SKIP","floor":12.0},{"not_picked":["RobotSpaceExplorer:ImprovisedAttack","RobotSpaceExplorer:SurgingShield","RobotSpaceExplorer:StunGrenade"],"picked":"SKIP","floor":13.0},{"not_picked":["RobotSpaceExplorer:Arsenal","RobotSpaceExplorer:Accelerator"],"picked":"RobotSpaceExplorer:TrailblazerForm","floor":16.0},{"not_picked":["RobotSpaceExplorer:IronShell","RobotSpaceExplorer:FreezeRay","RobotSpaceExplorer:MetalStrike"],"picked":"SKIP","floor":18.0},{"not_picked":["RobotSpaceExplorer:FranticSearch","RobotSpaceExplorer:ScrapMissile","RobotSpaceExplorer:ToxicBomb+1"],"picked":"SKIP","floor":21.0},{"not_picked":["RobotSpaceExplorer:ChargingLaser+1","RobotSpaceExplorer:BlastShield+1"],"picked":"RobotSpaceExplorer:Autoloader+1","floor":22},{"not_picked":["RobotSpaceExplorer:Asteroid+1","RobotSpaceExplorer:Accelerator+1"],"picked":"RobotSpaceExplorer:Blaster+1","floor":22}],"player_experience":756081,"relics_obtained":[{"floor":6.0,"key":"Blue Candle"},{"floor":8.0,"key":"Vajra"},{"floor":9.0,"key":"Orichalcum"},{"floor":13.0,"key":"Juzu Bracelet"},{"floor":19.0,"key":"hubris:Metronome"}],"event_choices":[{"damage_healed":0.0,"max_hp_gain":0.0,"max_hp_loss":0.0,"gold_gain":0.0,"event_name":"FaceTrader","player_choice":"Trade","floor":14.0,"gold_loss":0.0,"damage_taken":0.0,"relics_obtained":["SsserpentHead"]},{"damage_healed":0,"gold_gain":0,"player_choice":"3","damage_taken":0,"max_hp_gain":0,"max_hp_loss":0,"event_name":"betterMatch:BetterMatch","floor":22,"gold_loss":0,"cards_obtained":["betterMatch:RareCard"]}],"is_beta":false,"boss_relics":[{"not_picked":["Runic Pyramid","SlaversCollar"],"picked":"Fusion Hammer"}],"items_purged_floors":[20,20],"is_endless":false,"potions_floor_spawned":[3,4,6,11,13,16,18],"killed_by":"Gremlin Leader","ascension_level":1}}