{"host":"bos5votkudm6su2k","time":1607841650,"event":{"mods":["Act Like it!","AlwaysNeverKeys","BaseMod","Chinese 32Bit Patch","Colored Map","Colored Powertips","DeckTracker","Marked Mod","Minty Spire (QoL Compilation)","Quick Restart","StSLib","SuperFastMode"],"gold_per_floor":[111,15,90,100,117,117,134,134,161,161,196,196,208,242,242,320,320,332,346,41,56,74,74,27,41,67,67,67,87,87,121,121,121,121],"floor_reached":33,"playtime":1395,"items_purged":[],"score":529,"play_id":"d29618c2-5c3d-4768-bda4-340bec6a179b","local_time":"20201213144050","is_ascension_mode":true,"campfire_choices":[{"data":"Berserk","floor":6,"key":"SMITH"},{"data":"Uppercut","floor":8,"key":"SMITH"},{"data":"Flame Barrier","floor":10,"key":"SMITH"},{"data":"Rampage","floor":15,"key":"SMITH"},{"floor":23,"key":"REST"},{"floor":27,"key":"REST"},{"floor":32,"key":"REST"}],"circlet_count":0,"master_deck":["AscendersBane","Strike_R","Strike_R","Strike_R","Strike_R","Strike_R","Defend_R","Defend_R","Defend_R","Defend_R","Bash","Flame Barrier+1","Rampage+1","Shrug It Off","Iron Wave","Berserk+1","Uppercut+1","Uppercut","Flame Barrier","Battle Trance","Juggernaut","Shrug It Off","Battle Trance","Good Instincts","Rampage+1","Dropkick+1","Shrug It Off","Headbutt+1","Double Tap","Uppercut+1"],"relics":["Burning Blood","NeowsBlessing","Boot","Pen Nib","Bag of Marbles","Molten Egg 2","Philosopher\u0027s Stone","Nunchaku","Anchor","Happy Flower"],"acts_visited":["Exordium","TheCity"],"potions_floor_usage":[14,25,33,33],"damage_taken":[{"damage":0,"enemies":"2 Louse","floor":1,"turns":1},{"damage":0,"enemies":"Jaw Worm","floor":4,"turns":1},{"damage":0,"enemies":"Cultist","floor":5,"turns":1},{"damage":4,"enemies":"Looter","floor":7,"turns":4},{"damage":28,"enemies":"Lagavulin","floor":11,"turns":9},{"damage":18,"enemies":"Large Slime","floor":13,"turns":5},{"damage":0,"enemies":"Gremlin Nob","floor":14,"turns":3},{"damage":10,"enemies":"The Guardian","floor":16,"turns":9},{"damage":5,"enemies":"Chosen","floor":18,"turns":3},{"damage":10,"enemies":"Shell Parasite","floor":19,"turns":5},{"damage":22,"enemies":"Snecko","floor":21,"turns":6},{"damage":26,"enemies":"Cultist and Chosen","floor":22,"turns":7},{"damage":23,"enemies":"Shelled Parasite and Fungi","floor":25,"turns":7},{"damage":9,"enemies":"Snecko","floor":29,"turns":5},{"damage":43,"enemies":"Book of Stabbing","floor":31,"turns":5},{"damage":49,"enemies":"Automaton","floor":33,"turns":6}],"seed_played":"6580428711653638579","potions_obtained":[{"floor":1,"key":"Fire Potion"},{"floor":7,"key":"PowerPotion"},{"floor":13,"key":"SpeedPotion"},{"floor":14,"key":"Swift Potion"},{"floor":25,"key":"SteroidPotion"}],"is_trial":false,"path_per_floor":["M","$","?","M","M","R","M","R","T","R","E","?","M","E","R","B",null,"M","M","$","M","M","R","$","M","T","R","?","M","?","E","R","B"],"character_chosen":"IRONCLAD","items_purchased":["Rampage","Shrug It Off","Battle Trance","Nunchaku","Good Instincts","Shrug It Off"],"campfire_rested":3,"item_purchase_floors":[2,2,20,20,20,24],"current_hp_per_floor":[74,74,63,69,75,75,75,75,75,75,53,53,41,47,47,43,67,68,64,64,48,28,50,50,33,33,55,55,52,52,15,37,0,0],"gold":121,"neow_bonus":"THREE_ENEMY_KILL","is_daily":false,"chose_seed":false,"campfire_upgraded":4,"win_rate":0.0,"timestamp":1607841650,"path_taken":["M","$","?","M","M","R","M","R","T","R","E","?","M","E","R","BOSS","M","M","$","M","M","R","$","?","T","R","?","M","?","E","R","BOSS"],"items_purchased_type":["Card","Card","Card","Relic","Card","Card"],"build_version":"2020-11-30","purchased_purges":0,"victory":false,"max_hp_per_floor":[75,75,75,75,75,75,75,75,75,75,75,75,75,75,75,75,75,75,75,75,75,75,75,75,75,75,75,75,75,75,75,75,75,75],"card_choices":[{"not_picked":["Burning Pact","Warcry"],"picked":"Flame Barrier","floor":1},{"not_picked":["Anger","Metallicize"],"picked":"Iron Wave","floor":4},{"not_picked":["Uppercut","Clash"],"picked":"Berserk","floor":5},{"not_picked":["Warcry","Reckless Charge"],"picked":"Uppercut","floor":7},{"not_picked":["Twin Strike","Rupture"],"picked":"Uppercut","floor":11},{"not_picked":["Inflame","Pommel Strike"],"picked":"Flame Barrier","floor":13},{"not_picked":["Clothesline+1","Hemokinesis+1"],"picked":"Battle Trance","floor":14},{"not_picked":["Offering","Fiend Fire+1"],"picked":"Juggernaut","floor":16},{"not_picked":["Heavy Blade+1","Thunderclap+1"],"picked":"Shrug It Off","floor":18},{"not_picked":["Dark Embrace","Sever Soul+1","Clothesline+1"],"picked":"SKIP","floor":19},{"not_picked":["Headbutt+1","Flex"],"picked":"Rampage+1","floor":21},{"not_picked":["Seeing Red","Cleave+1"],"picked":"Dropkick+1","floor":22},{"not_picked":["Combust","Blood for Blood+1"],"picked":"Headbutt+1","floor":25},{"not_picked":["Whirlwind+1","Cleave+1"],"picked":"Uppercut+1","floor":29},{"not_picked":["Body Slam+1","Thunderclap+1","Clothesline+1"],"picked":"SKIP","floor":31}],"player_experience":434300,"relics_obtained":[{"floor":9,"key":"Boot"},{"floor":11,"key":"Pen Nib"},{"floor":14,"key":"Molten Egg 2"},{"floor":26,"key":"Anchor"},{"floor":31,"key":"Happy Flower"}],"event_choices":[{"damage_healed":0,"gold_gain":75,"player_choice":"Gather Gold","damage_taken":11,"max_hp_gain":0,"max_hp_loss":0,"event_name":"World of Goop","floor":3,"gold_loss":0},{"damage_healed":0,"gold_gain":0,"player_choice":"Gave Potion","damage_taken":0,"relics_obtained":["Bag of Marbles"],"max_hp_gain":0,"max_hp_loss":0,"event_name":"WeMeetAgain","floor":12,"gold_loss":0},{"damage_healed":0,"gold_gain":0,"player_choice":"Read","damage_taken":0,"max_hp_gain":0,"max_hp_loss":0,"event_name":"The Library","floor":28,"gold_loss":0,"cards_obtained":["Double Tap"]},{"damage_healed":0,"gold_gain":0,"player_choice":"Ignored","damage_taken":0,"max_hp_gain":0,"max_hp_loss":0,"event_name":"Ghosts","floor":30,"gold_loss":0}],"is_beta":false,"boss_relics":[{"not_picked":["Snecko Eye","Velvet Choker"],"picked":"Philosopher\u0027s Stone"}],"items_purged_floors":[],"is_endless":false,"potions_floor_spawned":[1,7,13,14,19,25,31],"killed_by":"Automaton","ascension_level":15}}