{"host":"faxec7zdkweurczj","time":1607856572,"event":{"mods":["Ascension Reborn","BaseMod","Colored Powertips","Conspire","Highlight Path","Minty Spire (QoL Compilation)","Replay The Spire","Shop Mod","StSLib","TestMod","[IsaacMod]以撒尖塔","vexMod","篝火指南"],"gold_per_floor":[19,19,39,62,76,76,108,108,108,218,243,243,290,343,343,478,478,495,522,522,545,545,579,422,497,527,572,487,534,549,583,583,713,713,729,754,754,754,484,524,168,168,168,205,265,295,346,366,316,331,331,67,7,44,147],"floor_reached":56,"playtime":3158,"items_purged":["Strike_R+1","Defend_R+1","Defend_R+1","Defend_R+1","Defend_R+1"],"score":400,"play_id":"360dd61a-bc59-4d80-b004-4cc10ff6e10d","local_time":"20201213184932","is_ascension_mode":true,"campfire_choices":[{"data":"Shrug It Off","floor":6,"key":"SMITH"},{"floor":8,"key":"RECALL"},{"data":"Thunderclap","floor":12,"key":"SMITH"},{"data":"Pommel Strike","floor":15,"key":"SMITH"},{"data":"Pommel Strike","floor":32,"key":"SMITH"}],"circlet_count":0,"master_deck":["Bash+1","Shrug It Off+1","Cleave+1","Thunderclap+1","Fire Breathing+1","Pommel Strike+1","Cleave+1","Demon Form+1","Pommel Strike+1","Spot Weakness+1","Shrug It Off+1","Shrug It Off+1","Shrug It Off+1","Metallicize"],"relics":["Burning Blood","testmod-TestBox","HushsDoor","testmod-BatchProcessingSystem","TheBible","Mirror","testmod-Acrobat","testmod-FatalChain","ReplayTheSpireMod:Lightbulb","Smiling Mask","Lizard Tail","Busted Crown","DeathBook","vexMod:ScavengeHelm","White Beast Statue","Replay:WaspNest","Vajra","Pen Nib","BelialBook","King of Hearts","testmod-Brilliant","SatanicBible","Happy Flower","Counterbalance","Ooze Armor","Damocles","vexMod:MemoryStick","Shuriken","Replay:Bottled Snecko","ReplayFunnel","Juzu Bracelet","Replay:Mystery Machine","TheBean","Bag of Marbles","Replay:Wax Seal","ClockworkSouvenir","Diplopia","conspire:DecoderRing","Replay:Baseball","vexMod:Dragonfruit","AnarchistCookbook","vexMod:BarristanHead","Replay:Accelerometer","Omamori","Strawberry","Blue Doll","Gremlin Food","Sundial","MerchantsRug","vexMod:PaidLearning","ReplayTheSpireMod:Shallot","Eternal Feather","BookOfRevelations"],"acts_visited":["Exordium","TheCity","TheBeyond","TheEnding"],"potions_floor_usage":[23,55,55,55,55,55,55],"damage_taken":[{"damage":7,"enemies":"conspire:RoseBush","floor":1,"turns":2},{"damage":0,"enemies":"Jaw Worm","floor":3,"turns":2},{"damage":0,"enemies":"Small Slimes","floor":4,"turns":2},{"damage":4,"enemies":"conspire:2 RoseBushes","floor":5,"turns":3},{"damage":0,"enemies":"3 Sentries","floor":7,"turns":8},{"damage":0,"enemies":"Blue Slaver","floor":11,"turns":2},{"damage":0,"enemies":"Gremlin Nob","floor":13,"turns":2},{"damage":0,"enemies":"conspire:MimicChest","floor":14,"turns":3},{"damage":0,"enemies":"Slime Boss","floor":16,"turns":2},{"damage":0,"enemies":"Shell Parasite","floor":18,"turns":3},{"damage":0,"enemies":"Spheric Guardian","floor":19,"turns":3},{"damage":0,"enemies":"Snecko","floor":21,"turns":2},{"damage":2,"enemies":"conspire:Head Lice","floor":23,"turns":2},{"damage":8,"enemies":"Hiden Room Battle","floor":25,"turns":2},{"damage":0,"enemies":"Gremlin Leader","floor":27,"turns":2},{"damage":0,"enemies":"conspire:SneckoGhost","floor":29,"turns":2},{"damage":0,"enemies":"Snake Plant","floor":30,"turns":2},{"damage":0,"enemies":"conspire:HollyBat","floor":31,"turns":2},{"damage":0,"enemies":"Automaton","floor":33,"turns":2},{"damage":0,"enemies":"3 Darklings","floor":35,"turns":1},{"damage":0,"enemies":"Orb Walker","floor":36,"turns":1},{"damage":0,"enemies":"R_Hoarder","floor":40,"turns":2},{"damage":0,"enemies":"Nemesis","floor":44,"turns":1},{"damage":0,"enemies":"Hiden Room Battle","floor":45,"turns":1},{"damage":0,"enemies":"Giant Head","floor":47,"turns":1},{"damage":3,"enemies":"Sphere and 2 Shapes","floor":48,"turns":1},{"damage":0,"enemies":"Replay:Hell Engine","floor":50,"turns":1},{"damage":0,"enemies":"Shield and Spear","floor":54,"turns":2},{"damage":0,"enemies":"Delirium","floor":55,"turns":5}],"seed_played":"3009932424529633658","potions_obtained":[{"floor":4,"key":"Block Potion"},{"floor":4,"key":"Dexterity Potion"},{"floor":14,"key":"Dexterity Potion"},{"floor":14,"key":"Toxic Potion"},{"floor":23,"key":"testmod-SpacePotion"},{"floor":29,"key":"SteroidPotion"},{"floor":31,"key":"Ancient Potion"},{"floor":47,"key":"EssenceOfSteel"},{"floor":48,"key":"EssenceOfSteel"}],"is_trial":false,"path_per_floor":["M","?","M","M","M","R","E","R","T","?","M","R","E","?","R","B",null,"M","M","?","M","T","E","$","?","T","E","?","E","M","M","R","B",null,"M","M","T","?","$","E","$","R","T","E","?","T","E","M","R","B",null,"R","$","E","B",null],"character_chosen":"IRONCLAD","items_purchased":["Demon Form","Vajra","Damocles","Guide Book","Juzu Bracelet","Bag of Marbles","Replay:Wax Seal","ClockworkSouvenir","Dexterity Potion","MerchantsRug","Shrug It Off","vexMod:PaidLearning","Metallicize","ReplayTheSpireMod:Shallot","HeartOfIron"],"campfire_rested":0,"item_purchase_floors":[17,24,34,39,39,41,41,41,41,52,52,52,52,52,53],"current_hp_per_floor":[85,85,85,85,85,85,85,85,85,64,72,72,80,85,85,90,86,86,86,86,86,86,86,86,86,86,86,86,86,86,86,86,91,81,81,81,81,81,81,81,81,81,81,86,79,89,93,93,93,98,98,98,98,98,103],"gold":147,"neow_bonus":"REMOVE_TWO","is_daily":false,"chose_seed":false,"campfire_upgraded":4,"win_rate":0.0,"timestamp":1607856572,"path_taken":["M","?","M","M","M","R","E","R","T","?","M","R","E","?","R","BOSS","M","M","?","M","?","E","$","?","T","E","?","E","M","M","R","BOSS","M","?","?","?","$","E","?","R","T","E","?","?","E","M","R","BOSS","R","$","E","BOSS"],"items_purchased_type":["Card","Relic","Relic","Relic","Relic","Relic","Relic","Relic","Potion","Relic","Card","Relic","Card","Relic","Potion"],"build_version":"2020-11-30","purchased_purges":5,"victory":true,"max_hp_per_floor":[85,85,85,85,85,85,85,85,85,85,85,85,85,85,85,90,86,86,86,86,86,86,86,86,86,86,86,86,86,86,86,86,91,81,81,81,81,81,81,81,81,81,81,86,86,93,93,93,93,98,98,98,98,98,103],"card_choices":[{"not_picked":["Warcry+1","Replay:Undeath\u0027s Touch"],"picked":"Shrug It Off","floor":1},{"not_picked":["Flex","Power Through","Brutality"],"picked":"SKIP","floor":3},{"not_picked":["Clash","Headbutt","Run Through"],"picked":"SKIP","floor":4},{"not_picked":["Warcry","Perfected Strike+1"],"picked":"Bomb","floor":5},{"not_picked":["True Grit+1","Replay:Many Hands","Pummel+1"],"picked":"SKIP","floor":7},{"not_picked":["Pummel+1","Replay:Undeath\u0027s Touch","Defy Death"],"picked":"SKIP","floor":7},{"not_picked":["Body Slam+1","Disarm"],"picked":"Cleave+1","floor":10},{"not_picked":["Clothesline","Wild Strike+1"],"picked":"Thunderclap","floor":11},{"not_picked":["Bloodletting","Reckless Charge+1"],"picked":"Fire Breathing+1","floor":13},{"not_picked":["Warcry+1","Thunderclap"],"picked":"Pommel Strike","floor":13},{"not_picked":["conspire:HitWhereItHurts","Dark Embrace"],"picked":"Cleave","floor":14},{"not_picked":["Thunderclap"],"picked":"SKIP","floor":18},{"not_picked":["Warcry"],"picked":"SKIP","floor":19},{"not_picked":["Shockwave"],"picked":"SKIP","floor":21},{"not_picked":[],"picked":"Pommel Strike","floor":23},{"not_picked":["Abandon+1"],"picked":"SKIP","floor":27},{"not_picked":[],"picked":"Spot Weakness+1","floor":29},{"not_picked":["ReplayTheSpireMod:LeadingStrike"],"picked":"SKIP","floor":30},{"not_picked":["Headbutt"],"picked":"SKIP","floor":31},{"not_picked":[],"picked":"Shrug It Off+1","floor":35},{"not_picked":["Wild Strike"],"picked":"SKIP","floor":36},{"not_picked":["Havoc+1","Anger+1"],"picked":"SKIP","floor":40},{"not_picked":["Havoc+1"],"picked":"Shrug It Off+1","floor":44},{"not_picked":["Fire Breathing+1","Anger+1"],"picked":"SKIP","floor":47},{"not_picked":["True Grit","Second Wind"],"picked":"SKIP","floor":48},{"not_picked":["Perfected Strike+1"],"picked":"SKIP","floor":54}],"player_experience":1218037,"relics_obtained":[{"floor":1,"key":"Mirror"},{"floor":7,"key":"Tiny Chest"},{"floor":9,"key":"testmod-Acrobat"},{"floor":10,"key":"Red Skull"},{"floor":11,"key":"testmod-FatalChain"},{"floor":13,"key":"ReplayTheSpireMod:Lightbulb"},{"floor":14,"key":"Smiling Mask"},{"floor":16,"key":"Lizard Tail"},{"floor":21,"key":"DeathBook"},{"floor":22,"key":"vexMod:ScavengeHelm"},{"floor":22,"key":"White Beast Statue"},{"floor":23,"key":"Replay:WaspNest"},{"floor":25,"key":"SharpPlug"},{"floor":25,"key":"Pen Nib"},{"floor":26,"key":"BelialBook"},{"floor":26,"key":"King of Hearts"},{"floor":27,"key":"testmod-Brilliant"},{"floor":29,"key":"Happy Flower"},{"floor":33,"key":"Counterbalance"},{"floor":35,"key":"vexMod:MemoryStick"},{"floor":36,"key":"Shuriken"},{"floor":36,"key":"Replay:Bottled Snecko"},{"floor":37,"key":"Question Card"},{"floor":37,"key":"ReplayFunnel"},{"floor":40,"key":"Replay:Mystery Machine"},{"floor":40,"key":"TheBean"},{"floor":43,"key":"Diplopia"},{"floor":43,"key":"conspire:DecoderRing"},{"floor":44,"key":"Replay:Baseball"},{"floor":44,"key":"vexMod:Dragonfruit"},{"floor":45,"key":"AnarchistCookbook"},{"floor":45,"key":"vexMod:BarristanHead"},{"floor":45,"key":"Replay:Accelerometer"},{"floor":46,"key":"Omamori"},{"floor":46,"key":"Strawberry"},{"floor":47,"key":"Blue Doll"},{"floor":47,"key":"Potion Belt"},{"floor":48,"key":"Gremlin Food"},{"floor":48,"key":"Sundial"},{"floor":54,"key":"Eternal Feather"},{"floor":54,"key":"BookOfRevelations"}],"event_choices":[{"cards_removed":["Strike_R"],"damage_healed":0,"gold_gain":0,"player_choice":"Offered Basic","damage_taken":0,"max_hp_gain":0,"max_hp_loss":0,"event_name":"Bonfire Elementals","floor":2,"gold_loss":0},{"cards_removed":["Strike_R"],"damage_healed":0,"gold_gain":0,"player_choice":"Elegance","damage_taken":0,"max_hp_gain":0,"max_hp_loss":0,"event_name":"Back to Basics","floor":20,"gold_loss":0},{"damage_healed":0,"gold_gain":0,"player_choice":"Fight","damage_taken":0,"max_hp_gain":0,"max_hp_loss":0,"event_name":"HidenRoomEvent","floor":25,"gold_loss":0},{"damage_healed":0,"gold_gain":0,"player_choice":"Obtained Relic","damage_taken":0,"relics_obtained":["SatanicBible"],"max_hp_gain":0,"max_hp_loss":0,"event_name":"Addict","floor":28,"gold_loss":85},{"damage_healed":0,"gold_gain":0,"player_choice":"Ignored","damage_taken":0,"max_hp_gain":0,"max_hp_loss":0,"event_name":"给自己的盒子","floor":38,"gold_loss":0},{"damage_healed":0,"gold_gain":0,"player_choice":"Fight","damage_taken":0,"max_hp_gain":0,"max_hp_loss":0,"event_name":"HidenRoomEvent","floor":45,"gold_loss":0}],"is_beta":false,"boss_relics":[{"not_picked":["testmod-Recursion","Snecko Eye"],"picked":"Busted Crown"},{"not_picked":[]},{"not_picked":["Painkiller Herb","Black Blood"],"picked":"Ooze Armor"},{"not_picked":[]}],"items_purged_floors":[24,39,41,49,52],"is_endless":false,"potions_floor_spawned":[4,14,21,23,27,30,31,33,35],"ascension_level":-20}}