{"host":"fhujvjnj99vjue08","time":1607879821,"event":{"mods":["2.2 Compatiblity","AchievementEnabler","Aspiration","Astrologer","BaseMod","Beaked The Cultist","BetterRewards","CatGirl Mod","Colored Map","Colored Powertips","Conjunction","Conspire","Custom Start","Friendly Minions","GifTheSpireLib","Googly Eyes","Halation","Highlight Path","Hubris","Hyrulean Relics","Infinite Spire","Magitek Elite","Mimic Mod","Minty Spire (QoL Compilation)","Replay The Spire","Reworked Bosses","Shop Mod","StSLib","Strawberry Spire","Stuff the Spire","The Bug Knight","The Factory","The Gatherer","The Jungle","The Servant 0.9.4","TheBandit","TheFirefly","egg","thorton","vexMod"],"gold_per_floor":[114,114,125,136,156,188,188,200,225,258,158,30,30,30,30],"floor_reached":14,"playtime":657,"items_purged":["Strike_G"],"score":115,"play_id":"cd9e89c0-c1e8-4014-9007-b87faa7511f6","local_time":"20201213171701","is_ascension_mode":true,"campfire_choices":[{"data":"strawberrySpire:HotShot","floor":7,"key":"SMITH"}],"circlet_count":0,"master_deck":["Strike_G","Strike_G","Strike_G","Defend_G","Defend_G","Defend_G","Defend_G","Defend_G","Survivor","Neutralize","Dagger Throw","Blade Dance","strawberrySpire:SideSwipe","Blade Dance","strawberrySpire:HotShot+1","Calculated Gamble","Infinite Blades","Burst","conspire:SpireCoStock","conspire:SpireCoStock"],"relics":["Ring of the Snake","Smiling Mask","HollowMod:PaleOreRelic","Durian","halation:KoshaPiece"],"acts_visited":["Exordium"],"potions_floor_usage":[6,10,14],"damage_taken":[{"damage":0,"enemies":"Small Slimes","floor":1,"turns":3},{"damage":0,"enemies":"Cultist","floor":3,"turns":4},{"damage":0,"enemies":"Jaw Worm","floor":4,"turns":3},{"damage":0,"enemies":"2 Fungi Beasts","floor":5,"turns":2},{"damage":30,"enemies":"3 Sentries","floor":6,"turns":9},{"damage":14,"enemies":"Large Slime","floor":8,"turns":6},{"damage":22,"enemies":"Lagavulin","floor":10,"turns":6},{"damage":5,"enemies":"3 Sentries","floor":14,"turns":2}],"seed_played":"-6626202613508536147","potions_obtained":[{"floor":1,"key":"Energy Potion"},{"floor":5,"key":"BlessingOfTheForge"},{"floor":8,"key":"Doom Potion"}],"is_trial":false,"path_per_floor":["M","?","M","M","M","E","R","M","T","E","?","$","?","E"],"character_chosen":"THE_SILENT","items_purchased":["CunningPotion"],"campfire_rested":0,"item_purchase_floors":[12],"current_hp_per_floor":[70,70,70,70,70,40,40,26,26,9,9,9,2,0,0],"gold":30,"neow_bonus":"THREE_CARDS","is_daily":false,"chose_seed":false,"campfire_upgraded":1,"win_rate":0.0,"timestamp":1607879821,"path_taken":["M","?","?","M","M","E","R","M","T","E","?","?","?","E"],"items_purchased_type":["Potion"],"build_version":"2020-11-30","purchased_purges":1,"victory":false,"max_hp_per_floor":[70,70,70,70,70,70,70,70,70,75,75,75,75,75,75],"card_choices":[{"not_picked":["strawberrySpire:SpinKick","Bane"],"picked":"Dagger Throw","floor":0},{"not_picked":["PiercingWail","Deflect"],"picked":"Blade Dance","floor":1},{"not_picked":["Hidden Blade","Dodge and Roll","hubris:SlightOfHand"],"picked":"SKIP","floor":3},{"not_picked":["strawberrySpire:SpinKick","Deadly Poison"],"picked":"Blade Dance","floor":4},{"not_picked":["Backflip","Poisoned Stab"],"picked":"strawberrySpire:HotShot","floor":5},{"not_picked":["Underhanded Strike","Dagger Spray"],"picked":"Calculated Gamble","floor":6},{"not_picked":["hubris:SlightOfHand","Deflect"],"picked":"Infinite Blades","floor":8},{"not_picked":["strawberrySpire:SpinKick","Poisoned Stab"],"picked":"Burst","floor":10}],"player_experience":297081,"relics_obtained":[{"floor":6,"key":"Smiling Mask"},{"floor":9,"key":"HollowMod:PaleOreRelic"},{"floor":10,"key":"Durian"}],"event_choices":[{"damage_healed":0,"gold_gain":0,"cards_transformed":["Strike_G"],"player_choice":"Transformed","damage_taken":0,"max_hp_gain":0,"max_hp_loss":0,"event_name":"Transmorgrifier","floor":2,"gold_loss":0,"cards_obtained":["strawberrySpire:SideSwipe"]},{"damage_healed":0,"gold_gain":0,"player_choice":"Invest 2","damage_taken":0,"max_hp_gain":0,"max_hp_loss":0,"event_name":"conspire:Investor","floor":11,"gold_loss":0},{"damage_healed":0,"gold_gain":0,"player_choice":"Success","damage_taken":7,"relics_obtained":["halation:KoshaPiece"],"max_hp_gain":0,"max_hp_loss":0,"event_name":"Scrap Ooze","floor":13,"gold_loss":0}],"is_beta":false,"boss_relics":[],"items_purged_floors":[12],"is_endless":false,"potions_floor_spawned":[1,5,8],"killed_by":"3 Sentries","ascension_level":3}}