{"host":"f5n4tidiz2n5sooh","time":1607860854,"event":{"mods":["BaseMod","Colored Map","Minty Spire (QoL Compilation)","Relic Stats","StSLib"],"gold_per_floor":[109,119,137,147,36,49,80,80,105,105,136,136,211,211,211,282,282,302,317,317,329,341,341,366,366,447,447,447],"floor_reached":27,"playtime":891,"items_purged":[],"score":486,"play_id":"0ae3a05f-802d-4004-9059-f030dcdaee3c","local_time":"20201213060054","is_ascension_mode":true,"campfire_choices":[{"data":"Inflame","floor":8.0,"key":"SMITH"},{"data":"Bash","floor":10.0,"key":"SMITH"},{"data":"Pommel Strike","floor":15.0,"key":"SMITH"},{"data":"Limit Break","floor":23,"key":"SMITH"},{"data":"Reaper","floor":25,"key":"SMITH"}],"circlet_count":0,"master_deck":["AscendersBane","Strike_R","Strike_R","Strike_R+1","Strike_R","Strike_R","Defend_R","Defend_R","Defend_R+1","Defend_R","Bash+1","Cleave","Flame Barrier+1","Power Through","True Grit","Inflame+1","Anger+1","Pommel Strike+1","Reaper+1","Immolate","Pommel Strike","Battle Trance","Hemokinesis+1","Pain","Shrug It Off","Burning Pact","Limit Break+1","Dark Embrace+1"],"relics":["Burning Blood","Prayer Wheel","War Paint","Whetstone","Coffee Dripper","WarpedTongs","MealTicket","Letter Opener"],"acts_visited":["Exordium","TheCity"],"potions_floor_usage":[19,22,24,24],"damage_taken":[{"damage":7.0,"enemies":"Cultist","floor":1.0,"turns":4.0},{"damage":7.0,"enemies":"Small Slimes","floor":2.0,"turns":4.0},{"damage":1.0,"enemies":"2 Louse","floor":3.0,"turns":2.0},{"damage":16.0,"enemies":"Lots of Slimes","floor":4.0,"turns":5.0},{"damage":4.0,"enemies":"Looter","floor":6.0,"turns":3.0},{"damage":21.0,"enemies":"Gremlin Nob","floor":7.0,"turns":4.0},{"damage":5.0,"enemies":"3 Sentries","floor":11.0,"turns":7.0},{"damage":18,"enemies":"Slime Boss","floor":16,"turns":9},{"damage":0,"enemies":"Chosen","floor":18,"turns":4},{"damage":21,"enemies":"Shell Parasite","floor":19,"turns":5},{"damage":59,"enemies":"Shelled Parasite and Fungi","floor":21,"turns":5},{"damage":2,"enemies":"Snake Plant","floor":22,"turns":3},{"damage":67,"enemies":"Slavers","floor":24,"turns":7},{"damage":26,"enemies":"Gremlin Leader","floor":27,"turns":3}],"seed_played":"9214826646761766756","potions_obtained":[{"floor":2.0,"key":"FearPotion"},{"floor":3.0,"key":"Swift Potion"},{"floor":6.0,"key":"SkillPotion"},{"floor":11.0,"key":"ElixirPotion"},{"floor":16,"key":"BloodPotion"},{"floor":19,"key":"Regen Potion"},{"floor":22,"key":"Strength Potion"},{"floor":24,"key":"Ancient Potion"}],"is_trial":false,"path_per_floor":["M","M","M","M","$","M","E","R","T","R","E","?","?","?","R","B",null,"M","M","?","M","M","R","E","R","T","E"],"character_chosen":"IRONCLAD","items_purchased":["Inflame","Anger"],"campfire_rested":0,"item_purchase_floors":[5,5],"current_hp_per_floor":[49,48,53,43,43,45,30,30,30,30,45,50,39,39,39,42,71,77,78,78,32,45,45,11,11,11,0,0],"gold":447,"neow_bonus":"ONE_RARE_RELIC","is_daily":false,"chose_seed":false,"campfire_upgraded":5,"win_rate":0.0,"timestamp":1607860854,"path_taken":["M","M","M","M","$","?","E","R","T","R","E","?","?","?","R","BOSS","M","M","?","M","?","R","E","R","T","E"],"items_purchased_type":["Card","Card"],"build_version":"2020-11-30","purchased_purges":0,"victory":false,"max_hp_per_floor":[75,75,75,75,75,75,75,75,75,75,75,80,80,80,80,80,80,80,80,80,80,80,80,80,80,80,80,80],"relic_stats":{"counters":[14,65],"Prayer Wheel":9,"MealTicket":0,"Whetstone":["Anger","Strike_R"],"Letter Opener":[0],"War Paint":["Defend_R","Flame Barrier"],"obtain_stats":[{"Prayer Wheel":0,"MealTicket":24,"Coffee Dripper":17,"Whetstone":11,"Letter Opener":26,"War Paint":9,"Burning Blood":0,"WarpedTongs":20},{"Prayer Wheel":0,"MealTicket":13,"Coffee Dripper":8,"Whetstone":7,"Letter Opener":13,"War Paint":6,"Burning Blood":0,"WarpedTongs":10},{"Prayer Wheel":0,"MealTicket":62,"Coffee Dripper":38,"Whetstone":29,"Letter Opener":62,"War Paint":22,"Burning Blood":0,"WarpedTongs":47}],"Burning Blood":78,"WarpedTongs":[17]},"card_choices":[{"not_picked":["Burning Pact","Infernal Blade"],"picked":"Cleave","floor":1.0},{"not_picked":["Infernal Blade","Anger"],"picked":"Flame Barrier","floor":1.0},{"not_picked":["Evolve","Entrench"],"picked":"Power Through","floor":2.0},{"not_picked":["Sentinel","Armaments","Twin Strike"],"picked":"SKIP","floor":2.0},{"not_picked":["Armaments","Entrench","Warcry"],"picked":"SKIP","floor":3.0},{"not_picked":["Cleave","Havoc","Body Slam"],"picked":"SKIP","floor":3.0},{"not_picked":["Havoc","Perfected Strike"],"picked":"True Grit","floor":4.0},{"not_picked":["Clash","Flex","Entrench"],"picked":"SKIP","floor":4.0},{"not_picked":["Cleave","Iron Wave"],"picked":"Pommel Strike","floor":6.0},{"not_picked":["Ghostly Armor","Metallicize","Clash"],"picked":"SKIP","floor":6.0},{"not_picked":["Sword Boomerang","Entrench"],"picked":"Reaper","floor":7.0},{"not_picked":["Thunderclap","Flex","Clothesline"],"picked":"SKIP","floor":11.0},{"not_picked":["Bludgeon","Berserk"],"picked":"Immolate","floor":16},{"not_picked":["Anger+1","Flex"],"picked":"Pommel Strike","floor":18},{"not_picked":["Anger","Clash","Wild Strike"],"picked":"SKIP","floor":18},{"not_picked":["Burning Pact","Wild Strike"],"picked":"Battle Trance","floor":19},{"not_picked":["Blood for Blood","Body Slam"],"picked":"Hemokinesis+1","floor":19},{"not_picked":["Twin Strike","Dropkick"],"picked":"Shrug It Off","floor":21},{"not_picked":["Hemokinesis","Heavy Blade"],"picked":"Burning Pact","floor":21},{"not_picked":["Uppercut","Shrug It Off"],"picked":"Limit Break","floor":22},{"not_picked":["Bloodletting","Reckless Charge","Intimidate"],"picked":"SKIP","floor":22},{"not_picked":["Cleave","Warcry"],"picked":"Dark Embrace+1","floor":24}],"player_experience":1877034,"relics_obtained":[{"floor":9.0,"key":"War Paint"},{"floor":11.0,"key":"Whetstone"},{"floor":24,"key":"MealTicket"},{"floor":26,"key":"Letter Opener"}],"event_choices":[{"damage_healed":0.0,"max_hp_gain":5.0,"max_hp_loss":0.0,"gold_gain":0.0,"event_name":"Big Fish","player_choice":"Donut","floor":12.0,"gold_loss":0.0,"damage_taken":0.0},{"damage_healed":0.0,"max_hp_gain":0.0,"max_hp_loss":0.0,"gold_gain":75.0,"event_name":"World of Goop","player_choice":"Gather Gold","floor":13.0,"gold_loss":0.0,"damage_taken":11.0},{"damage_healed":0.0,"max_hp_gain":0.0,"max_hp_loss":0.0,"gold_gain":0.0,"event_name":"Liars Game","player_choice":"Ignored","floor":14.0,"gold_loss":0.0,"damage_taken":0.0},{"damage_healed":0,"gold_gain":0,"player_choice":"Rummage","damage_taken":0,"relics_obtained":["WarpedTongs"],"max_hp_gain":0,"max_hp_loss":0,"event_name":"Accursed Blacksmith","floor":20,"gold_loss":0,"cards_obtained":["Pain"]}],"is_beta":false,"boss_relics":[{"not_picked":["Busted Crown","Fusion Hammer"],"picked":"Coffee Dripper"}],"items_purged_floors":[],"is_endless":false,"potions_floor_spawned":[2,3,6,11,16,19,22,24],"killed_by":"Gremlin Leader","ascension_level":20}}