{"host":"y76x98twjnyyxs83","time":1607894564,"event":{"mods":["BaseMod","Colored Powertips","Minty Spire (QoL Compilation)","Permanent Neow","Quick Restart","Rare Cards Sparkle","Relic Stats","StSLib"],"gold_per_floor":[118,132,142,142,142,142,142,142],"floor_reached":7,"playtime":190,"items_purged":[],"score":82,"play_id":"3e1d9e1f-5a33-4f27-9877-d518e64b4b65","local_time":"20201214052244","is_ascension_mode":true,"campfire_choices":[{"data":"TalkToTheHand","floor":6,"key":"SMITH"}],"circlet_count":0,"master_deck":["AscendersBane","Strike_P","Strike_P","Strike_P","Strike_P","Defend_P","Defend_P","Defend_P","Eruption","Vigilance","WheelKick","TalkToTheHand+1","Vengeance"],"relics":["SacredBark","Kunai"],"acts_visited":["Exordium"],"potions_floor_usage":[7],"damage_taken":[{"damage":10,"enemies":"Jaw Worm","floor":1,"turns":6},{"damage":0,"enemies":"2 Louse","floor":2,"turns":2},{"damage":4,"enemies":"Cultist","floor":3,"turns":4},{"damage":37,"enemies":"3 Sentries","floor":7,"turns":4}],"seed_played":"4553273167112684818","potions_obtained":[{"floor":1,"key":"Swift Potion"}],"is_trial":false,"path_per_floor":["M","M","M","?","?","R","E"],"character_chosen":"WATCHER","items_purchased":[],"campfire_rested":0,"item_purchase_floors":[],"current_hp_per_floor":[51,51,47,36,36,36,0,0],"gold":142,"neow_bonus":"BOSS_RELIC","is_daily":false,"chose_seed":false,"campfire_upgraded":1,"win_rate":0.0,"timestamp":1607894564,"path_taken":["M","M","M","?","?","R","E"],"items_purchased_type":[],"build_version":"2020-11-30","purchased_purges":0,"victory":false,"max_hp_per_floor":[68,68,68,68,68,68,68,68],"relic_stats":{"counters":[4,16],"Kunai":[0],"obtain_stats":[{"SacredBark":0,"Kunai":4,"PureWater":0},{"SacredBark":0,"Kunai":3,"PureWater":0},{"SacredBark":0,"Kunai":12,"PureWater":0}]},"card_choices":[{"not_picked":["ReachHeaven","ThirdEye","JustLucky"],"picked":"SKIP","floor":1},{"not_picked":["ClearTheMind","Sanctity"],"picked":"WheelKick","floor":2},{"not_picked":["Consecrate","LikeWater"],"picked":"TalkToTheHand","floor":3}],"player_experience":1084459,"relics_obtained":[],"event_choices":[{"damage_healed":0,"gold_gain":0,"player_choice":"Success","damage_taken":11,"relics_obtained":["Kunai"],"max_hp_gain":0,"max_hp_loss":0,"event_name":"Scrap Ooze","floor":4,"gold_loss":0},{"damage_healed":0,"gold_gain":0,"cards_transformed":["Defend_P"],"player_choice":"Transformed","damage_taken":0,"max_hp_gain":0,"max_hp_loss":0,"event_name":"Transmorgrifier","floor":5,"gold_loss":0,"cards_obtained":["Vengeance"]}],"is_beta":false,"boss_relics":[],"items_purged_floors":[],"is_endless":false,"potions_floor_spawned":[1],"killed_by":"3 Sentries","ascension_level":20}}