{"host":"74dd5wft8qrvuqwb","time":1607890504,"event":{"mods":["2.2 Compatiblity","Act Like it!","Ascension Reborn","Aspiration","BaseMod","Better Altar","Better Skull","Better Third Choice","Block Reminder","CapriCore","Colored Powertips","DeckTracker","Elementarium","Gensokyo","Hallownest","Hermit","Hubris","Infinite Spire","Marisa????????","Minty Spire (QoL Compilation)","Quick Restart","READ ME - Guardian Mod","Rare Cards Sparkle","Relic Stats","StSLib","The Bug Knight","The Cursed","The Disciple","The Elementalist","The Exalted","The Immortal","The Mystic","The Necromancer","The Runesmith","The Servant 0.9.4"],"gold_per_floor":[114,125,137,137,152,178,189,189,234,249,262,46,86,111,111,218,218,243,269,287,311,311,311,311],"floor_reached":22,"playtime":1245,"items_purged":[],"score":202,"play_id":"674ed3f7-928d-4f5a-b8d2-b76b8e8faae0","local_time":"20201213211504","is_ascension_mode":true,"campfire_choices":[{"floor":8,"key":"REST"},{"floor":15,"key":"REST"}],"circlet_count":0,"master_deck":["MokouMod:Strike","MokouMod:Strike","MokouMod:Strike","MokouMod:Strike","MokouMod:Defend","MokouMod:Defend","MokouMod:Defend","MokouMod:Defend","MokouMod:HeatSpark","MokouMod:SearingShot","MokouMod:ScorchingColumn","MokouMod:ResoluteFlare","MokouMod:SearingShot","MokouMod:IndiscriminateIgnition","MokouMod:TemporalFireSeal","MokouMod:Afterburner","MokouMod:Extinguish","MokouMod:RetainTemperature","MokouMod:RisingSunBarrier","MokouMod:RadiantBlade","MokouMod:BurningDraft","MokouMod:PhoenixForm","MokouMod:Scorch","MokouMod:Meltdown+1","infinitespire:Collect","infinitespire:FutureSight","MokouMod:RoaringFlare"],"relics":["MokouMod:PhoenixFeather","infinitespire:PuzzleCube","infinitespire:WardingShard","aspiration:TomeofQuesting","CeramicFish","hubris:FunFungus","Sozu","Bromod:ArcaneGrace","Mango"],"acts_visited":["Exordium","TheCity"],"potions_floor_usage":[6,16],"damage_taken":[{"damage":13,"enemies":"infinitespire:Voidling","floor":1,"turns":5},{"damage":5,"enemies":"2 Louse","floor":2,"turns":2},{"damage":5,"enemies":"Cultist","floor":3,"turns":4},{"damage":0,"enemies":"Exordium Wildlife","floor":5,"turns":2},{"damage":26,"enemies":"3 Sentries","floor":6,"turns":4},{"damage":6,"enemies":"Blue Slaver","floor":7,"turns":3},{"damage":8,"enemies":"Looter","floor":10,"turns":3},{"damage":0,"enemies":"3 Louse","floor":11,"turns":2},{"damage":20,"enemies":"HollowMod:MossKnight","floor":13,"turns":9},{"damage":16,"enemies":"Lots of Slimes","floor":14,"turns":3},{"damage":16304027,"enemies":"Slime Boss","floor":16,"turns":7},{"damage":0,"enemies":"Spheric Guardian","floor":18,"turns":1},{"damage":34,"enemies":"2 Thieves","floor":19,"turns":4},{"damage":8152037,"enemies":"Snake Plant","floor":21,"turns":6},{"damage":8152031,"enemies":"Centurion and Healer","floor":22,"turns":4}],"seed_played":"-1864750462371301446","potions_obtained":[{"floor":2,"key":"LiquidBronze"},{"floor":3,"key":"FairyPotion"},{"floor":6,"key":"EssenceOfSteel"}],"is_trial":false,"path_per_floor":["M","M","M","?","M","E","M","R","T","M","M","$","E","M","R","B",null,"M","M","AVR","M","M"],"character_chosen":"MKU","items_purchased":["CeramicFish","MokouMod:RisingSunBarrier"],"campfire_rested":2,"item_purchase_floors":[12,12],"current_hp_per_floor":[75,70,65,65,65,39,33,55,55,47,47,47,27,12,34,18,75,75,44,58,27,0,0,0],"gold":311,"neow_bonus":"RANDOM_COMMON_RELIC","is_daily":false,"chose_seed":false,"campfire_upgraded":0,"win_rate":0.0,"timestamp":1607890504,"path_taken":["M","?","M","?","M","E","M","R","T","M","M","?","E","M","R","BOSS","M","M","AVR","M","M"],"items_purchased_type":["Relic","Card"],"build_version":"2020-11-30","purchased_purges":0,"victory":false,"max_hp_per_floor":[75,75,75,75,75,75,75,75,75,75,75,75,75,75,75,75,75,75,75,89,89,89,89,89],"relic_stats":{"Sozu":2,"counters":[15,59],"CeramicFish":81,"obtain_stats":[{"Sozu":17,"Bromod:ArcaneGrace":20,"infinitespire:WardingShard":6,"CeramicFish":12,"MokouMod:PhoenixFeather":0,"aspiration:TomeofQuesting":9,"Mango":20,"hubris:FunFungus":13,"infinitespire:PuzzleCube":0},{"Sozu":11,"Bromod:ArcaneGrace":13,"infinitespire:WardingShard":5,"CeramicFish":8,"MokouMod:PhoenixFeather":0,"aspiration:TomeofQuesting":6,"Mango":13,"hubris:FunFungus":9,"infinitespire:PuzzleCube":0},{"Sozu":44,"Bromod:ArcaneGrace":49,"infinitespire:WardingShard":17,"CeramicFish":25,"MokouMod:PhoenixFeather":0,"aspiration:TomeofQuesting":20,"Mango":49,"hubris:FunFungus":34,"infinitespire:PuzzleCube":0}]},"card_choices":[{"not_picked":["MokouMod:SubterraneanCore","MokouMod:Singe"],"picked":"MokouMod:SearingShot","floor":1},{"not_picked":["MokouMod:BlazingComet","MokouMod:Firecracker"],"picked":"MokouMod:ScorchingColumn","floor":2},{"not_picked":["MokouMod:DanceofFlames","MokouMod:FlickeringFlame"],"picked":"MokouMod:ResoluteFlare","floor":3},{"not_picked":["MokouMod:FlareStarter","MokouMod:RoaringFlare"],"picked":"MokouMod:IndiscriminateIgnition","floor":5},{"not_picked":["MokouMod:HeatFactory","MokouMod:SearingShot"],"picked":"MokouMod:TemporalFireSeal","floor":6},{"not_picked":["MokouMod:CrimsonArmoury","MokouMod:ScorchingColumn"],"picked":"MokouMod:Afterburner","floor":7},{"not_picked":["MokouMod:IndiscriminateIgnition","MokouMod:IcarusDive"],"picked":"MokouMod:Extinguish","floor":10},{"not_picked":["MokouMod:SearingShot","MokouMod:Stoke"],"picked":"MokouMod:RetainTemperature","floor":11},{"not_picked":["MokouMod:UncontrollableSolarReaction","MokouMod:IcarusDive"],"picked":"MokouMod:RadiantBlade","floor":13},{"not_picked":["MokouMod:ResoluteFlare","MokouMod:ScorchingColumn"],"picked":"MokouMod:BurningDraft","floor":14},{"not_picked":["MokouMod:RadiantBlade","MokouMod:ProfanedFlare"],"picked":"MokouMod:PhoenixForm","floor":16},{"not_picked":["MokouMod:Firecracker","MokouMod:RoaringFlare"],"picked":"MokouMod:Scorch","floor":18},{"not_picked":["MokouMod:FujiyamaVolcano+1","MokouMod:FlareStarter"],"picked":"MokouMod:Meltdown+1","floor":19},{"not_picked":["MokouMod:WarmUp","MokouMod:HeatTransfer"],"picked":"MokouMod:RoaringFlare","floor":21}],"player_experience":365020,"relics_obtained":[{"floor":6,"key":"infinitespire:WardingShard"},{"floor":9,"key":"aspiration:TomeofQuesting"},{"floor":13,"key":"hubris:FunFungus"}],"event_choices":[{"damage_healed":0,"gold_gain":0,"cards_transformed":["MokouMod:Strike"],"player_choice":"Transformed","damage_taken":0,"max_hp_gain":0,"max_hp_loss":0,"event_name":"Transmorgrifier","floor":4,"gold_loss":0,"cards_obtained":["MokouMod:SearingShot"]}],"is_beta":false,"boss_relics":[{"not_picked":["Philosopher\u0027s Stone","SacredBark"],"picked":"Sozu"}],"items_purged_floors":[],"is_endless":false,"potions_floor_spawned":[2,3,6,11,18,19],"killed_by":"Centurion and Healer","ascension_level":0}}