{"host":"5trcja4hacd149zc","time":1607837730,"event":{"mods":["BaseMod","Colored Map","Minty Spire (QoL Compilation)","Relic Stats"],"gold_per_floor":[111,127,127,137,155,155,183,183,210,210,210,55,20,34,34,34,34],"floor_reached":16,"playtime":252,"items_purged":["Strike_G"],"score":200,"play_id":"9f564d94-cae5-4168-8755-e12046923a9c","local_time":"20201212233530","is_ascension_mode":true,"campfire_choices":[{"data":"Crippling Poison","floor":6.0,"key":"SMITH"},{"data":"Catalyst","floor":8,"key":"SMITH"},{"data":"Poisoned Stab","floor":10,"key":"SMITH"},{"data":"Crippling Poison","floor":15,"key":"SMITH"}],"circlet_count":0,"master_deck":["AscendersBane","Strike_G","Strike_G","Strike_G","Defend_G","Defend_G","Defend_G","Defend_G","Defend_G","Survivor","Neutralize","Crippling Poison+1","Catalyst+1","Poisoned Stab+1","Predator","Leg Sweep","Crippling Poison+1"],"relics":["Ring of the Snake","NeowsBlessing","Dream Catcher","MealTicket","Golden Idol"],"acts_visited":["Exordium"],"potions_floor_usage":[7],"damage_taken":[{"damage":0.0,"enemies":"Cultist","floor":1.0,"turns":1.0},{"damage":0.0,"enemies":"2 Louse","floor":2.0,"turns":2.0},{"damage":0.0,"enemies":"Jaw Worm","floor":4.0,"turns":1.0},{"damage":3.0,"enemies":"Large Slime","floor":5.0,"turns":5.0},{"damage":20,"enemies":"Lagavulin","floor":7,"turns":5},{"damage":2,"enemies":"Red Slaver","floor":14,"turns":3},{"damage":57,"enemies":"Slime Boss","floor":16,"turns":7}],"seed_played":"-8645142034864776593","potions_obtained":[{"floor":1.0,"key":"DistilledChaos"},{"floor":4.0,"key":"Energy Potion"},{"floor":7,"key":"Strength Potion"}],"is_trial":false,"path_per_floor":["M","M","?","M","M","R","E","R","T","R","?","$","?","M","R","B"],"character_chosen":"THE_SILENT","items_purchased":["Leg Sweep"],"campfire_rested":0,"item_purchase_floors":[12],"current_hp_per_floor":[59,59,52,52,49,49,29,29,29,29,29,44,59,57,57,0,0],"gold":34,"neow_bonus":"THREE_ENEMY_KILL","is_daily":false,"chose_seed":false,"campfire_upgraded":4,"win_rate":0.0,"timestamp":1607837730,"path_taken":["M","M","?","M","M","R","E","R","T","R","?","$","?","M","R","BOSS"],"items_purchased_type":["Card"],"build_version":"2020-11-30","purchased_purges":1,"victory":false,"max_hp_per_floor":[66,66,66,66,66,66,66,66,66,66,60,60,60,60,60,60,60],"relic_stats":{"Dream Catcher":0,"counters":[7,24],"Golden Idol":3,"MealTicket":15,"obtain_stats":[{"Dream Catcher":7,"NeowsBlessing":0,"Golden Idol":11,"MealTicket":9,"Ring of the Snake":0},{"Dream Catcher":5,"NeowsBlessing":0,"Golden Idol":5,"MealTicket":5,"Ring of the Snake":0},{"Dream Catcher":14,"NeowsBlessing":0,"Golden Idol":14,"MealTicket":14,"Ring of the Snake":0}],"Ring of the Snake":[14]},"card_choices":[{"not_picked":["Caltrops","Bane"],"picked":"Crippling Poison","floor":1.0},{"not_picked":["Infinite Blades","Blade Dance"],"picked":"Catalyst","floor":2.0},{"not_picked":["Underhanded Strike","Prepared"],"picked":"Poisoned Stab","floor":4.0},{"not_picked":["Prepared","Riddle With Holes","Finisher"],"picked":"SKIP","floor":5.0},{"not_picked":["Die Die Die","Slice"],"picked":"Predator","floor":7},{"not_picked":["Dagger Throw","Infinite Blades"],"picked":"Crippling Poison","floor":14}],"player_experience":744497,"relics_obtained":[{"floor":7,"key":"Dream Catcher"},{"floor":9,"key":"MealTicket"}],"event_choices":[{"cards_removed":["Strike_G"],"damage_healed":0.0,"max_hp_gain":0.0,"max_hp_loss":0.0,"gold_gain":0.0,"event_name":"Golden Wing","player_choice":"Card Removal","floor":3.0,"gold_loss":0.0,"damage_taken":7.0},{"damage_healed":0,"gold_gain":0,"player_choice":"Lose Max HP","damage_taken":0,"relics_obtained":["Golden Idol"],"max_hp_gain":0,"max_hp_loss":6,"event_name":"Golden Idol","floor":11,"gold_loss":0},{"damage_healed":15,"gold_gain":0,"player_choice":"Healed","damage_taken":0,"max_hp_gain":0,"max_hp_loss":0,"event_name":"The Cleric","floor":13,"gold_loss":35}],"is_beta":false,"boss_relics":[],"items_purged_floors":[12],"is_endless":false,"potions_floor_spawned":[1,4,7],"killed_by":"Slime Boss","ascension_level":20}}