{"host":"ceopyqoizwrgii5g","time":1607861030,"event":{"mods":["Act Like it!","Aspiration","BaseMod","BetterRewards","CapriCore","Conspire","Dota2Spire","GungeonMod","Hallownest","Hermit","Infinite Spire","Luminous","Marisa（霧雨　魔理沙）","Minty Spire (QoL Compilation)","Permanent Neow","Quick Restart","Reimu（博???）","Remilia（蕾米莉?）","Replay The Spire","Robot Space Explorer","RumiaBox-露米?的神秘盒子","Shop Mod","Spicy Shops","StSLib","SuperFastMode","The Bug Knight","The Runesmith","TheWitcher","Transform Curses","WarShipGirlsR/??少女R mod","Youmu（魂魄妖?）","【?方二次?作】八云紫mod","【功能Mod】混沌之?修复?丁"],"gold_per_floor":[118,78,94,114,184,184,217,243,243,277,277,277,243,258,258,357,357,376,573,583,353,365,365,384,384,410,421,421,421,421,421,421,521,521,537,393,393,411,429,457,457,483,483],"floor_reached":42,"playtime":1501,"items_purged":[],"score":1061,"play_id":"99b47088-bb0d-4572-8454-228cc06594af","local_time":"20201213200350","is_ascension_mode":true,"campfire_choices":[{"data":"HumanGodSword","floor":6,"key":"SMITH"},{"data":"HumanGodSword","floor":11,"key":"SMITH"},{"data":"HiganSword","floor":15,"key":"SMITH"},{"data":"CelestialStarSword","floor":23,"key":"SMITH"},{"data":"HiganSword","floor":25,"key":"SMITH"},{"data":"HellFireSword","floor":29,"key":"SMITH"},{"data":"SlashOfAscensionToBuddhahood","floor":32,"key":"SMITH"},{"data":"HellRealmSword","floor":41,"key":"SMITH"}],"circlet_count":0,"master_deck":["Strike_YM","Strike_YM","Strike_YM","Strike_YM","Defend_YM","Defend_YM","Defend_YM","Defend_YM","SlashOfPresentWorld","WheelOfPainOfLivingAndDead","HumanGodSword+1","HumanGodSword+1","HellFireSword","HellFireSword+1","SlashOfMeditation","AsTheSilentNirvana+1","LightFlashOfTheNetherworld","AsuraSword+1","SlashOfAscensionToBuddhahood+1","SanzenSekai","HeavenlyHaloSlash","PreachingAvici+1","HiganSword+1","SwordExtraction+1","CelestialStarSword+1","LotusPostureSlash","CherryBlossomFlashing","BizarrenessOfSixRealms+1","HiganSword+1","CrescentMoonSlash+1","ObsessionWithThePresentWorld+1","DoubleWheelOfPain+1","Necronomicurse","SlashOfSaigyouSpringWind+1","ThreeKonsSevenHakus+1","StrangeHalfBody","SwordOfBindingDesires+1","GhostSword+1","HellRealmSword+1"],"relics":["HalfPhantom","DemoMod:MeltedRock","MerchantsRug","Potion Belt","DemoMod:GnawedKey","Ginger","Dota2Spire:BattleFury","RuthlessExorcism:ReiMu","infinitespire:Lucky Rock","DemoMod:Orange","DemoMod:RingOfEthereal","aspiration:TomeofQuesting","Happy Flower","aspiration:HatOfInfinitePower","Membership Card","Replay:Ringing Soul","Du-Vu Doll","Dota2Spire:AssaultCuirass","DemoMod:Bottle","aspiration:DSix","Toxic Egg 2","SecretRecord","SecretRecord","SecretRecord","SecretRecord","Hakurouken","MagicDraw3","aspiration:Nostalgia","Ring of the Snake","DemoMod:GlassGuonStoneRelic","PreservedInsect","ChewingGum","Dota2Spire:PowerTreads","Necronomicon","aspiration:FutureDiary","HollowMod:LifeEnderRelic","Ring of Peace","Ring of Misfortune","Simple Rune","Pantograph"],"acts_visited":["Exordium","TheCity","TheBeyond"],"potions_floor_usage":[],"damage_taken":[{"damage":0,"enemies":"2 Louse","floor":1,"turns":1},{"damage":10,"enemies":"Small Slimes","floor":3,"turns":2},{"damage":5,"enemies":"Jaw Worm","floor":4,"turns":2},{"damage":1,"enemies":"Gremlin Nob","floor":7,"turns":3},{"damage":10,"enemies":"conspire:MimicChest","floor":10,"turns":5},{"damage":0,"enemies":"Blue Slaver","floor":14,"turns":2},{"damage":15,"enemies":"The Guardian","floor":16,"turns":5},{"damage":21,"enemies":"Shell Parasite","floor":18,"turns":4},{"damage":18,"enemies":"3 Byrds","floor":20,"turns":2},{"damage":10,"enemies":"Snake Plant","floor":22,"turns":4},{"damage":4,"enemies":"Shelled Parasite and Fungi","floor":24,"turns":4},{"damage":0,"enemies":"Sentry and Sphere","floor":27,"turns":3},{"damage":1,"enemies":"conspire:MysteriousRune","floor":33,"turns":5},{"damage":0,"enemies":"3 Darklings","floor":35,"turns":1},{"damage":16,"enemies":"3 Shapes","floor":38,"turns":1},{"damage":4,"enemies":"Sphere and 2 Shapes","floor":39,"turns":1},{"damage":0,"enemies":"R_Hoarder","floor":40,"turns":4},{"damage":0,"enemies":"Giant Head","floor":42,"turns":4}],"seed_played":"-3645689555034460789","potions_obtained":[{"floor":4,"key":"Energy Potion"},{"floor":14,"key":"DemoMod:LeadSkinPotion"},{"floor":18,"key":"SkillPotion"},{"floor":27,"key":"Reflective Coating"},{"floor":38,"key":"DemoMod:LeadSkinPotion"},{"floor":39,"key":"EssenceOfSteel"}],"is_trial":false,"path_per_floor":["M","?","M","M","?","R","E","T","T","?","R","?","$","M","R","B",null,"M","?","M","$","M","R","M","R","T","M","AVR","R","?","?","R","B",null,"M","$","?","M","M","E","R","E"],"character_chosen":"YOUMU","items_purchased":["DemoMod:MeltedRock","BargainBundle","HumanGodSword","MerchantsRug","Potion Belt","DemoMod:GnawedKey","Dota2Spire:BattleFury","RuthlessExorcism:ReiMu","HumanGodSword","infinitespire:Lucky Rock","DemoMod:Orange","aspiration:TomeofQuesting","Happy Flower","aspiration:HatOfInfinitePower","HellFireSword","Membership Card","Replay:Ringing Soul","Dota2Spire:AssaultCuirass","DemoMod:Bottle","HellFireSword","Toxic Egg 2","HiganSword","Hakurouken","MagicDraw3","HiganSword","aspiration:Nostalgia","HollowMod:LifeEnderRelic","StrangeHalfBody"],"campfire_rested":0,"item_purchase_floors":[0,0,0,0,0,0,0,0,0,0,0,0,0,0,0,0,0,0,0,0,0,13,21,21,21,21,36,36],"current_hp_per_floor":[98,101,94,92,92,92,94,94,94,87,87,64,67,70,70,58,106,88,91,76,79,72,72,71,71,71,74,74,74,61,61,61,63,128,131,134,134,121,120,123,123,123,123],"gold":483,"neow_bonus":"","is_daily":false,"chose_seed":false,"campfire_upgraded":8,"win_rate":0.0,"timestamp":1607861030,"path_taken":["M","?","M","M","?","R","E","?","T","?","R","?","$","M","R","BOSS","M","?","?","$","M","R","M","R","T","M","AVR","R","?","?","R","BOSS","M","$","?","M","M","E","R","E"],"items_purchased_type":["Relic","Relic","Card","Relic","Relic","Relic","Relic","Relic","Card","Relic","Relic","Relic","Relic","Relic","Card","Relic","Relic","Relic","Relic","Card","Relic","Card","Relic","Relic","Card","Relic","Relic","Card"],"build_version":"2020-11-30","purchased_purges":0,"victory":false,"max_hp_per_floor":[98,101,104,107,107,107,110,110,110,113,113,113,116,119,119,122,122,125,128,131,134,137,137,140,140,140,143,143,143,146,146,146,149,149,152,155,155,158,161,164,164,164,164],"card_choices":[{"not_picked":["TwoHundredYojanaInOneSlash","SpiritMediumsBind+1"],"picked":"SlashOfMeditation","floor":1},{"not_picked":[],"picked":"AsTheSilentNirvana","floor":2},{"not_picked":[],"picked":"LightFlashOfTheNetherworld","floor":2},{"not_picked":[],"picked":"AsuraSword","floor":2},{"not_picked":["PhosphoricSlash","HellFireSword"],"picked":"SlashOfAscensionToBuddhahood","floor":3},{"not_picked":["LowerRealmReflectionSlash","CherryBlossomFlashing"],"picked":"SanzenSekai","floor":4},{"not_picked":["CrescentMoonSlash","SwordOfBindingDesires+1"],"picked":"HeavenlyHaloSlash","floor":7},{"not_picked":["ConstancyOfTheConventionalTruth+1","TransmigrationSlash"],"picked":"PreachingAvici+1","floor":10},{"not_picked":["SlashOfMeditation","PretaSword"],"picked":"SwordExtraction+1","floor":14},{"not_picked":["AsuraSword","HeavenSword"],"picked":"CelestialStarSword","floor":16},{"not_picked":["PreachingAvici+1","HumanKnowledgeSword"],"picked":"LotusPostureSlash","floor":18},{"not_picked":["ConstancyOfTheConventionalTruth+1","SwordOfBindingDesires+1"],"picked":"CherryBlossomFlashing","floor":19},{"not_picked":["CherryBlossomFlashing","SwordExtraction+1"],"picked":"BizarrenessOfSixRealms+1","floor":20},{"not_picked":["LowerRealmReflectionSlash+1","SwordOfBindingDesires+1"],"picked":"CrescentMoonSlash+1","floor":22},{"not_picked":["DispleasureOfTheSevenHakus+1","SwordExtraction+1"],"picked":"ObsessionWithThePresentWorld+1","floor":24},{"not_picked":["SpiderLilyBurial+1","PhosphoricSlash"],"picked":"DoubleWheelOfPain+1","floor":27},{"not_picked":["HeavenSword","HeavenGodSword"],"picked":"SlashOfSaigyouSpringWind+1","floor":33},{"not_picked":["FlashingScatteredFlowers","PreachingAvici+1"],"picked":"ThreeKonsSevenHakus+1","floor":35},{"not_picked":["TurningAngelCut+1","SlashOfMeditation+1"],"picked":"SwordOfBindingDesires+1","floor":38},{"not_picked":["SpiritCuttingSword+1","CrescentMoonSlash+1"],"picked":"GhostSword+1","floor":39},{"not_picked":["HumanKnowledgeSword+1","SwordOfBindingDesires+1"],"picked":"HellRealmSword","floor":40},{"not_picked":["PhosphoricSlash","HellFireSword+1","DispleasureOfTheSevenHakus+1"],"picked":"SKIP","floor":42}],"player_experience":288425,"relics_obtained":[{"floor":1,"key":"AddBug"},{"floor":7,"key":"SecretRecord"},{"floor":7,"key":"Ancient Tea Set"},{"floor":8,"key":"Vajra"},{"floor":9,"key":"Tea:ReiMu"},{"floor":10,"key":"DemoMod:SerJunkan"},{"floor":16,"key":"SecretRecord"},{"floor":20,"key":"SecretRecord"},{"floor":26,"key":"PreservedInsect"},{"floor":30,"key":"Necronomicon"},{"floor":37,"key":"Ring of Peace"},{"floor":37,"key":"Ring of Misfortune"},{"floor":40,"key":"Simple Rune"},{"floor":42,"key":"Pantograph"}],"event_choices":[{"damage_healed":0,"gold_gain":70,"player_choice":"Gained Gold","damage_taken":0,"max_hp_gain":0,"max_hp_loss":0,"event_name":"Golden Wing","floor":5,"gold_loss":0},{"damage_healed":0,"gold_gain":0,"player_choice":"Entered Light","damage_taken":23,"max_hp_gain":0,"max_hp_loss":0,"event_name":"Shining Light","floor":12,"gold_loss":0,"cards_upgraded":["AsuraSword","Strike_YM"]},{"damage_healed":0,"gold_gain":0,"player_choice":"Obtained Book","damage_taken":16,"max_hp_gain":0,"max_hp_loss":0,"event_name":"Cursed Tome","floor":30,"gold_loss":0}],"is_beta":false,"boss_relics":[{"not_picked":["Sozu","Cursed Key"],"picked":"infinitespire:Cupcake"},{"not_picked":["Replay:Drink Me","aspiration:DefectSkillbook"],"picked":"aspiration:FutureDiary"}],"items_purged_floors":[],"is_endless":false,"potions_floor_spawned":[4,14,18,27,38,39,40,42],"killed_by":"Giant Head","ascension_level":5}}