{"host":"cjhtzh7tp54jdfyv","time":1607886334,"event":{"mods":["BaseMod","Minty Spire (QoL Compilation)"],"gold_per_floor":[161,171,183,183,201,201,217,247,247,23,23,49,68,80,80,154,154,164,174,184,9,21,21,52,52,105,116,116,116,151,163,163,236,236,253,273,283,302,302,337,337,354,354,354,382,392,420,420,420,420,420,420,420,20,53,53,53],"floor_reached":56,"playtime":6366,"items_purged":["Strike_B"],"score":2061,"play_id":"f634f9db-9cbe-4750-8824-813843ee0244","local_time":"20201213140534","is_ascension_mode":true,"campfire_choices":[{"floor":6,"key":"REST"},{"data":"Defragment","floor":11,"key":"SMITH"},{"data":"Biased Cognition","floor":15,"key":"SMITH"},{"data":"Capacitor","floor":23,"key":"SMITH"},{"floor":25,"key":"REST"},{"floor":29,"key":"REST"},{"floor":32,"key":"REST"},{"data":"Coolheaded","floor":41,"key":"SMITH"},{"floor":44,"key":"RECALL"},{"data":"Hologram","floor":49,"key":"SMITH"},{"data":"Buffer","floor":53,"key":"SMITH"}],"circlet_count":0,"master_deck":["AscendersBane","Strike_B+1","Strike_B+1","Strike_B","Defend_B","Defend_B+1","Defend_B","Defend_B","Zap","Dualcast","Doom and Gloom","Ball Lightning","Compile Driver","Defragment+1","Biased Cognition+1","Buffer+1","Multi-Cast","Ball Lightning","Coolheaded+1","Capacitor+1","Cold Snap","Barrage+1","Echo Form","Genetic Algorithm","Glacier","Chill","Meteor Strike","Glacier","Compile Driver","Finesse","Secret Weapon","PanicButton","Recycle","Compile Driver","Consume+1","Hologram+1","Capacitor+1","Capacitor","Master of Strategy","Coolheaded"],"relics":["Tiny House","Emotion Chip","HornCleat","Anchor","Nuclear Battery","Membership Card","Gambling Chip","Enchiridion","Bottled Lightning","Cursed Key","Juzu Bracelet","Torii","Eternal Feather","ClockworkSouvenir","Bottled Tornado","Mercury Hourglass"],"acts_visited":["Exordium","TheCity","TheBeyond","TheEnding"],"potions_floor_usage":[7,8,18,22,24,24,30,45,45,56],"damage_taken":[{"damage":9,"enemies":"Small Slimes","floor":1,"turns":3},{"damage":3,"enemies":"2 Louse","floor":2,"turns":2},{"damage":0,"enemies":"Cultist","floor":3,"turns":3},{"damage":8,"enemies":"Looter","floor":5,"turns":4},{"damage":1,"enemies":"2 Fungi Beasts","floor":7,"turns":2},{"damage":15,"enemies":"Lagavulin","floor":8,"turns":6},{"damage":0,"enemies":"Gremlin Nob","floor":12,"turns":3},{"damage":0,"enemies":"Blue Slaver","floor":13,"turns":4},{"damage":9,"enemies":"Exordium Thugs","floor":14,"turns":4},{"damage":15,"enemies":"Hexaghost","floor":16,"turns":7},{"damage":0,"enemies":"2 Thieves","floor":18,"turns":4},{"damage":0,"enemies":"Spheric Guardian","floor":19,"turns":3},{"damage":1,"enemies":"Centurion and Healer","floor":20,"turns":7},{"damage":13,"enemies":"Shelled Parasite and Fungi","floor":22,"turns":4},{"damage":31,"enemies":"Slavers","floor":24,"turns":5},{"damage":0,"enemies":"Sentry and Sphere","floor":27,"turns":3},{"damage":10,"enemies":"Book of Stabbing","floor":30,"turns":7},{"damage":20,"enemies":"Cultist and Chosen","floor":31,"turns":5},{"damage":10,"enemies":"Automaton","floor":33,"turns":9},{"damage":0,"enemies":"3 Shapes","floor":35,"turns":7},{"damage":0,"enemies":"Orb Walker","floor":36,"turns":5},{"damage":0,"enemies":"Spire Growth","floor":37,"turns":4},{"damage":0,"enemies":"Sphere and 2 Shapes","floor":38,"turns":2},{"damage":7,"enemies":"Nemesis","floor":40,"turns":9},{"damage":0,"enemies":"4 Shapes","floor":42,"turns":8},{"damage":2,"enemies":"Reptomancer","floor":45,"turns":7},{"damage":11,"enemies":"Spire Growth","floor":46,"turns":7},{"damage":0,"enemies":"Giant Head","floor":47,"turns":8},{"damage":27,"enemies":"Time Eater","floor":50,"turns":38},{"damage":19,"enemies":"Donu and Deca","floor":51,"turns":12},{"damage":36,"enemies":"Shield and Spear","floor":55,"turns":7},{"damage":43,"enemies":"The Heart","floor":56,"turns":12}],"seed_played":"-4109025771105068890","potions_obtained":[{"floor":0,"key":"EssenceOfDarkness"},{"floor":1,"key":"Explosive Potion"},{"floor":5,"key":"CultistPotion"},{"floor":12,"key":"Block Potion"},{"floor":14,"key":"PotionOfCapacity"},{"floor":19,"key":"AttackPotion"},{"floor":22,"key":"FocusPotion"},{"floor":27,"key":"ColorlessPotion"},{"floor":31,"key":"SneckoOil"},{"floor":35,"key":"SkillPotion"},{"floor":36,"key":"Weak Potion"},{"floor":47,"key":"LiquidBronze"}],"is_trial":false,"path_per_floor":["M","M","M","?","M","R","M","E","T","$","R","E","M","M","R","B",null,"M","M","M","$","M","R","E","R","T","M","?","R","E","M","R","B",null,"M","M","M","M","?","E","R","M","T","R","E","M","E","?","R","B","B",null,"R","$","E","B"],"character_chosen":"DEFECT","items_purchased":["Biased Cognition","Membership Card","Cold Snap","ClockworkSouvenir","Capacitor","Bottled Tornado","Master of Strategy","Coolheaded"],"campfire_rested":4,"item_purchase_floors":[10,21,21,54,54,54,54,54],"current_hp_per_floor":[60,57,57,34,26,48,47,32,32,32,32,32,32,23,23,8,59,59,59,58,58,45,45,14,36,36,36,15,37,27,7,29,19,62,62,62,62,62,52,45,45,45,45,45,43,32,32,32,53,26,7,59,76,76,40,0,0],"gold":53,"neow_bonus":"BOSS_RELIC","is_daily":false,"chose_seed":false,"campfire_upgraded":6,"win_rate":0.0,"timestamp":1607886334,"path_taken":["M","M","M","?","M","R","M","E","T","$","R","E","M","M","R","BOSS","M","M","M","$","M","R","E","R","T","M","?","R","E","M","R","BOSS","M","M","M","M","?","E","R","M","T","R","E","M","E","?","R","BOSS","BOSS","R","$","E","BOSS"],"items_purchased_type":["Card","Relic","Card","Relic","Card","Relic","Card","Card"],"build_version":"2020-11-30","purchased_purges":1,"victory":false,"max_hp_per_floor":[76,76,76,76,76,76,76,76,76,76,76,76,76,76,76,76,76,76,76,76,76,76,76,76,76,76,76,76,76,76,76,76,76,76,76,76,76,76,76,76,76,76,76,76,76,76,76,76,76,76,76,76,76,76,76,76,76],"card_choices":[{"not_picked":["Leap","Blizzard"],"picked":"Doom and Gloom","floor":1},{"not_picked":["Skim","Conserve Battery","Hologram"],"picked":"SKIP","floor":2},{"not_picked":["Sweeping Beam","Blizzard"],"picked":"Ball Lightning","floor":3},{"not_picked":["Stack","Coolheaded"],"picked":"Compile Driver","floor":5},{"not_picked":["Undo","Steam"],"picked":"Defragment","floor":7},{"not_picked":["Steam","Conserve Battery","Rebound"],"picked":"SKIP","floor":8},{"not_picked":["Redo","Hello World"],"picked":"Buffer","floor":12},{"not_picked":["Conserve Battery","Gash","Leap"],"picked":"SKIP","floor":13},{"not_picked":["Conserve Battery","Gash","Leap"],"picked":"SKIP","floor":13},{"not_picked":["Gash","Aggregate","Chaos"],"picked":"SKIP","floor":14},{"not_picked":["All For One","Meteor Strike"],"picked":"Multi-Cast","floor":16},{"not_picked":["Stack","Leap"],"picked":"Ball Lightning","floor":18},{"not_picked":["Redo","Melter"],"picked":"Coolheaded","floor":19},{"not_picked":["Turbo","Redo"],"picked":"Capacitor","floor":20},{"not_picked":["Hologram","Auto Shields"],"picked":"Barrage+1","floor":22},{"not_picked":["Conserve Battery+1","Barrage"],"picked":"Echo Form","floor":24},{"not_picked":["Barrage","Compile Driver"],"picked":"Genetic Algorithm","floor":27},{"not_picked":["FTL","Double Energy"],"picked":"Glacier","floor":30},{"not_picked":["Steam+1","Conserve Battery"],"picked":"Chill","floor":31},{"not_picked":["Fission","Biased Cognition"],"picked":"Meteor Strike","floor":33},{"not_picked":["Barrage","Cold Snap"],"picked":"Glacier","floor":35},{"not_picked":["Leap","Streamline"],"picked":"Compile Driver","floor":36},{"not_picked":["Go for the Eyes","Sweeping Beam","Doom and Gloom+1"],"picked":"SKIP","floor":37},{"not_picked":["Blizzard+1","Rip and Tear+1","Stack+1"],"picked":"SKIP","floor":38},{"not_picked":["Madness","Jack Of All Trades"],"picked":"Finesse","floor":39},{"not_picked":["Bandage Up","Trip"],"picked":"Secret Weapon","floor":39},{"not_picked":["Forethought","Jack Of All Trades"],"picked":"PanicButton","floor":39},{"not_picked":["Ball Lightning","Cold Snap"],"picked":"Recycle","floor":40},{"not_picked":["Beam Cell+1","Redo"],"picked":"Compile Driver","floor":42},{"not_picked":["Cold Snap","Conserve Battery+1","Redo"],"picked":"SKIP","floor":45},{"not_picked":["Rebound","Ball Lightning+1"],"picked":"Consume+1","floor":46},{"not_picked":["Rebound+1","Darkness"],"picked":"Hologram","floor":47},{"not_picked":["Static Discharge","Hello World","Sunder+1"],"picked":"SKIP","floor":55}],"player_experience":4244940,"relics_obtained":[{"floor":8,"key":"Emotion Chip"},{"floor":9,"key":"HornCleat"},{"floor":12,"key":"Anchor"},{"floor":24,"key":"Gambling Chip"},{"floor":28,"key":"Enchiridion"},{"floor":30,"key":"Bottled Lightning"},{"floor":40,"key":"Juzu Bracelet"},{"floor":45,"key":"Torii"},{"floor":47,"key":"Eternal Feather"},{"floor":55,"key":"Mercury Hourglass"}],"event_choices":[{"damage_healed":0,"gold_gain":0,"player_choice":"Entered Light","damage_taken":23,"max_hp_gain":0,"max_hp_loss":0,"event_name":"Shining Light","floor":4,"gold_loss":0,"cards_upgraded":["Strike_B","Strike_B"]},{"damage_healed":0,"gold_gain":0,"player_choice":"Obtained Book","damage_taken":21,"max_hp_gain":0,"max_hp_loss":0,"event_name":"Cursed Tome","floor":28,"gold_loss":0},{"damage_healed":0,"gold_gain":0,"player_choice":"Memory 3","damage_taken":10,"max_hp_gain":0,"max_hp_loss":0,"event_name":"SensoryStone","floor":39,"gold_loss":0},{"damage_healed":0,"gold_gain":0,"player_choice":"Copied","damage_taken":0,"max_hp_gain":0,"max_hp_loss":0,"event_name":"Duplicator","floor":48,"gold_loss":0,"cards_obtained":["Capacitor"]}],"is_beta":false,"boss_relics":[{"not_picked":["Inserter","Philosopher\u0027s Stone"],"picked":"Nuclear Battery"},{"not_picked":["Sozu","Fusion Hammer"],"picked":"Cursed Key"}],"items_purged_floors":[10],"is_endless":false,"potions_floor_spawned":[1,3,5,12,14,19,22,27,31,35,36,37,38,47],"killed_by":"The Heart","ascension_level":20}}