{"host":"0y7rggrn2c7yxnri","time":1607849507,"event":{"mods":["AchievementEnabler","Act Like it!","AlwaysNeverKeys","Aspiration","Bartender","BaseMod","Better Altar","Better Sensory Stone","Better Skull","Better Third Choice","Better Vampires","BetterRewards","Colored Map","Colored Powertips","Displayed Cursed Tome","Duelist Mod","GifTheSpireLib","Magitek Elite","Minty Spire (QoL Compilation)","Permanent Neow","Quick Restart","Replay The Spire","Shop Mod","Spicy Shops","StSLib","Stuff the Spire","The Alterego","The Animator","The Servant 0.9.4","Transform Curses","Virulent Crown","Wandering Minibosses","vexMod"],"gold_per_floor":[118,193,193,60,60,88,88,105,105,205,225,244,176,33,33,108,108,127,127,127,146,146,175,175,203,203,237,255,255,266,81,81,159,159,179,179,179,179,192,221,9,44,71,12,49,66,66,95,95,144,144,144,15,46,46],"floor_reached":56,"playtime":2686,"items_purged":["Regret","Delirium","Doubt","Shame"],"score":2408,"play_id":"7217d22a-9426-4663-ae77-ed965123e84e","local_time":"20201213035147","is_ascension_mode":true,"campfire_choices":[{"floor":7,"key":"REST"},{"floor":15,"key":"REST"},{"floor":24,"key":"REST"},{"data":"Demon Form","floor":29,"key":"SMITH"},{"data":"Metallicize","floor":32,"key":"SMITH"},{"floor":49,"key":"DIG"},{"floor":52,"key":"REST"}],"circlet_count":0,"master_deck":["AscendersBane","Strike_R+1","Strike_R+1","Strike_R+1","Strike_R+1","Defend_R","Defend_R","Defend_R","Defend_R","Bash","Blood for Blood","Heavy Blade+1","Inflame","Infernal Blade","Demon Form+1","Pummel","Flash of Steel","StuffTheSpire:Slingshot","Metallicize+1","Limit Break+1","Double Tap","Cleave","Limit Break+1","Double Tap+1","StuffTheSpire:BrainWave","Injury"],"relics":["Burning Blood","Membership Card","Lantern","Anchor","Question Card","ReplayTheSpireMod:TigerMarble","Philosopher\u0027s Stone","ReplayTheSpireMod:Ring of Collecting","Ring of Searing","Replay:Wax Seal","vexMod:InvisibilityCloak","Happy Flower","ReplayTheSpireMod:Ring of Exchange","Nunchaku","Shuriken","Bag of Preparation","m_SnakeCloak","Mercury Hourglass","Charon\u0027s Ashes","Blood Vial","alterego_mod:SomeoneToFightFor","aspiration:Lifesprig","PreservedInsect","Blue Candle","Meat on the Bone","MerchantsRug","Singing Bowl","Bronze Scales","Fusion Hammer","StuffTheSpire:ForceGauntlet","Red Skull","aspiration:FrozenJewel","Ring of Peace","Replay:Baseball","Self Forming Clay","Vajra","Replay:WaspNest","StrikeDummy","Replay:Bottled Eggs"],"acts_visited":["Exordium","TheCity","TheBeyond","TheEnding"],"potions_floor_usage":[16,16,16,16,16,16,21,23,28,33,40,50,54,55],"damage_taken":[{"damage":8,"enemies":"Small Slimes","floor":1,"turns":3},{"damage":18,"enemies":"3 Sentries","floor":6,"turns":6},{"damage":0,"enemies":"2 Louse","floor":8,"turns":1},{"damage":0,"enemies":"Cultist","floor":11,"turns":1},{"damage":5,"enemies":"Red Slaver","floor":12,"turns":2},{"damage":35,"enemies":"Lagavulin","floor":13,"turns":4},{"damage":41,"enemies":"Hexaghost","floor":16,"turns":4},{"damage":33,"enemies":"Chosen","floor":18,"turns":5},{"damage":0,"enemies":"2 Thieves","floor":21,"turns":2},{"damage":30,"enemies":"Slavers","floor":23,"turns":4},{"damage":5,"enemies":"Gremlin Leader","floor":25,"turns":3},{"damage":7,"enemies":"theDuelist:KaibaA2","floor":27,"turns":2},{"damage":28,"enemies":"Snake Plant","floor":28,"turns":3},{"damage":9,"enemies":"Centurion and Healer","floor":30,"turns":2},{"damage":34,"enemies":"Collector","floor":33,"turns":4},{"damage":12,"enemies":"3 Shapes","floor":35,"turns":2},{"damage":19,"enemies":"3 Darklings","floor":39,"turns":3},{"damage":23,"enemies":"Nemesis","floor":40,"turns":3},{"damage":5,"enemies":"Reptomancer","floor":42,"turns":2},{"damage":5,"enemies":"Giant Head","floor":45,"turns":2},{"damage":0,"enemies":"4 Shapes","floor":46,"turns":1},{"damage":10,"enemies":"Maw","floor":48,"turns":4},{"damage":49,"enemies":"Donu and Deca","floor":50,"turns":4},{"damage":15,"enemies":"Shield and Spear","floor":54,"turns":3},{"damage":37,"enemies":"The Heart","floor":55,"turns":5}],"seed_played":"8200783327351956115","potions_obtained":[{"floor":6,"key":"AttackPotion"},{"floor":12,"key":"Weak Potion"},{"floor":13,"key":"EntropicBrew"},{"floor":16,"key":"EssenceOfSteel"},{"floor":21,"key":"SpeedPotion"},{"floor":25,"key":"SkillPotion"},{"floor":30,"key":"Swift Potion"},{"floor":33,"key":"SteroidPotion"},{"floor":45,"key":"Doom Potion"},{"floor":46,"key":"BloodPotion"}],"is_trial":false,"path_per_floor":["M","?","?","$","?","E","R","M","T","?","M","M","E","$","R","B",null,"M","?","?","M","?","E","R","E","T","E","M","R","M","$","R","B",null,"M","?","?","?","M","E","$","E","T","$","E","M","?","M","R_BF","B",null,"R","$","E","B",null],"character_chosen":"IRONCLAD","items_purchased":["Omamori","Membership Card","Lantern","Anchor","Question Card","ReplayTheSpireMod:TigerMarble","Replay:Wax Seal","Matryoshka","vexMod:InvisibilityCloak","aspiration:Nostalgia","MerchantsRug","Limit Break","Singing Bowl","Bronze Scales","vexMod:PaidLearning","StuffTheSpire:ForceGauntlet","Red Skull","Double Tap+1","Replay:WaspNest","StrikeDummy","ColorlessPotion","Swift Potion"],"campfire_rested":4,"item_purchase_floors":[0,0,0,0,0,0,4,4,4,14,31,31,31,31,31,41,41,44,53,53,53,53],"current_hp_per_floor":[58,47,47,47,54,42,64,70,70,70,75,75,46,46,68,48,68,41,18,18,26,26,25,47,71,71,75,60,60,59,74,74,47,68,75,75,75,75,64,51,66,81,81,81,83,85,73,75,75,61,72,75,75,77,46],"gold":46,"neow_bonus":"","is_daily":false,"chose_seed":false,"campfire_upgraded":2,"win_rate":0.0,"timestamp":1607849507,"path_taken":["M","?","?","$","?","E","R","M","T","?","?","M","E","?","R","BOSS","M","?","?","M","?","E","R","E","T","E","M","R","M","$","R","BOSS","M","?","?","?","?","E","$","E","T","$","E","M","?","M","R_BF","BOSS","R","$","E","BOSS"],"items_purchased_type":["Relic","Relic","Relic","Relic","Relic","Relic","Relic","Relic","Relic","Relic","Relic","Card","Relic","Relic","Relic","Relic","Relic","Card","Relic","Relic","Potion","Potion"],"build_version":"2020-11-30","purchased_purges":4,"victory":true,"max_hp_per_floor":[75,75,75,75,75,75,75,75,75,75,75,75,75,75,75,75,75,75,75,75,75,75,75,75,75,75,75,75,75,75,75,75,75,75,75,75,75,75,77,79,79,81,81,81,83,85,73,75,75,75,75,75,75,77,77],"card_choices":[{"not_picked":["Dropkick","Fire Breathing","Thunderclap"],"picked":"Heavy Blade","floor":1},{"not_picked":["Replay:Undeath\u0027s Touch","Anger","Havoc","ReplayTheSpireMod:Strike From Hell"],"picked":"SKIP","floor":6},{"not_picked":["Run Through","Pummel","Headbutt"],"picked":"Inflame","floor":8},{"not_picked":["Anger","Dark Embrace","Fire Breathing","Eclipse"],"picked":"SKIP","floor":11},{"not_picked":["Blood for Blood","Iron Wave","Heavy Blade","Carnage"],"picked":"SKIP","floor":12},{"not_picked":["ReplayTheSpireMod:LeadingStrike","StuffTheSpire:Incineration","Thunderclap"],"picked":"Infernal Blade","floor":13},{"not_picked":["Berserk","Storm of Steel","Barricade"],"picked":"Demon Form","floor":16},{"not_picked":["animator:Curse_Dizziness","Looming Evil","StuffTheSpire:CuriosityCurse"],"picked":"Delirium","floor":17},{"not_picked":["Amnesia","Voices","Hallucinations"],"picked":"Doubt","floor":17},{"not_picked":["animator:Curse_Nutcracker","CurseOfTheBell","ReplayTheSpireMod:Splinters"],"picked":"Shame","floor":17},{"not_picked":["Second Wind","Wild Strike","Pommel Strike"],"picked":"Pummel","floor":18},{"not_picked":["Swift Strike","Crow Ritual","Violence"],"picked":"Flash of Steel","floor":20},{"not_picked":["Anger","Twin Strike","Rupture+1","Armaments"],"picked":"SKIP","floor":21},{"not_picked":["Dual Wield+1","StuffTheSpire:Slingshot","Barricade","ReplayTheSpireMod:Muscle Training+1"],"picked":"SKIP","floor":23},{"not_picked":["Havoc","True Grit","ReplayTheSpireMod:Strike From Hell"],"picked":"StuffTheSpire:Slingshot","floor":25},{"not_picked":["Wild Strike","Flame Barrier+1","Thunderclap"],"picked":"Metallicize","floor":27},{"not_picked":["Entrench","Flame Barrier","Perfected Strike","True Grit"],"picked":"SKIP","floor":28},{"not_picked":["ReplayTheSpireMod:Strike From Hell","Run Through","Havoc","Dual Wield"],"picked":"SKIP","floor":30},{"not_picked":["Immolate","Hemogenesis","Fiend Fire"],"picked":"Double Tap","floor":33},{"not_picked":["Clothesline+1","Warcry","Iron Wave+1"],"picked":"Cleave","floor":35},{"not_picked":["Replay:Undeath\u0027s Touch+1","Thunderclap","Perfected Strike","Wild Strike"],"picked":"Singing Bowl","floor":39},{"not_picked":["Iron Wave","Bloodletting","StuffTheSpire:RockThrow","Infernal Blade"],"picked":"Singing Bowl","floor":40},{"not_picked":["StuffTheSpire:RockThrow+1","Seeing Red","Replay:Undeath\u0027s Touch+1","Warcry"],"picked":"Singing Bowl","floor":42},{"not_picked":["Shrug It Off","Burning Pact","Iron Wave","Twin Strike"],"picked":"Singing Bowl","floor":45},{"not_picked":["ReplayReversal","Warcry","Twin Strike","Blood for Blood+1"],"picked":"Singing Bowl","floor":46},{"not_picked":["Hemokinesis","Perfected Strike","Shrug It Off","StuffTheSpire:Incineration"],"picked":"Singing Bowl","floor":48},{"not_picked":["Warcry","Fiend Fire","StuffTheSpire:RockThrow","Pommel Strike"],"picked":"Singing Bowl","floor":54}],"player_experience":297194,"relics_obtained":[{"floor":3,"key":"ReplayTheSpireMod:Ring of Collecting"},{"floor":3,"key":"Ring of Searing"},{"floor":6,"key":"Happy Flower"},{"floor":9,"key":"ReplayTheSpireMod:Ring of Exchange"},{"floor":9,"key":"Nunchaku"},{"floor":9,"key":"Shuriken"},{"floor":13,"key":"Bag of Preparation"},{"floor":23,"key":"aspiration:Lifesprig"},{"floor":25,"key":"PreservedInsect"},{"floor":26,"key":"Blue Candle"},{"floor":26,"key":"Meat on the Bone"},{"floor":27,"key":"MealTicket"},{"floor":40,"key":"vexMod:ConsolationPrize"},{"floor":42,"key":"aspiration:FrozenJewel"},{"floor":43,"key":"Ring of Peace"},{"floor":43,"key":"Replay:Baseball"},{"floor":45,"key":"Self Forming Clay"},{"floor":49,"key":"Vajra"},{"floor":54,"key":"Replay:Bottled Eggs"}],"event_choices":[{"damage_healed":0,"gold_gain":75,"player_choice":"Gold","damage_taken":11,"max_hp_gain":0,"max_hp_loss":0,"event_name":"betterThird:BetterGoop","floor":2,"gold_loss":0},{"damage_healed":0,"gold_gain":100,"player_choice":"Gold","damage_taken":0,"max_hp_gain":0,"max_hp_loss":0,"event_name":"Wheel of Change","floor":10,"gold_loss":0},{"damage_healed":0,"gold_gain":0,"player_choice":" Vial ","damage_taken":23,"relics_obtained":["Blood Vial"],"max_hp_gain":41,"max_hp_loss":18,"event_name":"betterAltar:BetterAltar","floor":19,"potions_obtained":[],"relics_lost":[],"gold_loss":0},{"damage_healed":0,"gold_gain":2,"player_choice":"1","damage_taken":0,"max_hp_gain":0,"max_hp_loss":0,"event_name":"betterStone:BetterStone","floor":20,"gold_loss":0},{"damage_healed":0,"gold_gain":0,"player_choice":"Choice 2","damage_taken":0,"relics_obtained":["alterego_mod:SomeoneToFightFor"],"max_hp_gain":0,"max_hp_loss":0,"event_name":"Secret Garden","floor":22,"gold_loss":0},{"cards_removed":["Strike_R"],"damage_healed":0,"gold_gain":0,"player_choice":"Removed Attack","damage_taken":0,"max_hp_gain":0,"max_hp_loss":0,"event_name":"Falling","floor":36,"gold_loss":0},{"damage_healed":0,"gold_gain":0,"player_choice":"Copied","damage_taken":0,"max_hp_gain":0,"max_hp_loss":0,"event_name":"Duplicator","floor":38,"gold_loss":0,"cards_obtained":["Limit Break"]}],"is_beta":false,"boss_relics":[{"not_picked":["aspiration:RunicSpoon","vexMod:BigBerry"],"picked":"Replay:Ancient Bell"},{"not_picked":["Centennial Puzzle","King of Hearts"],"picked":"Smiling Mask"},{"not_picked":["Replay:Bottled Flurry","StuffTheSpire:PointBlank"],"picked":"Mercury Hourglass"},{"not_picked":["Pocketwatch","Replay:Kaleidoscope"],"picked":"Charon\u0027s Ashes"},{"not_picked":["Sling","ChewingGum"],"picked":"Fusion Hammer"}],"items_purged_floors":[4,31,41,53],"is_endless":false,"potions_floor_spawned":[6,12,13,16,18,21,25,30,33,45,46],"ascension_level":17}}