{"host":"i0nzj1s6ag4x3c6t","time":1607869707,"event":{"mods":["BaseMod","Colored Powertips","Downfall","Marisa£®ÏF”Í°°ƒß¿Ì…≥£©","Minty Spire (QoL Compilation)","Quick Restart","Replay The Spire","StSLib","The Servant 0.9.4","Yuri Mod"],"gold_per_floor":[111,124,124,134,185,222,246,275,310,322,346,358,400,762,774,887,899,923,1034,1046,1058,1080,1125,1137,1178,1190,817,817,171,186,4,4,4,4],"floor_reached":33,"playtime":1906,"items_purged":["ReplayTheSpireMod:Restless Dread","Pain"],"score":425,"play_id":"70d9a93d-6444-4f3e-9fa0-63d5bbf799f8","local_time":"20201213222827","is_ascension_mode":false,"campfire_choices":[{"floor":10.0,"key":"REST"},{"floor":12.0,"key":"REST"},{"data":"EnergyRecoil","floor":15.0,"key":"SMITH"},{"data":"Occultation","floor":24.0,"key":"SMITH"},{"data":"PropBag","floor":28,"key":"SMITH"},{"data":"UpSweep","floor":28,"key":"SMITH"},{"floor":32,"key":"REST"}],"circlet_count":0,"master_deck":["Strike_MRS","Strike_MRS","Strike_MRS+1","Strike_MRS","Defend_MRS","Defend_MRS","Defend_MRS+1","MasterSpark","UpSweep+1","LuminesStrike","AlicesGift","EnergyRecoil+1","PowerUp","Occultation+1","DoubleSpark","Acceleration","Singularity","PowerUp","PropBag+1","CommonCold","Doubt","ManaRampage+1","NonDirectionalLaser+1","Spreading Infection","MysteriousBeam","RefractionSpark+1","PowerUp+1","Hallucinations","Replay:Sluggish","Parasite","Writhe","yuri:MarkovCurse","Parasite","Voices","Decay","MagicAbsorber","Flash of Steel","GrandCross","DarkMatter"],"relics":["MiniHakkero","Bird Faced Urn","MawBank","Eternal Feather","Gremlin Food","ReplayTheSpireMod:TigerMarble","Ring of Greed","Ring of Fury","Replay:Wax Seal","Old Coin","Replay:Bronze Core","HornCleat","Replay:Arrowhead","Iron Hammer","Medical Kit","Vajra","PreservedInsect","Membership Card","Mummified Hand"],"acts_visited":["Exordium","TheCity"],"potions_floor_usage":[33,33,33],"damage_taken":[{"damage":0.0,"enemies":"Cultist","floor":1.0,"turns":2.0},{"damage":1.0,"enemies":"Jaw Worm","floor":2.0,"turns":4.0},{"damage":0.0,"enemies":"2 Louse","floor":4.0,"turns":3.0},{"damage":28.0,"enemies":"Gremlin Nob","floor":6.0,"turns":4.0},{"damage":2.0,"enemies":"Blue Slaver","floor":7.0,"turns":3.0},{"damage":12.0,"enemies":"Exordium Wildlife","floor":8.0,"turns":3.0},{"damage":10.0,"enemies":"3 Louse","floor":11.0,"turns":4.0},{"damage":32.0,"enemies":"3 Sentries","floor":13.0,"turns":7.0},{"damage":47.0,"enemies":"Fading Forest","floor":16.0,"turns":11.0},{"damage":12.0,"enemies":"Shell Parasite","floor":18.0,"turns":3.0},{"damage":10.0,"enemies":"Chosen","floor":22.0,"turns":3.0},{"damage":27.0,"enemies":"Slavers","floor":23.0,"turns":4.0},{"damage":19,"enemies":"Sentry and Sphere","floor":25,"turns":4},{"damage":42,"enemies":"Snake Plant","floor":30,"turns":5},{"damage":55,"enemies":"Pondfish","floor":33,"turns":10}],"seed_played":"4291341551937855003","potions_obtained":[{"floor":2.0,"key":"Adrenaline Potion"},{"floor":5.0,"key":"Reflective Coating"},{"floor":6.0,"key":"DuplicationPotion"},{"floor":7.0,"key":"Fire Potion"},{"floor":16.0,"key":"BottledSpark"},{"floor":23.0,"key":"Strength Potion"},{"floor":25,"key":"SpeedPotion"}],"is_trial":false,"path_per_floor":["M","M","T","M","?","E","M","M","T","R","M","R","E","?","R","B",null,"M","?","?","?","M","E","R","M","T","$","R","$","M","$","R","B"],"character_chosen":"MARISA","items_purchased":["Iron Hammer","MagicAbsorber","Medical Kit","Vajra","PreservedInsect","Flash of Steel","Membership Card","DarkMatter"],"campfire_rested":3,"item_purchase_floors":[27,27,29,29,29,29,31,31],"current_hp_per_floor":[75,74,74,74,56,28,26,14,14,45,37,68,38,38,50,27,75,63,63,63,63,55,30,45,26,26,26,47,47,7,7,50,0,0],"gold":4,"neow_bonus":"REMOVE_CARD","is_daily":false,"chose_seed":false,"campfire_upgraded":4,"win_rate":0.0,"timestamp":1607869707,"path_taken":["M","?","?","?","?","E","M","M","T","R","M","R","E","?","R","BOSS","M","?","?","?","?","E","R","M","T","?","R","$","M","$","R","BOSS"],"items_purchased_type":["Relic","Card","Relic","Relic","Relic","Card","Relic","Card"],"build_version":"2020-11-30","purchased_purges":2,"victory":false,"max_hp_per_floor":[75,75,75,75,75,75,75,75,75,75,75,75,75,75,75,75,75,75,75,75,75,75,75,75,75,75,75,75,75,75,75,75,75,75],"card_choices":[{"not_picked":["Acceleration","GalacticHalo"],"picked":"LuminesStrike","floor":1.0},{"not_picked":["MagicChant","GalacticHalo"],"picked":"AlicesGift","floor":2.0},{"not_picked":["SporeBomb","GalacticHalo"],"picked":"EnergyRecoil","floor":4.0},{"not_picked":["NonDirectionalLaser","IllusionStar"],"picked":"PowerUp","floor":5.0},{"not_picked":["DC","SporeBomb"],"picked":"Occultation","floor":5.0},{"not_picked":["FairyDestructionRay","DarkSpark"],"picked":"DoubleSpark","floor":6.0},{"not_picked":["GasGiant","AsteroidBelt"],"picked":"Acceleration","floor":7.0},{"not_picked":["UltimateShortwave","IllusionStar"],"picked":"Singularity","floor":8.0},{"not_picked":["MeteoricShower","LuminesStrike"],"picked":"PowerUp","floor":11.0},{"not_picked":["UnstableBomb","MaximisePower"],"picked":"PropBag","floor":13.0},{"not_picked":["BinaryStars","EscapeVelocity"],"picked":"ManaRampage","floor":16.0},{"not_picked":["EnergyRecoil","ChargingUp"],"picked":"NonDirectionalLaser+1","floor":18.0},{"not_picked":["MilkyWay","MysteriousBeam"],"picked":"RefractionSpark+1","floor":22.0},{"not_picked":["WitchOfGreed","WitchLeyline+1"],"picked":"PowerUp+1","floor":23.0},{"not_picked":["GalacticHalo+1","GravityBeat","EnergyRecoil+1"],"picked":"SKIP","floor":25},{"not_picked":["SporeBomb","IllusionStar"],"picked":"GrandCross","floor":30}],"player_experience":83719,"relics_obtained":[{"floor":3.0,"key":"Bird Faced Urn"},{"floor":5.0,"key":"MawBank"},{"floor":6.0,"key":"Eternal Feather"},{"floor":9.0,"key":"Gremlin Food"},{"floor":13.0,"key":"ReplayTheSpireMod:TigerMarble"},{"floor":14.0,"key":"Ring of Greed"},{"floor":14.0,"key":"Ring of Fury"},{"floor":14.0,"key":"Replay:Wax Seal"},{"floor":14.0,"key":"Old Coin"},{"floor":23.0,"key":"HornCleat"},{"floor":26,"key":"Replay:Arrowhead"}],"event_choices":[{"damage_healed":0.0,"max_hp_gain":0.0,"max_hp_loss":0.0,"gold_gain":99.0,"event_name":"Nest","player_choice":"Stole From Cult","floor":19.0,"gold_loss":0.0,"damage_taken":0.0},{"damage_healed":0.0,"max_hp_gain":0.0,"max_hp_loss":0.0,"gold_gain":0.0,"event_name":"Ghosts","player_choice":"Ignored","floor":20.0,"gold_loss":0.0,"damage_taken":0.0},{"damage_healed":0.0,"max_hp_gain":0.0,"max_hp_loss":0.0,"gold_gain":0.0,"event_name":"The Library","player_choice":"Read","floor":21.0,"gold_loss":0.0,"damage_taken":0.0,"cards_obtained":["MysteriousBeam"]}],"is_beta":false,"boss_relics":[{"not_picked":["Calling Bell","Astrolabe"],"picked":"Replay:Bronze Core"}],"items_purged_floors":[27,29],"is_endless":false,"potions_floor_spawned":[2,6,7,16,23,25,30],"killed_by":"Pondfish","ascension_level":0}}