{"host":"krw8blyxua7at9ak","time":1607902289,"event":{"mods":["BaseMod","Highlight Path","Minty Spire (QoL Compilation)","ojb\u0027s Info Mod"],"gold_per_floor":[119,119,19,19,31,31,66,66,66,66,92,147,160,172,172,250,250,265,278,278,203,118,152,152,122,122,133,147,147,164,190,190,190,190],"floor_reached":33,"playtime":1100,"items_purged":[],"score":661,"play_id":"6304edbd-1bf2-45a9-96c9-c14425874af5","local_time":"20201214003129","is_ascension_mode":true,"campfire_choices":[{"data":"Dash","floor":6,"key":"SMITH"},{"data":"Blade Dance","floor":8,"key":"SMITH"},{"data":"Sucker Punch","floor":10,"key":"SMITH"},{"data":"Neutralize","floor":15,"key":"SMITH"},{"data":"Wraith Form v2","floor":24,"key":"SMITH"},{"data":"Writhe","floor":32,"key":"PURGE"}],"circlet_count":0,"master_deck":["AscendersBane","Defend_G","Defend_G","Defend_G","Defend_G","Survivor","Neutralize+1","Sucker Punch+1","Blade Dance+1","All Out Attack","Dash+1","Adrenaline","Unload","Backflip+1","Dagger Spray+1","Bite","Bite","Bite","Bite","Bite","Wraith Form v2+1","Terror","Blade Dance+1","Cloak And Dagger+1"],"relics":["Ring of the Snake","NeowsBlessing","The Courier","Mercury Hourglass","Juzu Bracelet","Strawberry","Sozu","StrikeDummy","Blood Vial","HornCleat","Peace Pipe","Pen Nib"],"acts_visited":["Exordium","TheCity"],"potions_floor_usage":[12,23,33],"damage_taken":[{"damage":0,"enemies":"Jaw Worm","floor":1,"turns":1},{"damage":0,"enemies":"Small Slimes","floor":5,"turns":1},{"damage":0,"enemies":"Gremlin Nob","floor":7,"turns":1},{"damage":5,"enemies":"3 Sentries","floor":11,"turns":4},{"damage":3,"enemies":"Gremlin Nob","floor":12,"turns":3},{"damage":0,"enemies":"2 Louse","floor":13,"turns":2},{"damage":0,"enemies":"2 Fungi Beasts","floor":14,"turns":2},{"damage":23,"enemies":"Hexaghost","floor":16,"turns":12},{"damage":0,"enemies":"3 Byrds","floor":18,"turns":4},{"damage":5,"enemies":"Shell Parasite","floor":19,"turns":4},{"damage":17,"enemies":"Slavers","floor":23,"turns":4},{"damage":21,"enemies":"Snecko","floor":27,"turns":7},{"damage":1,"enemies":"Centurion and Healer","floor":28,"turns":3},{"damage":0,"enemies":"Chosen and Byrds","floor":30,"turns":3},{"damage":17,"enemies":"Gremlin Leader","floor":31,"turns":6},{"damage":96,"enemies":"Champ","floor":33,"turns":12}],"seed_played":"-6955223534284723591","potions_obtained":[{"floor":11,"key":"GamblersBrew"},{"floor":12,"key":"SteroidPotion"},{"floor":16,"key":"ColorlessPotion"}],"is_trial":false,"path_per_floor":["M","?","$","?","M","R","E","R","T","R","E","?","M","M","R","B",null,"M","M","?","?","?","E","R","$","T","M","M","?","M","E","R","B"],"character_chosen":"THE_SILENT","items_purchased":["Blade Dance","All Out Attack","Terror"],"campfire_rested":0,"item_purchase_floors":[3,3,25],"current_hp_per_floor":[59,39,39,61,61,61,61,61,61,61,56,60,60,60,60,37,64,64,59,51,51,51,38,38,38,38,35,42,42,51,44,44,0,0],"gold":190,"neow_bonus":"THREE_ENEMY_KILL","is_daily":false,"chose_seed":false,"campfire_upgraded":5,"win_rate":0.0,"timestamp":1607902289,"path_taken":["M","?","$","?","?","R","E","R","T","R","E","?","M","M","R","BOSS","M","M","?","?","?","E","R","$","T","M","M","?","M","E","R","BOSS"],"items_purchased_type":["Card","Card","Card"],"build_version":"2020-11-30","purchased_purges":0,"victory":false,"max_hp_per_floor":[66,66,66,66,66,66,66,66,66,66,66,73,73,73,73,73,73,73,73,51,51,51,51,51,51,51,51,51,51,51,51,51,51,51],"card_choices":[{"not_picked":["Dodge and Roll","Masterful Stab"],"picked":"Sucker Punch","floor":1},{"not_picked":["Underhanded Strike","Acrobatics"],"picked":"Dash","floor":5},{"not_picked":["Finisher","Dagger Spray"],"picked":"Adrenaline","floor":7},{"not_picked":["Phantasmal Killer","Doppelganger","Sucker Punch"],"picked":"SKIP","floor":11},{"not_picked":["Eviscerate","Caltrops","Slice"],"picked":"SKIP","floor":13},{"not_picked":["Deadly Poison","Backflip","Dash"],"picked":"SKIP","floor":14},{"not_picked":["Grand Finale","Envenom"],"picked":"Unload","floor":16},{"not_picked":["Crippling Poison","PiercingWail"],"picked":"Backflip+1","floor":18},{"not_picked":["Underhanded Strike","Acrobatics"],"picked":"Dagger Spray+1","floor":19},{"not_picked":["Choke","Quick Slash"],"picked":"Wraith Form v2","floor":23},{"not_picked":["Deadly Poison","Deflect","Flechettes"],"picked":"SKIP","floor":27},{"not_picked":["Slice","Catalyst"],"picked":"Blade Dance+1","floor":28},{"not_picked":["Quick Slash+1","Riddle With Holes"],"picked":"Cloak And Dagger+1","floor":30},{"not_picked":["Phantasmal Killer","Infinite Blades","Skewer"],"picked":"SKIP","floor":31}],"player_experience":335885,"relics_obtained":[{"floor":7,"key":"The Courier"},{"floor":9,"key":"Mercury Hourglass"},{"floor":11,"key":"Juzu Bracelet"},{"floor":12,"key":"Strawberry"},{"floor":23,"key":"Blood Vial"},{"floor":26,"key":"HornCleat"},{"floor":31,"key":"Pen Nib"}],"event_choices":[{"damage_healed":0,"gold_gain":0,"player_choice":"Entered Light","damage_taken":20,"max_hp_gain":0,"max_hp_loss":0,"event_name":"Shining Light","floor":2,"gold_loss":0,"cards_upgraded":["Strike_G","Strike_G"]},{"damage_healed":22,"gold_gain":0,"player_choice":"Banana","damage_taken":0,"max_hp_gain":0,"max_hp_loss":0,"event_name":"Big Fish","floor":4,"gold_loss":0},{"damage_healed":0,"gold_gain":0,"player_choice":"Searched \u00271\u0027 times","damage_taken":0,"max_hp_gain":0,"max_hp_loss":0,"event_name":"Dead Adventurer","floor":12,"gold_loss":0},{"damage_healed":0,"gold_gain":0,"player_choice":"Became a vampire","damage_taken":0,"max_hp_gain":0,"max_hp_loss":22,"event_name":"Vampires","floor":20,"gold_loss":0,"cards_obtained":["Bite","Bite","Bite","Bite","Bite"]},{"cards_removed":["Defend_G"],"damage_healed":0,"gold_gain":0,"player_choice":"Gave Gold","damage_taken":0,"max_hp_gain":0,"max_hp_loss":0,"event_name":"Beggar","floor":21,"gold_loss":75},{"damage_healed":0,"gold_gain":0,"player_choice":"Obtained Relic","damage_taken":0,"relics_obtained":["StrikeDummy"],"max_hp_gain":0,"max_hp_loss":0,"event_name":"Addict","floor":22,"gold_loss":85},{"damage_healed":0,"gold_gain":0,"player_choice":"Opened","damage_taken":0,"relics_obtained":["Peace Pipe"],"max_hp_gain":0,"max_hp_loss":0,"event_name":"The Mausoleum","floor":29,"gold_loss":0,"cards_obtained":["Writhe"]}],"is_beta":false,"boss_relics":[{"not_picked":["HoveringKite","Ectoplasm"],"picked":"Sozu"}],"items_purged_floors":[],"is_endless":false,"potions_floor_spawned":[11,12,16,19,23,28],"killed_by":"Champ","ascension_level":20}}