{"host":"x0ovlu53kkkog8rv","time":1607838607,"event":{"mods":["BaseMod","Colored Map","Minty Spire (QoL Compilation)","Quick Restart","SuperFastMode"],"gold_per_floor":[118,193,193,207,56,231,248,248,302,322,340,340,357,371,371,472,472,487,487,487,586,222,222,222],"floor_reached":23,"playtime":629,"items_purged":["Defend_P"],"score":215,"play_id":"6a33955a-a1ab-4ede-bdd1-76d7f26c547d","local_time":"20201213145007","is_ascension_mode":true,"campfire_choices":[{"floor":12,"key":"REST"},{"floor":15,"key":"REST"}],"circlet_count":0,"master_deck":["Strike_P","Strike_P","Strike_P","Defend_P","Defend_P","Defend_P","Eruption","Vigilance","Prostrate","PathToVictory","FollowUp","FollowUp","PathToVictory","WindmillStrike","DevaForm"],"relics":["PureWater","HandDrill","Omamori","Runic Pyramid","Sundial","Mango"],"acts_visited":["Exordium","TheCity"],"potions_floor_usage":[16,23],"damage_taken":[{"damage":9,"enemies":"2 Louse","floor":1,"turns":2},{"damage":3,"enemies":"Jaw Worm","floor":4,"turns":3},{"damage":0,"enemies":"Cultist","floor":7,"turns":4},{"damage":7,"enemies":"Blue Slaver","floor":10,"turns":4},{"damage":7,"enemies":"2 Fungi Beasts","floor":11,"turns":3},{"damage":4,"enemies":"Exordium Wildlife","floor":13,"turns":3},{"damage":10,"enemies":"3 Louse","floor":14,"turns":2},{"damage":25,"enemies":"Hexaghost","floor":16,"turns":8},{"damage":30,"enemies":"Spheric Guardian","floor":18,"turns":7},{"damage":64,"enemies":"Book of Stabbing","floor":23,"turns":5}],"seed_played":"5134546548796309051","potions_obtained":[{"floor":10,"key":"Energy Potion"},{"floor":13,"key":"Block Potion"}],"is_trial":false,"path_per_floor":["M","?","?","M","$","?","M","?","T","M","M","R","M","M","R","B",null,"M","?","?","?","$","E"],"character_chosen":"WATCHER","items_purchased":["HandDrill","Mango"],"campfire_rested":2,"item_purchase_floors":[5,22],"current_hp_per_floor":[63,52,57,54,54,54,54,47,47,40,33,56,52,42,65,40,77,47,47,47,47,61,0,0],"gold":222,"neow_bonus":"TRANSFORM_CARD","is_daily":false,"chose_seed":false,"campfire_upgraded":0,"win_rate":0.0,"timestamp":1607838607,"path_taken":["M","?","?","?","?","?","M","?","T","M","?","R","M","M","R","BOSS","M","?","?","?","$","E"],"items_purchased_type":["Relic","Relic"],"build_version":"2020-11-30","purchased_purges":1,"victory":false,"max_hp_per_floor":[72,72,77,77,77,77,77,77,77,77,77,77,77,77,77,77,77,77,77,77,77,91,91,91],"card_choices":[{"not_picked":["CrushJoints","Meditate"],"picked":"PathToVictory","floor":1},{"not_picked":["Tantrum","FlurryOfBlows"],"picked":"FollowUp","floor":4},{"not_picked":["JustLucky","Sanctity"],"picked":"FollowUp","floor":7},{"not_picked":["Vengeance","JustLucky","FlyingSleeves"],"picked":"SKIP","floor":10},{"not_picked":["TalkToTheHand","Prostrate"],"picked":"PathToVictory","floor":11},{"not_picked":["Weave","Halt","LikeWater"],"picked":"SKIP","floor":13},{"not_picked":["SandsOfTime","SignatureMove"],"picked":"WindmillStrike","floor":14},{"not_picked":["LessonLearned","Judgement"],"picked":"DevaForm","floor":16},{"not_picked":["WaveOfTheHand","FlurryOfBlows","Consecrate+1"],"picked":"SKIP","floor":18}],"player_experience":197108,"relics_obtained":[{"floor":9,"key":"Omamori"}],"event_choices":[{"damage_healed":0,"gold_gain":75,"player_choice":"Gather Gold","damage_taken":11,"max_hp_gain":0,"max_hp_loss":0,"event_name":"World of Goop","floor":2,"gold_loss":0},{"damage_healed":0,"gold_gain":0,"player_choice":"Donut","damage_taken":0,"max_hp_gain":5,"max_hp_loss":0,"event_name":"Big Fish","floor":3,"gold_loss":0},{"damage_healed":0,"gold_gain":175,"player_choice":"AGREE","damage_taken":0,"max_hp_gain":0,"max_hp_loss":0,"event_name":"Liars Game","floor":6,"gold_loss":0,"cards_obtained":["Doubt"]},{"cards_removed":["Doubt"],"damage_healed":0,"gold_gain":0,"player_choice":"Card Removal","damage_taken":7,"max_hp_gain":0,"max_hp_loss":0,"event_name":"Golden Wing","floor":8,"gold_loss":0},{"damage_healed":0,"gold_gain":0,"player_choice":"Stole Relic","damage_taken":0,"relics_obtained":["Sundial"],"max_hp_gain":0,"max_hp_loss":0,"event_name":"Addict","floor":19,"gold_loss":0,"cards_obtained":["Shame"]},{"damage_healed":0,"gold_gain":0,"player_choice":"Ignored","damage_taken":0,"max_hp_gain":0,"max_hp_loss":0,"event_name":"Ghosts","floor":20,"gold_loss":0},{"damage_healed":0,"gold_gain":99,"player_choice":"Stole From Cult","damage_taken":0,"max_hp_gain":0,"max_hp_loss":0,"event_name":"Nest","floor":21,"gold_loss":0}],"is_beta":false,"boss_relics":[{"not_picked":["Snecko Eye","Tiny House"],"picked":"Runic Pyramid"}],"items_purged_floors":[22],"is_endless":false,"potions_floor_spawned":[10,13],"killed_by":"Book of Stabbing","ascension_level":1}}