{"host":"e8rlfedn69rz2s07","time":1607881387,"event":{"mods":["BaseMod","Challenge The Spire","Hubris","Infinite Spire","Minty Spire (QoL Compilation)","Permanent Neow","Relic Stats","Replay The Spire","Shop Mod","StSLib"],"gold_per_floor":[75,75,103,134,166,166,166,166,201,230,269,269,269,269,303,345,389,430],"floor_reached":19,"playtime":860,"items_purged":["Strike_R"],"score":543,"play_id":"3703af31-de94-43ca-a10d-2f258c3788a1","local_time":"20201213194307","daily_mods":["challengethespire:Silver Difficulty","challengethespire:Elite Rush","Uncertain Future"],"is_ascension_mode":true,"campfire_choices":[{"data":"Rampage","floor":2.0,"key":"SMITH"},{"data":"Inflame","floor":7.0,"key":"SMITH"},{"data":"Apotheosis","floor":8.0,"key":"SMITH"},{"data":"Spot Weakness","floor":13,"key":"SMITH"},{"data":"Inflame","floor":14,"key":"SMITH"}],"circlet_count":0,"master_deck":["AscendersBane","Strike_R","Strike_R","Strike_R","Strike_R","Defend_R","Defend_R","Defend_R","Defend_R","Bash","Apotheosis+1","Rampage+1","Burning Pact+1","Flame Barrier+1","Inflame+1","Inflame+1","Trip","Spot Weakness+1","Cleave","Immolate","Heavy Blade","Double Tap","Reaper","Impervious","Fiend Fire","True Grit","Disarm"],"relics":["Burning Blood","Black Star","Sling","PreservedInsect","Pet Ghost","Bag of Marbles","ReplayTheSpireMod:TigerMarble","Meat on the Bone","StrikeDummy","HornCleat","Replay:Baseball","Snecko Heart","Red Skull","Letter Opener","Du-Vu Doll","hubris:Zylophone","CeramicFish","hubris:DeckOfHolding","Sozu","Replay:Wax Seal","Akabeko","Art of War","infinitespire:Beetle Shell","War Paint","Happy Flower","Strawberry"],"acts_visited":["Exordium"],"potions_floor_usage":[15,18,18],"damage_taken":[{"damage":14.0,"enemies":"3 Sentries","floor":3.0,"turns":5.0},{"damage":25.0,"enemies":"Lagavulin","floor":4.0,"turns":6.0},{"damage":0.0,"enemies":"Gremlin Nob","floor":5.0,"turns":1.0},{"damage":9.0,"enemies":"Book of Stabbing","floor":9.0,"turns":3.0},{"damage":0.0,"enemies":"Gremlin Leader","floor":10.0,"turns":2.0},{"damage":11,"enemies":"Book of Stabbing","floor":11,"turns":3},{"damage":47,"enemies":"Nemesis","floor":15,"turns":5},{"damage":0,"enemies":"Reptomancer","floor":16,"turns":3},{"damage":22,"enemies":"Giant Head","floor":17,"turns":5},{"damage":12,"enemies":"Shield and Spear","floor":18,"turns":4}],"seed_played":"-3340585802782155008","potions_obtained":[{"floor":5.0,"key":"ColorlessPotion"},{"floor":10,"key":"PowerPotion"}],"is_trial":true,"path_per_floor":["$","R","E","E","E","T","R","R","E","E","E","T","R","R","E","E","E","E",null],"character_chosen":"IRONCLAD","items_purchased":["Apotheosis","Rampage","Burning Pact","Flame Barrier","Inflame","Pet Ghost","Trip","AttackPotion","EntropicBrew"],"campfire_rested":0,"item_purchase_floors":[1,1,1,1,1,1,1,1,1],"current_hp_per_floor":[72,72,64,45,51,51,51,51,57,63,58,58,58,58,29,80,64,65],"gold":430,"neow_bonus":"","is_daily":false,"chose_seed":false,"campfire_upgraded":5,"win_rate":0.0,"timestamp":1607881387,"path_taken":["$","R","E","E","E","T","R","R","E","E","E","T","R","R","E","E","E","E"],"items_purchased_type":["Card","Card","Card","Card","Card","Relic","Card","Potion","Potion"],"build_version":"2020-11-30","purchased_purges":1,"victory":true,"max_hp_per_floor":[80,80,80,80,80,80,80,80,80,80,80,80,80,80,80,80,80,87],"relic_stats":{"Sozu":4,"Happy Flower":[0],"counters":[10,37],"CeramicFish":45,"PreservedInsect":535,"Black Star":10,"Art of War":[2],"Letter Opener":[56],"War Paint":["Flame Barrier","Burning Pact"],"obtain_stats":[{"Snecko Heart":6,"CeramicFish":11,"Sling":0,"Burning Blood":0,"Pet Ghost":1,"Sozu":12,"HornCleat":5,"Strawberry":18,"hubris:DeckOfHolding":11,"Replay:Wax Seal":15,"Red Skull":9,"Happy Flower":18,"PreservedInsect":0,"infinitespire:Beetle Shell":17,"Letter Opener":9,"War Paint":17,"Akabeko":16,"Du-Vu Doll":10,"hubris:Zylophone":10,"Replay:Baseball":5,"Black Star":0,"Bag of Marbles":3,"ReplayTheSpireMod:TigerMarble":3,"Art of War":16,"StrikeDummy":4,"Meat on the Bone":4},{"Snecko Heart":3,"CeramicFish":6,"Sling":0,"Burning Blood":0,"Pet Ghost":0,"Sozu":6,"HornCleat":3,"Strawberry":10,"hubris:DeckOfHolding":6,"Replay:Wax Seal":7,"Red Skull":4,"Happy Flower":10,"PreservedInsect":0,"infinitespire:Beetle Shell":9,"Letter Opener":4,"War Paint":9,"Akabeko":8,"Du-Vu Doll":5,"hubris:Zylophone":5,"Replay:Baseball":3,"Black Star":0,"Bag of Marbles":1,"ReplayTheSpireMod:TigerMarble":1,"Art of War":8,"StrikeDummy":2,"Meat on the Bone":2},{"Snecko Heart":12,"CeramicFish":20,"Sling":0,"Burning Blood":0,"Pet Ghost":0,"Sozu":20,"HornCleat":12,"Strawberry":37,"hubris:DeckOfHolding":20,"Replay:Wax Seal":25,"Red Skull":15,"Happy Flower":37,"PreservedInsect":0,"infinitespire:Beetle Shell":33,"Letter Opener":15,"War Paint":33,"Akabeko":28,"Du-Vu Doll":17,"hubris:Zylophone":17,"Replay:Baseball":12,"Black Star":0,"Bag of Marbles":5,"ReplayTheSpireMod:TigerMarble":5,"Art of War":28,"StrikeDummy":11,"Meat on the Bone":11}],"Burning Blood":54,"Meat on the Bone":12},"card_choices":[],"player_experience":703052,"relics_obtained":[{"floor":3.0,"key":"Bag of Marbles"},{"floor":3.0,"key":"ReplayTheSpireMod:TigerMarble"},{"floor":4.0,"key":"Meat on the Bone"},{"floor":4.0,"key":"StrikeDummy"},{"floor":5.0,"key":"HornCleat"},{"floor":5.0,"key":"Replay:Baseball"},{"floor":9.0,"key":"Red Skull"},{"floor":9.0,"key":"Letter Opener"},{"floor":10,"key":"Du-Vu Doll"},{"floor":10,"key":"hubris:Zylophone"},{"floor":11,"key":"CeramicFish"},{"floor":11,"key":"hubris:DeckOfHolding"},{"floor":15,"key":"Replay:Wax Seal"},{"floor":16,"key":"Akabeko"},{"floor":16,"key":"Art of War"},{"floor":17,"key":"infinitespire:Beetle Shell"},{"floor":17,"key":"War Paint"},{"floor":18,"key":"Happy Flower"},{"floor":18,"key":"Strawberry"}],"event_choices":[],"is_beta":false,"boss_relics":[{"not_picked":["hubris:BlackHole","Kintsugi"],"picked":"Snecko Heart"},{"not_picked":["ReplayTheSpireMod:SealedPack","hubris:ScarierMask"],"picked":"Sozu"}],"items_purged_floors":[1],"is_endless":false,"potions_floor_spawned":[5,10,16],"ascension_level":10}}