{"host":"thn8o1tmql8xszd5","time":1607873540,"event":{"mods":["AchievementEnabler","BaseMod","Block Reminder","Colored Map","DeckTracker","Highlight Path","Minty Spire (QoL Compilation)","Permanent Neow","Quick Restart","Relic Stats","Robot Space Explorer","StSLib"],"gold_per_floor":[115,34,53,53,67,67,102,102,125,163,163,204,204,240,240,240,240],"floor_reached":16,"playtime":1001,"items_purged":[],"score":128,"play_id":"a9aa2d06-f1da-4e2c-b61e-2654595b04ab","local_time":"20201213103220","is_ascension_mode":true,"campfire_choices":[{"data":"RobotSpaceExplorer:ImprovisedAttack","floor":6,"key":"SMITH"},{"floor":11,"key":"REST"},{"data":"RobotSpaceExplorer:Strike","floor":13,"key":"PURGE"},{"data":"RobotSpaceExplorer:Scan","floor":15,"key":"SMITH"}],"circlet_count":0,"master_deck":["RobotSpaceExplorer:Defend","RobotSpaceExplorer:Defend","RobotSpaceExplorer:Defend","RobotSpaceExplorer:Defend","RobotSpaceExplorer:Scan+1","RobotSpaceExplorer:MiniLasers","RobotSpaceExplorer:Probe","RobotSpaceExplorer:LuckyStrike","RobotSpaceExplorer:SurgingStrike","RobotSpaceExplorer:ImprovisedAttack+1","RobotSpaceExplorer:StunGrenade","RobotSpaceExplorer:ImprovisedAttack","RobotSpaceExplorer:LaserBurst"],"relics":["RobotSpaceExplorer:RoboCore","Bag of Marbles","Golden Idol","Bronze Scales","Odd Mushroom","Peace Pipe","InkBottle"],"acts_visited":["Exordium"],"potions_floor_usage":[12,16],"damage_taken":[{"damage":1,"enemies":"Small Slimes","floor":1,"turns":4},{"damage":0,"enemies":"Jaw Worm","floor":3,"turns":3},{"damage":0,"enemies":"2 Louse","floor":5,"turns":2},{"damage":24,"enemies":"Lagavulin","floor":7,"turns":7},{"damage":11,"enemies":"The Mushroom Lair","floor":10,"turns":4},{"damage":4,"enemies":"Gremlin Nob","floor":12,"turns":3},{"damage":7,"enemies":"3 Sentries","floor":14,"turns":6},{"damage":40,"enemies":"The Guardian","floor":16,"turns":8}],"seed_played":"-892384364141969287","potions_obtained":[{"floor":3,"key":"SmokeBomb"},{"floor":7,"key":"Strength Potion"},{"floor":14,"key":"AttackPotion"}],"is_trial":false,"path_per_floor":["M","$","M","?","M","R","E","?","T","?","R","E","R","E","R","B"],"character_chosen":"RobotSpaceExplorer","items_purchased":["RobotSpaceExplorer:LuckyStrike"],"campfire_rested":1,"item_purchase_floors":[2],"current_hp_per_floor":[67,67,67,67,67,67,43,43,43,32,50,46,46,39,39,0,0],"gold":240,"neow_bonus":"REMOVE_TWO","is_daily":false,"chose_seed":false,"campfire_upgraded":2,"win_rate":0.0,"timestamp":1607873540,"path_taken":["M","$","M","?","M","R","E","?","T","?","R","E","R","E","R","BOSS"],"items_purchased_type":["Card"],"build_version":"2020-11-30","purchased_purges":0,"victory":false,"max_hp_per_floor":[68,68,68,68,68,68,68,63,63,63,63,63,63,63,63,63,63],"relic_stats":{"Peace Pipe":1,"counters":[8,37],"Golden Idol":23,"Bronze Scales":[63],"obtain_stats":[{"Peace Pipe":12,"Golden Idol":8,"Bronze Scales":9,"RobotSpaceExplorer:RoboCore":0,"Bag of Marbles":7,"Odd Mushroom":10,"InkBottle":14},{"Peace Pipe":6,"Golden Idol":4,"Bronze Scales":4,"RobotSpaceExplorer:RoboCore":0,"Bag of Marbles":4,"Odd Mushroom":5,"InkBottle":7},{"Peace Pipe":23,"Golden Idol":16,"Bronze Scales":16,"RobotSpaceExplorer:RoboCore":0,"Bag of Marbles":16,"Odd Mushroom":20,"InkBottle":29}],"InkBottle":[3]},"card_choices":[{"not_picked":["RobotSpaceExplorer:SurgingShield","RobotSpaceExplorer:DualCore"],"picked":"RobotSpaceExplorer:Probe","floor":1},{"not_picked":["RobotSpaceExplorer:MetalStrike","RobotSpaceExplorer:Ammunition"],"picked":"RobotSpaceExplorer:SurgingStrike","floor":3},{"not_picked":["RobotSpaceExplorer:Ammunition","RobotSpaceExplorer:SelfCleaning"],"picked":"RobotSpaceExplorer:ImprovisedAttack","floor":5},{"not_picked":["RobotSpaceExplorer:SlimeMissile","RobotSpaceExplorer:Blitz"],"picked":"RobotSpaceExplorer:StunGrenade","floor":7},{"not_picked":["RobotSpaceExplorer:StunGrenade","RobotSpaceExplorer:SelfCleaning"],"picked":"RobotSpaceExplorer:ImprovisedAttack","floor":10},{"not_picked":["RobotSpaceExplorer:DroneSwarm","RobotSpaceExplorer:FranticSearch"],"picked":"RobotSpaceExplorer:LaserBurst","floor":12},{"not_picked":["RobotSpaceExplorer:LuckyStrike","RobotSpaceExplorer:ShockKick","RobotSpaceExplorer:MetalStrike"],"picked":"SKIP","floor":14}],"player_experience":436821,"relics_obtained":[{"floor":7,"key":"Bag of Marbles"},{"floor":9,"key":"Bronze Scales"},{"floor":10,"key":"Odd Mushroom"},{"floor":12,"key":"Peace Pipe"},{"floor":14,"key":"InkBottle"}],"event_choices":[{"cards_removed":["RobotSpaceExplorer:Strike"],"damage_healed":0,"gold_gain":0,"player_choice":"Forget","damage_taken":0,"max_hp_gain":0,"max_hp_loss":0,"event_name":"Living Wall","floor":4,"gold_loss":0},{"damage_healed":0,"gold_gain":0,"player_choice":"Lose Max HP","damage_taken":0,"relics_obtained":["Golden Idol"],"max_hp_gain":0,"max_hp_loss":5,"event_name":"Golden Idol","floor":8,"gold_loss":0},{"damage_healed":0,"gold_gain":0,"player_choice":"Fought Mushrooms","damage_taken":0,"max_hp_gain":0,"max_hp_loss":0,"event_name":"Mushrooms","floor":10,"gold_loss":0}],"is_beta":false,"boss_relics":[],"items_purged_floors":[],"is_endless":false,"potions_floor_spawned":[3,7,14],"killed_by":"The Guardian","ascension_level":2}}