{"host":"d8ycp5cxg1veo5cq","time":1607841279,"event":{"mods":["BaseMod","Minty Spire (QoL Compilation)","StSLib","The Cursed"],"gold_per_floor":[112,122,122,134,134,151,166,19,69,81,146,146,165,176,176,274,274,288,288,301,28,45,80,80,5,32,32,62,62,62,12,12,112,112,132,151,0,0,12,31,56,56,83,83,98,98,48,61,61,61],"floor_reached":51,"playtime":5357,"items_purged":["TheCursedMod:Strike_TheCursed","TheCursedMod:Defend_TheCursed"],"score":734,"play_id":"94950547-26bd-4ff2-9665-2df9d4a66c5c","local_time":"20201212213439","is_ascension_mode":false,"campfire_choices":[{"data":"TheCursedMod:NeowsMight","floor":12,"key":"SMITH"},{"data":"TheCursedMod:CursedSpellbook","floor":15,"key":"SMITH"},{"floor":24,"key":"DIG"},{"floor":27,"key":"DIG"},{"floor":30,"key":"REST"},{"floor":32,"key":"REST"},{"floor":44,"key":"REST"},{"floor":46,"key":"DIG"},{"floor":49,"key":"DIG"}],"circlet_count":0,"master_deck":["TheCursedMod:Strike_TheCursed","TheCursedMod:Strike_TheCursed","TheCursedMod:Defend_TheCursed","TheCursedMod:Defend_TheCursed+1","TheCursedMod:Defend_TheCursed+1","TheCursedMod:CursedWand","TheCursedMod:CleanUpWorkshop","TheCursedMod:Dregs","TheCursedMod:Hemoplague","TheCursedMod:CursedAmulet","TheCursedMod:SpitefulStrike","TheCursedMod:FleshFromBone","TheCursedMod:Hemoplague","TheCursedMod:HellsGateOpen","TheCursedMod:NeowsMight+1","TheCursedMod:ShockAndAwe","TheCursedMod:RapidMovement","TheCursedMod:CursedSpellbook+1","TheCursedMod:Neurasthenia","CurseOfTheBell","TheCursedMod:SpreadPlague","TheCursedMod:VitalStrike","TheCursedMod:AntiAging","TheCursedMod:SurpriseAttack+1","TheCursedMod:VoidForm","TheCursedMod:SurpriseAttack+1","TheCursedMod:Grudge+1","TheCursedMod:SurpriseAttack+1","TheCursedMod:SurpriseAttack+1","TheCursedMod:TroublousMinions+1","TheCursedMod:HellfireBreathing+1"],"relics":["TheCursedMod:BlackMagic101","NeowsBlessing","Strawberry","Singing Bowl","Calling Bell","Regal Pillow","Shuriken","Shovel","PreservedInsect","TheCursedMod:BloodyHarpoon","Bag of Marbles","Molten Egg 2","Toy Ornithopter","Art of War","Prayer Wheel","TheCursedMod:FourLeafCloverCharm","Red Mask","TheCursedMod:SoulVessel","Mercury Hourglass","Smiling Mask","Anchor","Vajra"],"acts_visited":["Exordium","TheCity","TheBeyond"],"potions_floor_usage":[7,11,16,29,33,45,50,50,50],"damage_taken":[{"damage":0,"enemies":"Jaw Worm","floor":1,"turns":1},{"damage":0,"enemies":"Cultist","floor":2,"turns":1},{"damage":0,"enemies":"Small Slimes","floor":4,"turns":2},{"damage":0,"enemies":"2 Fungi Beasts","floor":6,"turns":5},{"damage":2,"enemies":"Looter","floor":7,"turns":4},{"damage":5,"enemies":"Exordium Thugs","floor":10,"turns":6},{"damage":0,"enemies":"Gremlin Nob","floor":11,"turns":3},{"damage":9,"enemies":"Gremlin Gang","floor":13,"turns":5},{"damage":0,"enemies":"Red Slaver","floor":14,"turns":2},{"damage":29,"enemies":"Hexaghost","floor":16,"turns":9},{"damage":0,"enemies":"Chosen","floor":18,"turns":5},{"damage":3,"enemies":"Shell Parasite","floor":20,"turns":4},{"damage":19,"enemies":"Snake Plant","floor":22,"turns":4},{"damage":17,"enemies":"Gremlin Leader","floor":23,"turns":4},{"damage":29,"enemies":"Book of Stabbing","floor":28,"turns":5},{"damage":9,"enemies":"Colosseum Slavers","floor":29,"turns":4},{"damage":61,"enemies":"Automaton","floor":33,"turns":10},{"damage":3,"enemies":"3 Shapes","floor":35,"turns":7},{"damage":19,"enemies":"3 Darklings","floor":36,"turns":5},{"damage":36,"enemies":"Maw","floor":39,"turns":8},{"damage":28,"enemies":"Writhing Mass","floor":40,"turns":6},{"damage":12,"enemies":"Giant Head","floor":41,"turns":6},{"damage":1,"enemies":"4 Shapes","floor":45,"turns":4},{"damage":0,"enemies":"3 Darklings","floor":48,"turns":5},{"damage":59,"enemies":"Awakened One","floor":50,"turns":7}],"seed_played":"547282381447749668","potions_obtained":[{"floor":2,"key":"FearPotion"},{"floor":4,"key":"LiquidMemories"},{"floor":14,"key":"FearPotion"},{"floor":16,"key":"FearPotion"},{"floor":18,"key":"Explosive Potion"},{"floor":20,"key":"Strength Potion"},{"floor":28,"key":"DuplicationPotion"},{"floor":33,"key":"EssenceOfSteel"},{"floor":35,"key":"Strength Potion"},{"floor":48,"key":"PowerPotion"}],"is_trial":false,"path_per_floor":["M","M","?","M","?","M","M","$","T","M","?","R","M","M","R","B",null,"M","?","M","$","M","E","R","$","T","R","E","?","R","?","R","B",null,"M","M","?","T","M","M","E","$","T","R","M","R","$","M","R","B",null],"character_chosen":"THE_CURSED","items_purchased":["TheCursedMod:NeowsMight","TheCursedMod:BloodyHarpoon","TheCursedMod:VitalStrike"],"campfire_rested":3,"item_purchase_floors":[8,21,21],"current_hp_per_floor":[75,75,75,75,60,60,58,58,65,60,60,60,53,53,53,24,84,86,86,83,83,64,51,51,51,51,51,22,18,60,60,90,36,92,91,78,78,78,57,39,32,32,32,80,90,90,90,100,100,59],"gold":61,"neow_bonus":"THREE_ENEMY_KILL","is_daily":false,"chose_seed":false,"campfire_upgraded":2,"win_rate":0.0,"timestamp":1607841279,"path_taken":["M","M","?","?","?","M","M","?","T","M","?","R","M","M","R","BOSS","M","?","M","$","M","E","R","$","T","R","E","?","R","?","R","BOSS","M","M","?","?","M","?","E","?","T","R","?","R","$","M","R","BOSS"],"items_purchased_type":["Card","Relic","Card"],"build_version":"2020-11-30","purchased_purges":2,"victory":true,"max_hp_per_floor":[75,75,75,75,75,75,75,75,82,82,82,82,84,84,84,84,84,86,86,86,86,86,90,90,90,90,90,90,90,90,90,90,92,92,94,100,100,100,104,110,112,112,112,112,114,114,114,116,116,116],"card_choices":[{"not_picked":["TheCursedMod:CircleOfCorruption","TheCursedMod:CursedBlade"],"picked":"TheCursedMod:Hemoplague","floor":1},{"not_picked":["TheCursedMod:RavingStaff","TheCursedMod:CircleOfAmplification"],"picked":"TheCursedMod:CursedAmulet","floor":2},{"not_picked":["TheCursedMod:Torture","TheCursedMod:CircleOfCorruption"],"picked":"TheCursedMod:FleshFromBone","floor":4},{"not_picked":["TheCursedMod:SmokeScreen","TheCursedMod:WearCloak"],"picked":"TheCursedMod:Hemoplague","floor":6},{"not_picked":["TheCursedMod:CursedBlade","TheCursedMod:SurpriseAttack"],"picked":"TheCursedMod:HellsGateOpen","floor":7},{"not_picked":["TheCursedMod:CursedSpellbook","TheCursedMod:Torture"],"picked":"TheCursedMod:ShockAndAwe","floor":10},{"not_picked":["TheCursedMod:ReleasedKnowledge","TheCursedMod:CursedMace"],"picked":"TheCursedMod:RapidMovement","floor":11},{"not_picked":["TheCursedMod:CursedShiv","TheCursedMod:FleshFromBone","TheCursedMod:Wield"],"picked":"Singing Bowl","floor":13},{"not_picked":["TheCursedMod:TacticalStrike","TheCursedMod:RapidMovement"],"picked":"TheCursedMod:CursedSpellbook","floor":14},{"not_picked":["TheCursedMod:DemonicPact","TheCursedMod:ManaCirculation"],"picked":"TheCursedMod:Neurasthenia","floor":16},{"not_picked":["TheCursedMod:SmokeScreen","TheCursedMod:DoubleShield","TheCursedMod:RapidMovement"],"picked":"Singing Bowl","floor":18},{"not_picked":["TheCursedMod:VitalStrike","TheCursedMod:Hemoplague"],"picked":"TheCursedMod:SpreadPlague","floor":20},{"not_picked":["TheCursedMod:ReleasedStrength","TheCursedMod:SpitefulStrike"],"picked":"TheCursedMod:AntiAging","floor":22},{"not_picked":["TheCursedMod:RavingStaff","TheCursedMod:CursedMace+1","TheCursedMod:FleshFromBone"],"picked":"Singing Bowl","floor":23},{"not_picked":["TheCursedMod:DemonicPact","TheCursedMod:Stretching"],"picked":"TheCursedMod:SurpriseAttack+1","floor":28},{"not_picked":["TheCursedMod:NeowsMight","TheCursedMod:CircleOfAbyss"],"picked":"TheCursedMod:VoidForm","floor":33},{"not_picked":["TheCursedMod:WearCloak","TheCursedMod:FleshFromBone"],"picked":"TheCursedMod:SurpriseAttack+1","floor":35},{"not_picked":["TheCursedMod:BlessingInDisguise+1","TheCursedMod:CircleOfCorruption"],"picked":"TheCursedMod:Grudge+1","floor":35},{"not_picked":["TheCursedMod:CursedShiv+1","TheCursedMod:WearCloak","TheCursedMod:FleshFromBone"],"picked":"Singing Bowl","floor":36},{"not_picked":["TheCursedMod:Torture+1","TheCursedMod:Obscuration","TheCursedMod:ReleasedStrength+1"],"picked":"Singing Bowl","floor":36},{"not_picked":["TheCursedMod:Stretching","TheCursedMod:CursedArmor+1"],"picked":"TheCursedMod:SurpriseAttack+1","floor":39},{"not_picked":["TheCursedMod:CircleOfFocus","TheCursedMod:CircleOfCorruption+1","TheCursedMod:SmokeScreen+1"],"picked":"Singing Bowl","floor":39},{"not_picked":["TheCursedMod:CursedMace+1","TheCursedMod:ReleasedKnowledge+1","TheCursedMod:CircleOfCorruption+1"],"picked":"Singing Bowl","floor":40},{"not_picked":["TheCursedMod:CircleOfAbyss","TheCursedMod:CursedAmulet","TheCursedMod:RavingStaff+1"],"picked":"Singing Bowl","floor":40},{"not_picked":["TheCursedMod:CursedArmor","TheCursedMod:SaltUponWound","TheCursedMod:FleshFromBone+1"],"picked":"Singing Bowl","floor":41},{"not_picked":["TheCursedMod:Grudge+1","TheCursedMod:CircleOfBlood+1"],"picked":"TheCursedMod:SurpriseAttack+1","floor":45},{"not_picked":["TheCursedMod:Stretching","TheCursedMod:RapidMovement+1"],"picked":"TheCursedMod:TroublousMinions+1","floor":45},{"not_picked":["TheCursedMod:CursedBlade+1","TheCursedMod:FleshFromBone+1"],"picked":"TheCursedMod:HellfireBreathing+1","floor":48},{"not_picked":["TheCursedMod:SpreadPlague+1","TheCursedMod:LuckyCharm","TheCursedMod:CircleOfCorruption+1"],"picked":"Singing Bowl","floor":48}],"player_experience":2579622,"relics_obtained":[{"floor":9,"key":"Strawberry"},{"floor":17,"key":"Regal Pillow"},{"floor":17,"key":"Shuriken"},{"floor":17,"key":"Shovel"},{"floor":23,"key":"Bag of Marbles"},{"floor":24,"key":"Molten Egg 2"},{"floor":26,"key":"Toy Ornithopter"},{"floor":27,"key":"Art of War"},{"floor":28,"key":"Prayer Wheel"},{"floor":38,"key":"TheCursedMod:SoulVessel"},{"floor":41,"key":"Mercury Hourglass"},{"floor":43,"key":"Smiling Mask"},{"floor":46,"key":"Anchor"},{"floor":49,"key":"Vajra"}],"event_choices":[{"damage_healed":0,"gold_gain":0,"cards_transformed":["TheCursedMod:Strike_TheCursed"],"player_choice":"Transformed","damage_taken":0,"max_hp_gain":0,"max_hp_loss":0,"event_name":"Transmorgrifier","floor":3,"gold_loss":0,"cards_obtained":["TheCursedMod:SpitefulStrike"]},{"damage_healed":0,"gold_gain":0,"player_choice":"Entered Light","damage_taken":15,"max_hp_gain":0,"max_hp_loss":0,"event_name":"Shining Light","floor":5,"gold_loss":0,"cards_upgraded":["TheCursedMod:Defend_TheCursed","TheCursedMod:Defend_TheCursed"]},{"damage_healed":0,"gold_gain":0,"player_choice":"Searched \u00272\u0027 times","damage_taken":0,"relics_obtained":["Singing Bowl"],"max_hp_gain":0,"max_hp_loss":0,"event_name":"Dead Adventurer","floor":11,"gold_loss":0},{"damage_healed":0,"gold_gain":0,"player_choice":"Opened","damage_taken":0,"relics_obtained":["PreservedInsect"],"max_hp_gain":0,"max_hp_loss":0,"event_name":"The Mausoleum","floor":19,"gold_loss":0},{"damage_healed":0,"gold_gain":0,"player_choice":"Fight","damage_taken":0,"max_hp_gain":0,"max_hp_loss":0,"event_name":"Colosseum","floor":29,"gold_loss":0},{"damage_healed":0,"gold_gain":0,"player_choice":"Fled From Nobs","damage_taken":0,"max_hp_gain":0,"max_hp_loss":0,"event_name":"Colosseum","floor":29,"gold_loss":0},{"damage_healed":0,"gold_gain":0,"player_choice":"Bet on Murderer","damage_taken":0,"max_hp_gain":0,"max_hp_loss":0,"event_name":"The Joust","floor":31,"gold_loss":50},{"damage_healed":0,"gold_gain":0,"player_choice":"Paid","damage_taken":0,"relics_obtained":["Red Mask"],"max_hp_gain":0,"max_hp_loss":0,"event_name":"Tomb of Lord Red Mask","floor":37,"gold_loss":151}],"is_beta":false,"boss_relics":[{"not_picked":["Runic Pyramid","Cursed Key"],"picked":"Calling Bell"},{"not_picked":["Astrolabe","Philosopher\u0027s Stone"],"picked":"TheCursedMod:FourLeafCloverCharm"}],"items_purged_floors":[25,47],"is_endless":false,"potions_floor_spawned":[2,4,14,16,18,20,28,33,35,36,40,48],"ascension_level":0}}