{"host":"ow9msrs9p2ctkx99","time":1607897320,"event":{"mods":["AchievementEnabler","BaseMod","Colored Map","Colored Powertips","Minty Spire (QoL Compilation)","Permanent Neow","Quick Restart","SuperFastMode"],"gold_per_floor":[213,62,74,24,24,24,57,57,57,92,106,129,129,143,143,271,271,295,295,565,585,608,608,652,281,281,281,281],"floor_reached":27,"playtime":483,"items_purged":["Zap"],"score":374,"play_id":"53d7ed83-5dc9-4886-a03c-dce2e76da227","local_time":"20201213230840","is_ascension_mode":true,"campfire_choices":[{"data":"Streamline","floor":6,"key":"SMITH"},{"floor":13,"key":"REST"},{"data":"Defragment","floor":15,"key":"SMITH"},{"floor":23,"key":"REST"}],"circlet_count":0,"master_deck":["AscendersBane","Strike_B+1","Strike_B+1","Strike_B+1","Defend_B+1","Defend_B+1","Defend_B+1","Defend_B+1","Dualcast","Streamline+1","Core Surge","Melter","Compile Driver","Defragment+1","Capacitor","Doom and Gloom","Echo Form","Steam","Chill","Coolheaded","Sunder+1"],"relics":["FrozenCore","Orichalcum","Golden Idol","Dream Catcher","Anchor","Akabeko","PreservedInsect","Gremlin Horn","Blue Candle"],"acts_visited":["Exordium","TheCity"],"potions_floor_usage":[7,16,18,24,24,27],"damage_taken":[{"damage":2,"enemies":"Small Slimes","floor":1,"turns":3},{"damage":7,"enemies":"Jaw Worm","floor":3,"turns":3},{"damage":32,"enemies":"Lagavulin","floor":7,"turns":8},{"damage":12,"enemies":"Gremlin Nob","floor":10,"turns":4},{"damage":0,"enemies":"Cultist","floor":11,"turns":2},{"damage":0,"enemies":"Blue Slaver","floor":12,"turns":2},{"damage":0,"enemies":"Exordium Wildlife","floor":14,"turns":2},{"damage":28,"enemies":"Hexaghost","floor":16,"turns":9},{"damage":4,"enemies":"3 Byrds","floor":18,"turns":5},{"damage":0,"enemies":"Spheric Guardian","floor":21,"turns":3},{"damage":6,"enemies":"Shelled Parasite and Fungi","floor":22,"turns":4},{"damage":7,"enemies":"Slavers","floor":24,"turns":5},{"damage":24,"enemies":"Book of Stabbing","floor":27,"turns":5}],"seed_played":"-8854769606673827662","potions_obtained":[{"floor":1,"key":"SkillPotion"},{"floor":10,"key":"ColorlessPotion"},{"floor":14,"key":"Swift Potion"},{"floor":21,"key":"Block Potion"},{"floor":22,"key":"LiquidMemories"}],"is_trial":false,"path_per_floor":["M","$","M","?","?","R","E","?","T","E","M","M","R","M","R","B",null,"M","?","?","M","M","R","E","$","T","E"],"character_chosen":"DEFECT","items_purchased":["Orichalcum","Gremlin Horn","FocusPotion"],"campfire_rested":2,"item_purchase_floors":[2,25,25],"current_hp_per_floor":[66,66,59,59,59,59,27,24,24,12,12,12,32,32,32,4,53,49,49,16,16,10,30,23,23,23,0,0],"gold":281,"neow_bonus":"HUNDRED_GOLD","is_daily":false,"chose_seed":false,"campfire_upgraded":2,"win_rate":0.0,"timestamp":1607897320,"path_taken":["M","$","M","?","?","R","E","?","T","E","M","M","R","M","R","BOSS","M","?","?","M","?","R","E","$","T","E"],"items_purchased_type":["Relic","Relic","Potion"],"build_version":"2020-11-30","purchased_purges":1,"victory":false,"max_hp_per_floor":[75,75,75,75,69,69,69,69,69,69,69,69,69,69,69,69,69,69,69,69,69,69,69,69,69,69,69,69],"card_choices":[{"not_picked":["Scrape","Barrage","Hologram"],"picked":"SKIP","floor":1},{"not_picked":["Rip and Tear","Gash"],"picked":"Streamline","floor":3},{"not_picked":["Undo","Storm"],"picked":"Core Surge","floor":7},{"not_picked":["Redo","Turbo"],"picked":"Melter","floor":10},{"not_picked":["Fusion","Steam"],"picked":"Compile Driver","floor":11},{"not_picked":["Skim","Barrage"],"picked":"Defragment","floor":12},{"not_picked":["Streamline","Rebound"],"picked":"Capacitor","floor":13},{"not_picked":["Undo","Chaos"],"picked":"Doom and Gloom","floor":14},{"not_picked":["Meteor Strike","Fission"],"picked":"Echo Form","floor":16},{"not_picked":["Go for the Eyes","Turbo"],"picked":"Steam","floor":18},{"not_picked":["Reprogram","Blizzard","Storm+1"],"picked":"SKIP","floor":21},{"not_picked":["Barrage","Storm+1"],"picked":"Chill","floor":22},{"not_picked":["Gash","Force Field"],"picked":"Coolheaded","floor":23},{"not_picked":["Cold Snap","Rainbow"],"picked":"Sunder+1","floor":24}],"player_experience":1045205,"relics_obtained":[{"floor":7,"key":"Dream Catcher"},{"floor":10,"key":"Akabeko"},{"floor":24,"key":"PreservedInsect"},{"floor":26,"key":"Blue Candle"}],"event_choices":[{"cards_removed":["Strike_B"],"damage_healed":0,"gold_gain":0,"player_choice":"Card Removal","damage_taken":0,"max_hp_gain":0,"max_hp_loss":0,"event_name":"The Cleric","floor":4,"gold_loss":50},{"damage_healed":0,"gold_gain":0,"player_choice":"Lose Max HP","damage_taken":0,"relics_obtained":["Golden Idol"],"max_hp_gain":0,"max_hp_loss":6,"event_name":"Golden Idol","floor":5,"gold_loss":0},{"damage_healed":0,"gold_gain":0,"player_choice":"Success","damage_taken":3,"relics_obtained":["Anchor"],"max_hp_gain":0,"max_hp_loss":0,"event_name":"Scrap Ooze","floor":8,"gold_loss":0},{"damage_healed":0,"gold_gain":0,"player_choice":"Simplicity","damage_taken":0,"max_hp_gain":0,"max_hp_loss":0,"event_name":"Back to Basics","floor":19,"gold_loss":0,"cards_upgraded":["Strike_B","Strike_B","Strike_B","Defend_B","Defend_B","Defend_B","Defend_B"]},{"damage_healed":0,"gold_gain":270,"player_choice":"POTION GOLD GOLD GOLD ","damage_taken":33,"max_hp_gain":0,"max_hp_loss":0,"event_name":"Knowing Skull","floor":20,"potions_obtained":["GamblersBrew"],"gold_loss":0,"cards_obtained":[]}],"is_beta":false,"boss_relics":[{"not_picked":["Pandora\u0027s Box","Astrolabe"],"picked":"FrozenCore"}],"items_purged_floors":[25],"is_endless":false,"potions_floor_spawned":[1,10,14,21,22],"killed_by":"Book of Stabbing","ascension_level":11}}