{"host":"ow9msrs9p2ctkx99","time":1607829593,"event":{"mods":["AchievementEnabler","BaseMod","Colored Map","Colored Powertips","Minty Spire (QoL Compilation)","Permanent Neow","Quick Restart","SuperFastMode"],"gold_per_floor":[112,129,304,304,5,5,31,31,31,31,31,31,31,45,45,145,145,164,64,76,175,100,100,100,135,159,194,194,204,219,74,74,177,177,195,52,0,0,0,17,44,44,44,70,70,100,100,118,118,118,118,118,2,33,33,33],"floor_reached":55,"playtime":1251,"items_purged":["Shame","Regret"],"score":1365,"play_id":"e4e6f9f9-c659-41d7-b1bd-94fd66c7cffe","local_time":"20201213041953","is_ascension_mode":true,"campfire_choices":[{"data":"1","floor":6.0,"key":"LIFT"},{"data":"2","floor":10.0,"key":"LIFT"},{"data":"3","floor":12.0,"key":"LIFT"},{"data":"Beam Cell","floor":15.0,"key":"SMITH"},{"data":"Hyperbeam","floor":23.0,"key":"SMITH"},{"data":"Dualcast","floor":28.0,"key":"SMITH"},{"data":"All For One","floor":32.0,"key":"SMITH"},{"floor":42.0,"key":"RECALL"},{"floor":45.0,"key":"REST"},{"data":"Buffer","floor":47,"key":"SMITH"},{"data":"Gash","floor":49,"key":"SMITH"},{"data":"Gash","floor":52,"key":"SMITH"}],"circlet_count":0,"master_deck":["AscendersBane","Dualcast+1","FTL","Beam Cell+1","Core Surge","Undo","Hyperbeam+1","Fission+1","Aggregate+1","All For One+1","Chaos+1","Hologram+1","Leap+1","Stack+1","Turbo+1","Reboot+1","Conserve Battery+1","Gash+1","Buffer+1","Leap+1","Gash+1","Violence+1","Enlightenment+1","PanicButton+1","Steam+1","Reprogram+1","Hologram+1","Auto Shields+1","FTL","Coolheaded+1","Fission+1"],"relics":["Cracked Core","Girya","Vajra","Turnip","Toxic Egg 2","Bronze Scales","Pandora\u0027s Box","Bag of Preparation","Regal Pillow","Anchor","Oddly Smooth Stone","Boot","Empty Cage","DollysMirror","Red Mask","Strawberry","Unceasing Top","Bottled Flame","StoneCalendar","Toy Ornithopter"],"acts_visited":["Exordium","TheCity","TheBeyond","TheEnding"],"potions_floor_usage":[46,50,55,55],"damage_taken":[{"damage":3.0,"enemies":"2 Louse","floor":1.0,"turns":2.0},{"damage":3.0,"enemies":"Jaw Worm","floor":2.0,"turns":4.0},{"damage":20.0,"enemies":"Lagavulin","floor":7.0,"turns":6.0},{"damage":2.0,"enemies":"Small Slimes","floor":14.0,"turns":2.0},{"damage":40.0,"enemies":"The Guardian","floor":16.0,"turns":8.0},{"damage":4.0,"enemies":"Shell Parasite","floor":18.0,"turns":5.0},{"damage":0.0,"enemies":"Spheric Guardian","floor":20.0,"turns":3.0},{"damage":0.0,"enemies":"Gremlin Leader","floor":25.0,"turns":4.0},{"damage":10.0,"enemies":"Slavers","floor":27.0,"turns":3.0},{"damage":3.0,"enemies":"Snecko","floor":29.0,"turns":4.0},{"damage":0.0,"enemies":"3 Cultists","floor":30.0,"turns":2.0},{"damage":0.0,"enemies":"Collector","floor":33.0,"turns":5.0},{"damage":10.0,"enemies":"3 Darklings","floor":35.0,"turns":4.0},{"damage":0.0,"enemies":"3 Shapes","floor":40.0,"turns":1.0},{"damage":0.0,"enemies":"Nemesis","floor":41.0,"turns":1.0},{"damage":26.0,"enemies":"Reptomancer","floor":44.0,"turns":3.0},{"damage":0,"enemies":"Giant Head","floor":46,"turns":7},{"damage":2,"enemies":"Spire Growth","floor":48,"turns":3},{"damage":37,"enemies":"Awakened One","floor":50,"turns":10},{"damage":0,"enemies":"Shield and Spear","floor":54,"turns":5},{"damage":83,"enemies":"The Heart","floor":55,"turns":8}],"seed_played":"4535373641935928143","potions_obtained":[{"floor":2.0,"key":"FairyPotion"},{"floor":16.0,"key":"Strength Potion"},{"floor":20.0,"key":"SteroidPotion"},{"floor":25.0,"key":"Block Potion"},{"floor":30.0,"key":"BlessingOfTheForge"},{"floor":40.0,"key":"EssenceOfDarkness"},{"floor":46,"key":"DuplicationPotion"}],"is_trial":false,"path_per_floor":["M","M","?","?","$","R","E","$","T","R","$","R","?","M","R","B",null,"M","$","M","?","?","R","?","E","T","E","R","M","M","$","R","B",null,"M","$","?","?","?","M","E","R","T","E","R","E","R","M","R","B",null,"R","$","E","B"],"character_chosen":"DEFECT","items_purchased":["Vajra","Core Surge","Boot","DollysMirror","FTL","Coolheaded+1"],"campfire_rested":1,"item_purchase_floors":[5,5,31,36,53,53],"current_hp_per_floor":[65,62,62,62,62,62,42,42,42,42,42,42,42,40,40,22,62,58,58,58,58,58,58,58,58,58,48,48,45,45,45,45,45,68,58,58,58,48,55,55,55,55,55,29,68,68,68,66,66,29,69,69,69,69,0,0],"gold":33,"neow_bonus":"ONE_RARE_RELIC","is_daily":false,"chose_seed":false,"campfire_upgraded":7,"win_rate":0.0,"timestamp":1607829593,"path_taken":["M","M","?","?","$","R","E","$","T","R","?","R","?","M","R","BOSS","M","$","M","?","?","R","?","E","T","E","R","M","?","$","R","BOSS","M","$","?","?","?","M","E","R","T","E","R","E","R","?","R","BOSS","R","$","E","BOSS"],"items_purchased_type":["Relic","Card","Relic","Relic","Card","Card"],"build_version":"2020-11-30","purchased_purges":2,"victory":false,"max_hp_per_floor":[75,75,75,75,75,75,75,75,75,75,75,75,75,75,75,75,75,75,75,75,75,75,75,75,75,75,75,75,75,75,75,75,75,75,75,75,75,75,82,82,82,82,82,82,82,82,82,82,82,82,82,82,82,82,82,82],"card_choices":[{"not_picked":["Beam Cell","Barrage"],"picked":"FTL","floor":1.0},{"not_picked":["Leap","Conserve Battery"],"picked":"Beam Cell","floor":2.0},{"not_picked":["Sweeping Beam","Turbo"],"picked":"Undo","floor":7.0},{"not_picked":["Streamline","Storm"],"picked":"Hyperbeam","floor":14.0},{"not_picked":["Compile Driver+1","Rebound"],"picked":"Stack+1","floor":18.0},{"not_picked":["Cold Snap","Leap+1"],"picked":"Turbo+1","floor":20.0},{"not_picked":["Streamline","Static Discharge+1"],"picked":"Reboot+1","floor":25.0},{"not_picked":["BootSequence+1","Hello World"],"picked":"Conserve Battery+1","floor":27.0},{"not_picked":["Compile Driver","Cold Snap"],"picked":"Gash","floor":29.0},{"not_picked":["Barrage","Cold Snap","Beam Cell"],"picked":"SKIP","floor":30.0},{"not_picked":["Hyperbeam","Multi-Cast+1"],"picked":"Buffer","floor":33.0},{"not_picked":["Steam Power+1","Chill+1"],"picked":"Leap+1","floor":35.0},{"not_picked":["Metamorphosis+1","Mind Blast"],"picked":"Violence+1","floor":38.0},{"not_picked":["HandOfGreed","Forethought+1"],"picked":"Enlightenment+1","floor":38.0},{"not_picked":["Transmutation+1","Purity+1"],"picked":"PanicButton+1","floor":38.0},{"not_picked":["Blizzard","Cold Snap+1"],"picked":"Steam+1","floor":40.0},{"not_picked":["Echo Form","Redo+1"],"picked":"Reprogram+1","floor":41.0},{"not_picked":["Ball Lightning+1","Tempest+1"],"picked":"Hologram+1","floor":44.0},{"not_picked":["Tempest+1","Beam Cell","Heatsinks+1"],"picked":"SKIP","floor":46},{"not_picked":["Heatsinks","Gash"],"picked":"Auto Shields+1","floor":48},{"not_picked":["Redo+1","Coolheaded+1"],"picked":"Fission+1","floor":54}],"player_experience":981816,"relics_obtained":[{"floor":7.0,"key":"Turnip"},{"floor":9.0,"key":"Toxic Egg 2"},{"floor":25.0,"key":"Regal Pillow"},{"floor":26.0,"key":"Anchor"},{"floor":27.0,"key":"Oddly Smooth Stone"},{"floor":41.0,"key":"Unceasing Top"},{"floor":44.0,"key":"Bottled Flame"},{"floor":46,"key":"StoneCalendar"},{"floor":54,"key":"Toy Ornithopter"}],"event_choices":[{"damage_healed":0.0,"max_hp_gain":0.0,"max_hp_loss":0.0,"gold_gain":175.0,"event_name":"Liars Game","player_choice":"AGREE","floor":3.0,"gold_loss":0.0,"damage_taken":0.0,"cards_obtained":["Doubt"]},{"cards_removed":["Doubt"],"damage_healed":0.0,"max_hp_gain":0.0,"max_hp_loss":0.0,"gold_gain":0.0,"event_name":"Living Wall","player_choice":"Forget","floor":4.0,"gold_loss":0.0,"damage_taken":0.0},{"damage_healed":0.0,"max_hp_gain":0.0,"max_hp_loss":0.0,"gold_gain":0.0,"event_name":"Big Fish","player_choice":"Box","floor":13.0,"gold_loss":0.0,"damage_taken":0.0,"relics_obtained":["Bronze Scales"],"cards_obtained":["Regret"]},{"damage_healed":0.0,"max_hp_gain":0.0,"max_hp_loss":0.0,"gold_gain":99.0,"event_name":"Nest","player_choice":"Stole From Cult","floor":21.0,"gold_loss":0.0,"damage_taken":0.0},{"cards_removed":["Zap"],"damage_healed":0.0,"max_hp_gain":0.0,"max_hp_loss":0.0,"gold_gain":0.0,"event_name":"Beggar","player_choice":"Gave Gold","floor":22.0,"gold_loss":75.0,"damage_taken":0.0},{"damage_healed":0.0,"max_hp_gain":0.0,"max_hp_loss":0.0,"gold_gain":0.0,"event_name":"The Mausoleum","player_choice":"Opened","floor":24.0,"gold_loss":0.0,"damage_taken":0.0,"relics_obtained":["Bag of Preparation"]},{"damage_healed":0.0,"max_hp_gain":0.0,"max_hp_loss":0.0,"gold_gain":0.0,"event_name":"Tomb of Lord Red Mask","player_choice":"Paid","floor":37.0,"gold_loss":52.0,"damage_taken":0.0,"relics_obtained":["Red Mask"]},{"damage_healed":0.0,"max_hp_gain":0.0,"max_hp_loss":0.0,"gold_gain":0.0,"event_name":"SensoryStone","player_choice":"Memory 3","floor":38.0,"gold_loss":0.0,"damage_taken":10.0},{"damage_healed":0.0,"max_hp_gain":0.0,"max_hp_loss":0.0,"gold_gain":0.0,"event_name":"WeMeetAgain","player_choice":"Gave Potion","floor":39.0,"gold_loss":0.0,"damage_taken":0.0,"relics_obtained":["Strawberry"]}],"is_beta":false,"boss_relics":[{"not_picked":["Ectoplasm","Velvet Choker"],"picked":"Pandora\u0027s Box"},{"not_picked":["Snecko Eye","FrozenCore"],"picked":"Empty Cage"}],"items_purged_floors":[5,19],"is_endless":false,"potions_floor_spawned":[2,16,20,25,30,40,46,48],"killed_by":"The Heart","ascension_level":10}}