{"host":"daa8jqyg4gqfaysm","time":1607876830,"event":{"mods":["BaseMod","Colored Powertips","Minty Spire (QoL Compilation)","StSLib"],"gold_per_floor":[117,68,143,143,143,143,186,205,230,111,152,175,175,175,175,175,175],"floor_reached":16,"playtime":244,"items_purged":[],"score":229,"play_id":"d1ce121f-f236-42ec-98fc-ff2b55ae8301","local_time":"20201214002710","is_ascension_mode":true,"campfire_choices":[{"data":"Dagger Spray","floor":6,"key":"SMITH"},{"data":"Wraith Form v2","floor":13,"key":"SMITH"},{"data":"Leg Sweep","floor":15,"key":"SMITH"}],"circlet_count":0,"master_deck":["AscendersBane","Strike_G","Strike_G","Strike_G","Strike_G","Strike_G","Defend_G","Defend_G","Defend_G","Defend_G","Defend_G","Survivor","Neutralize","Deadly Poison","Dagger Spray+1","Wraith Form v2+1","Deflect","PiercingWail","All Out Attack","Poisoned Stab","Leg Sweep+1"],"relics":["Ring of the Snake","NeowsBlessing","Golden Idol","The Courier","PreservedInsect","Orrery","Happy Flower","StoneCalendar"],"acts_visited":["Exordium"],"potions_floor_usage":[11,16],"damage_taken":[{"damage":0,"enemies":"Jaw Worm","floor":1,"turns":1},{"damage":0,"enemies":"Lagavulin","floor":7,"turns":1},{"damage":0,"enemies":"Small Slimes","floor":8,"turns":1},{"damage":2,"enemies":"3 Sentries","floor":11,"turns":3},{"damage":0,"enemies":"2 Louse","floor":12,"turns":2},{"damage":26,"enemies":"The Guardian","floor":16,"turns":9}],"seed_played":"5043695826170564016","potions_obtained":[{"floor":1,"key":"SteroidPotion"},{"floor":12,"key":"Block Potion"}],"is_trial":false,"path_per_floor":["M","$","?","?","?","R","E","M","T","$","E","M","R","?","R","B"],"character_chosen":"THE_SILENT","items_purchased":["Dagger Spray","Orrery"],"campfire_rested":0,"item_purchase_floors":[2,10],"current_hp_per_floor":[59,59,48,25,47,47,47,47,47,47,45,45,45,27,27,1,1],"gold":175,"neow_bonus":"THREE_ENEMY_KILL","is_daily":false,"chose_seed":false,"campfire_upgraded":3,"win_rate":0.0,"timestamp":1607876830,"path_taken":["M","$","?","?","?","R","E","M","T","?","E","M","R","?","R","BOSS"],"items_purchased_type":["Card","Relic"],"build_version":"2020-11-30","purchased_purges":0,"victory":false,"max_hp_per_floor":[66,66,66,66,66,66,66,66,66,66,66,66,66,66,66,66,66],"card_choices":[{"not_picked":["Underhanded Strike","Dash"],"picked":"Deadly Poison","floor":1},{"not_picked":["Deadly Poison","Distraction","Reflex"],"picked":"SKIP","floor":7},{"not_picked":["Underhanded Strike","Prepared","Tactician"],"picked":"SKIP","floor":8},{"not_picked":["Underhanded Strike","Prepared","Tactician"],"picked":"SKIP","floor":8},{"not_picked":["Eviscerate","Blade Dance"],"picked":"Wraith Form v2","floor":10},{"not_picked":["Blade Dance","Backflip"],"picked":"Deflect","floor":10},{"not_picked":["Cloak And Dagger","Masterful Stab"],"picked":"PiercingWail","floor":10},{"not_picked":["Blade Dance","Slice"],"picked":"All Out Attack","floor":10},{"not_picked":["Leg Sweep","Flying Knee"],"picked":"Poisoned Stab","floor":10},{"not_picked":["Deadly Poison","Backflip"],"picked":"Leg Sweep","floor":11},{"not_picked":["Storm of Steel","Underhanded Strike","Deflect"],"picked":"SKIP","floor":12}],"player_experience":672163,"relics_obtained":[{"floor":7,"key":"The Courier"},{"floor":9,"key":"PreservedInsect"},{"floor":11,"key":"Happy Flower"}],"event_choices":[{"damage_healed":0,"gold_gain":75,"player_choice":"Gather Gold","damage_taken":11,"max_hp_gain":0,"max_hp_loss":0,"event_name":"World of Goop","floor":3,"gold_loss":0},{"damage_healed":0,"gold_gain":0,"player_choice":"Take Damage","damage_taken":23,"relics_obtained":["Golden Idol"],"max_hp_gain":0,"max_hp_loss":0,"event_name":"Golden Idol","floor":4,"gold_loss":0},{"damage_healed":22,"gold_gain":0,"player_choice":"Banana","damage_taken":0,"max_hp_gain":0,"max_hp_loss":0,"event_name":"Big Fish","floor":5,"gold_loss":0},{"damage_healed":0,"gold_gain":0,"player_choice":"Success","damage_taken":18,"relics_obtained":["StoneCalendar"],"max_hp_gain":0,"max_hp_loss":0,"event_name":"Scrap Ooze","floor":14,"gold_loss":0}],"is_beta":false,"boss_relics":[],"items_purged_floors":[],"is_endless":false,"potions_floor_spawned":[1,12],"killed_by":"The Guardian","ascension_level":15}}