{"host":"07ljfmttuzqopd7f","time":1607845739,"event":{"mods":["2.2 Compatiblity","BaseMod","Bestiary","Block Reminder","Colored Map","Colored Powertips","Curses Come First","Hermit","Minty Spire (QoL Compilation)","Quick Restart","Random Character Button","Rare Cards Sparkle","Relic Stats","StSLib","The Cursed","UnlockEverythingMod"],"gold_per_floor":[112,112,287,9,20,53,53,83,106,121,121,152,152,172,172,274,274,285,297,330,344,46,46,46],"floor_reached":23,"playtime":643,"items_purged":[],"score":293,"play_id":"357c1de3-43b3-4979-be7a-680eb41c8ba1","local_time":"20201213024859","is_ascension_mode":true,"campfire_choices":[{"data":"hermit:Manifest","floor":7,"key":"SMITH"},{"floor":13,"key":"REST"},{"data":"hermit:Magnum","floor":15,"key":"SMITH"}],"circlet_count":0,"master_deck":["hermit:Strike_Hermit","hermit:Strike_Hermit","hermit:Strike_Hermit","hermit:Defend_Hermit","hermit:Defend_Hermit","hermit:Defend_Hermit","hermit:Snapshot","hermit:Covet","hermit:Desperado","Regret","Doubt","hermit:RoundhouseKick","hermit:FlashPowder","hermit:WideOpen","hermit:Virtue+1","hermit:Manifest+1","hermit:Snipe+1","hermit:Magnum+1","hermit:FromBeyond"],"relics":["hermit:Momento","NeowsBlessing","Oddly Smooth Stone","White Beast Statue","Blue Candle","Juzu Bracelet","Pen Nib","Nunchaku","Empty Cage","Red Mask","War Paint","Blood Vial"],"acts_visited":["Exordium","TheCity"],"potions_floor_usage":[8,12,16,16,18,20,21,21,23,23],"damage_taken":[{"damage":0,"enemies":"2 Louse","floor":1,"turns":1},{"damage":0,"enemies":"Jaw Worm","floor":5,"turns":1},{"damage":0,"enemies":"3 Sentries","floor":6,"turns":2},{"damage":19,"enemies":"Lagavulin","floor":8,"turns":5},{"damage":0,"enemies":"Small Slimes","floor":10,"turns":1},{"damage":22,"enemies":"Gremlin Nob","floor":12,"turns":4},{"damage":0,"enemies":"3 Louse","floor":14,"turns":2},{"damage":40,"enemies":"Hexaghost","floor":16,"turns":9},{"damage":19,"enemies":"3 Byrds","floor":18,"turns":7},{"damage":6,"enemies":"Shell Parasite","floor":19,"turns":4},{"damage":0,"enemies":"Masked Bandits","floor":20,"turns":4},{"damage":45,"enemies":"Snecko","floor":21,"turns":5},{"damage":23,"enemies":"Book of Stabbing","floor":23,"turns":3}],"seed_played":"4529643315418769426","potions_obtained":[{"floor":6,"key":"AttackPotion"},{"floor":8,"key":"Strength Potion"},{"floor":10,"key":"Regen Potion"},{"floor":12,"key":"Dexterity Potion"},{"floor":14,"key":"PowerPotion"},{"floor":16,"key":"Energy Potion"},{"floor":18,"key":"Regen Potion"},{"floor":19,"key":"AttackPotion"},{"floor":20,"key":"Swift Potion"},{"floor":21,"key":"SpeedPotion"}],"is_trial":false,"path_per_floor":["M","?","?","$","M","E","R","E","T","M","?","E","R","M","R","B",null,"M","M","?","M","$","E"],"character_chosen":"HERMIT","items_purchased":["hermit:RoundhouseKick","hermit:FlashPowder","hermit:WideOpen","War Paint","Blood Vial"],"campfire_rested":1,"item_purchase_floors":[4,4,4,22,22],"current_hp_per_floor":[75,75,75,75,75,75,75,56,56,56,53,31,53,53,53,28,63,44,38,38,2,2,0,0],"gold":46,"neow_bonus":"THREE_ENEMY_KILL","is_daily":false,"chose_seed":false,"campfire_upgraded":2,"win_rate":0.0,"timestamp":1607845739,"path_taken":["M","?","?","$","M","E","R","E","T","M","?","E","R","M","R","BOSS","M","M","?","M","$","E"],"items_purchased_type":["Card","Card","Card","Relic","Relic"],"build_version":"2020-11-30","purchased_purges":0,"victory":false,"max_hp_per_floor":[75,75,75,75,75,75,75,75,75,75,75,75,75,75,75,75,75,75,75,75,75,75,75,75],"relic_stats":{"Blood Vial":2,"Nunchaku":[4],"counters":[13,48],"Blue Candle":[0],"Pen Nib":[5],"Juzu Bracelet":0,"War Paint":["hermit:Virtue","hermit:Snipe"],"obtain_stats":[{"Blood Vial":22,"Nunchaku":12,"NeowsBlessing":0,"Blue Candle":8,"Oddly Smooth Stone":2,"Pen Nib":11,"Juzu Bracelet":9,"Red Mask":20,"War Paint":22,"Empty Cage":17,"hermit:Momento":0,"White Beast Statue":6},{"Blood Vial":12,"Nunchaku":6,"NeowsBlessing":0,"Blue Candle":4,"Oddly Smooth Stone":1,"Pen Nib":5,"Juzu Bracelet":4,"Red Mask":11,"War Paint":12,"Empty Cage":8,"hermit:Momento":0,"White Beast Statue":3},{"Blood Vial":45,"Nunchaku":14,"NeowsBlessing":0,"Blue Candle":9,"Oddly Smooth Stone":1,"Pen Nib":10,"Juzu Bracelet":9,"Red Mask":40,"War Paint":45,"Empty Cage":25,"hermit:Momento":0,"White Beast Statue":4}]},"card_choices":[{"not_picked":["hermit:LowProfile","hermit:ItchyTrigger"],"picked":"hermit:Desperado","floor":1},{"not_picked":["hermit:Vantage","hermit:TakeCover"],"picked":"hermit:Virtue","floor":5},{"not_picked":["hermit:Shortfuse","hermit:Headshot"],"picked":"hermit:Manifest","floor":6},{"not_picked":["hermit:Feint","hermit:CalledShot"],"picked":"hermit:Snipe","floor":8},{"not_picked":["hermit:HoleUp","hermit:GhostlyPresence"],"picked":"hermit:Magnum","floor":10},{"not_picked":["hermit:Roulette","hermit:WideOpen","hermit:Feint"],"picked":"SKIP","floor":12},{"not_picked":["hermit:Roulette","hermit:ItchyTrigger","hermit:Maintenance"],"picked":"SKIP","floor":14},{"not_picked":["hermit:FatalDesire","hermit:Purgatory"],"picked":"hermit:FromBeyond","floor":16},{"not_picked":["hermit:Desperado","hermit:Quickdraw","hermit:Ricochet"],"picked":"SKIP","floor":18},{"not_picked":["hermit:Manifest","hermit:Roulette+1","hermit:Headshot+1"],"picked":"SKIP","floor":19},{"not_picked":["hermit:ItchyTrigger","hermit:TakeCover","hermit:Midnight"],"picked":"SKIP","floor":21}],"player_experience":409349,"relics_obtained":[{"floor":6,"key":"White Beast Statue"},{"floor":8,"key":"Blue Candle"},{"floor":9,"key":"Juzu Bracelet"},{"floor":12,"key":"Nunchaku"},{"floor":20,"key":"Red Mask"}],"event_choices":[{"damage_healed":0,"gold_gain":0,"player_choice":"Box","damage_taken":0,"relics_obtained":["Oddly Smooth Stone"],"max_hp_gain":0,"max_hp_loss":0,"event_name":"Big Fish","floor":2,"gold_loss":0,"cards_obtained":["Regret"]},{"damage_healed":0,"gold_gain":175,"player_choice":"AGREE","damage_taken":0,"max_hp_gain":0,"max_hp_loss":0,"event_name":"Liars Game","floor":3,"gold_loss":0,"cards_obtained":["Doubt"]},{"damage_healed":0,"gold_gain":0,"player_choice":"Success","damage_taken":3,"relics_obtained":["Pen Nib"],"max_hp_gain":0,"max_hp_loss":0,"event_name":"Scrap Ooze","floor":11,"gold_loss":0},{"damage_healed":0,"gold_gain":0,"player_choice":"Fought Bandits","damage_taken":0,"max_hp_gain":0,"max_hp_loss":0,"event_name":"Masked Bandits","floor":20,"gold_loss":0}],"is_beta":false,"boss_relics":[{"not_picked":["Snecko Eye","Runic Dome"],"picked":"Empty Cage"}],"items_purged_floors":[],"is_endless":false,"potions_floor_spawned":[6,8,10,12,14,16,18,19,20,21],"killed_by":"Book of Stabbing","ascension_level":5}}