{"host":"lck2g1j0kcwr02ez","time":1607825644,"event":{"mods":["Act Like it!","BaseMod","CapriCore","Hallownest","Minty Spire (QoL Compilation)","Prisma Mod","StSLib","The Bug Knight"],"gold_per_floor":[111,7173,7185,7197,7210,7210,7235,7248,7248,7280,7280,6613,6644,6644,6644,6748,6748,6766,6781,6801,6501,6516,6547,5500,5500,5500,5500,5534,5534,5565,5520,5520,5623,5623,5638,4839,4839,4553,4564,4564,4479,4509,4533,4562,4562,4594,4611,4623,4623,4725,4725,4725,4231,4256,4256,4256],"floor_reached":55,"playtime":4886,"items_purged":["HollowMod:QuickDashStart","HollowMod:NailStrikeStart","HollowMod:NailStrikeStart","HollowMod:NailStrikeStart","HollowMod:QuickDashStart","HollowMod:QuickDashStart+1"],"score":1163,"play_id":"48a6809c-2837-4913-8821-3440c0639938","local_time":"20201213101404","is_ascension_mode":true,"campfire_choices":[{"data":"HollowMod:DashSlash","floor":6.0,"key":"SMITH"},{"data":"PrismaMod:ChloeExcalibur","floor":11.0,"key":"SMITH"},{"data":"HollowMod:GrimmsGift","floor":15.0,"key":"SMITH"},{"floor":27.0,"key":"RECALL"},{"data":"HollowMod:RecoilStrike","floor":29,"key":"SMITH"},{"data":"HollowMod:MothsMistake","floor":32,"key":"SMITH"},{"data":"Madness","floor":40,"key":"SMITH"},{"floor":45,"key":"DIG"},{"floor":49,"key":"DIG"},{"floor":52,"key":"DIG"}],"circlet_count":0,"master_deck":["HollowMod:FocusHealStart","HollowMod:PogoStrike","HollowMod:SiblingsSouls+1","HollowMod:DashSlash+1","Caltrops","Flex","Dropkick","PrismaMod:ChloeExcalibur+1","Sucker Punch","HollowMod:GrimmsGift+1","Flash of Steel","Madness","PrismaMod:IllyaInstallArcher","Dodge and Roll","HollowMod:NewLastStag","HollowMod:RecoilStrike+1","Finesse","Sadistic Nature","HollowMod:SharpenedNail","Conclude+1","HollowMod:MothsMistake+1","Reboot","HollowMod:LordofShades","Madness+1","HollowMod:SiblingsShadow","Madness+1","Aggregate+1","Hallownest:skillKingdomsEdgeMap+1","PrismaMod:ChloeGaeBolg","PrismaMod:ChloeExcalibur","Flash of Steel+1","Sword Boomerang+1","Seek+1","HollowMod:VengefulVoid","HollowMod:CloakDash+1","HollowMod:SharpenedShadows","PrismaMod:ChloeCheapDefendTwo+1"],"relics":["HollowMod:VoidIdolRelic","Ancient Tea Set","PrismaticShard","War Paint","FossilizedHelix","HollowMod:DelicateFlower","Boot","MealTicket","OrangePellets","InkBottle","Hallownest:DreamNailRelic","SacredBark","HollowMod:IsmasTear","HandDrill","Happy Flower","Shuriken","Red Mask","HollowMod:QueensCombRelic","Prayer Wheel","Regal Pillow","Membership Card","Thread and Needle","HornCleat","Toxic Egg 2","Toy Ornithopter","Shovel","Lantern","Bronze Scales","HollowMod:MantisClawRelic","Dream Catcher","Pantograph","White Beast Statue","HollowMod:StagPassRelic","Orichalcum","Lee\u0027s Waffle","Pen Nib"],"acts_visited":["Exordium","Hallownest:Greenpath","Hallownest:CityofTears","TheEnding"],"potions_floor_usage":[30,33,54,55,55],"damage_taken":[{"damage":3.0,"enemies":"Hallownest:2_MossCreeps","floor":1.0,"turns":5.0},{"damage":3.0,"enemies":"Hallownest:2_Tiktiks_and_1_Crawlid","floor":3.0,"turns":4.0},{"damage":0.0,"enemies":"Hallownest:monsterHuskWarrior","floor":4.0,"turns":2.0},{"damage":17.0,"enemies":"Hallownest:1_Ooma_and_2_Uuma","floor":5.0,"turns":5.0},{"damage":3.0,"enemies":"Hallownest:eliteMossKnight","floor":7.0,"turns":4.0},{"damage":0.0,"enemies":"Hallownest:Wandering_and_Horned","floor":8.0,"turns":4.0},{"damage":5.0,"enemies":"Hallownest:eliteCrystalGuardian","floor":10.0,"turns":5.0},{"damage":7.0,"enemies":"Hallownest:eliteVengeflyKing","floor":13.0,"turns":3.0},{"damage":13.0,"enemies":"Hallownest:BossHornet","floor":16.0,"turns":2.0},{"damage":11.0,"enemies":"Hallownest:2_Mistakes","floor":18.0,"turns":4.0},{"damage":0.0,"enemies":"Hallownest:Flukemon_and_Top","floor":19.0,"turns":4.0},{"damage":7.0,"enemies":"Hallownest:monsterShrumalOgre","floor":20.0,"turns":3.0},{"damage":7.0,"enemies":"Hallownest:Master_and_Novice","floor":22.0,"turns":4.0},{"damage":0.0,"enemies":"Hallownest:Nosk","floor":23.0,"turns":4.0},{"damage":1.0,"enemies":"Hallownest:eliteSoulWarrior","floor":28.0,"turns":3.0},{"damage":8,"enemies":"Hallownest:eliteWatcherKnight","floor":30,"turns":7},{"damage":16,"enemies":"Hallownest:BossMantisLord","floor":33,"turns":4},{"damage":0,"enemies":"Hallownest:Shield_Heavy","floor":35,"turns":3},{"damage":0,"enemies":"Hallownest:3_Siblings","floor":39,"turns":3},{"damage":0,"enemies":"Hallownest:eliteCollector","floor":42,"turns":5},{"damage":1,"enemies":"Hallownest:eliteHiveKnight","floor":44,"turns":4},{"damage":0,"enemies":"Hallownest:eliteCollector","floor":46,"turns":3},{"damage":27,"enemies":"Hallownest:monsterPrimalAspid","floor":47,"turns":4},{"damage":19,"enemies":"Hallownest:Shield_Sturdy","floor":48,"turns":3},{"damage":0,"enemies":"Hallownest:Radiance","floor":50,"turns":7},{"damage":8,"enemies":"Shield and Spear","floor":54,"turns":3},{"damage":67,"enemies":"The Heart","floor":55,"turns":5}],"seed_played":"-8017416553632361029","potions_obtained":[{"floor":1.0,"key":"SkillPotion"},{"floor":5.0,"key":"GamblersBrew"},{"floor":18.0,"key":"PowerPotion"},{"floor":28.0,"key":"SkillPotion"},{"floor":30,"key":"SkillPotion"},{"floor":54,"key":"FearPotion"}],"is_trial":false,"path_per_floor":["M","$","M","M","M","R","E","M","T","E","R","$","E","?","R","B",null,"M","M","M","?","M","E","$","?","T","R","E","R","E","?","R","B",null,"M","$","?","$","M","R","?","E","T","E","R","E","M","M","R","B",null,"R","$","E","B"],"character_chosen":"THE_BUGKNIGHT","items_purchased":["Ancient Tea Set","HollowMod:DashSlash","PrismaticShard","War Paint","GamblersBrew","SpeedPotion","Boot","MealTicket","OrangePellets","HollowMod:GrimmsGift","Flash of Steel","HandDrill","Happy Flower","Shuriken","HollowMod:RecoilStrike","Finesse","Sadistic Nature","HollowMod:SharpenedNail","HollowMod:LordofShades","Membership Card","Thread and Needle","HornCleat","Fire Potion","Ancient Potion","Madness","HollowMod:SiblingsShadow","Toxic Egg 2","Toy Ornithopter","HollowMod:StagPassRelic","Orichalcum","Lee\u0027s Waffle","HollowMod:VengefulVoid","HollowMod:CloakDash+1","HollowMod:SharpenedShadows","DistilledChaos"],"campfire_rested":0,"item_purchase_floors":[2,2,2,2,2,2,12,12,12,12,12,24,24,24,24,24,24,24,36,36,36,36,36,36,36,36,38,38,53,53,53,53,53,53,53],"current_hp_per_floor":[75,75,72,72,55,55,52,52,52,47,47,47,40,40,40,27,63,52,52,45,45,38,38,53,53,50,50,49,49,48,48,48,34,46,50,50,50,50,50,50,50,50,50,49,49,50,23,12,12,50,50,50,57,49,0,0],"gold":4256,"neow_bonus":"REMOVE_CARD","is_daily":false,"chose_seed":false,"campfire_upgraded":6,"win_rate":0.0,"timestamp":1607825644,"path_taken":["M","$","M","M","M","R","E","M","T","E","R","$","E","?","R","BOSS","M","?","M","?","M","E","$","?","T","R","E","R","E","?","R","BOSS","M","$","?","$","M","R","?","E","T","E","R","E","M","M","R","BOSS","R","$","E","BOSS"],"items_purchased_type":["Relic","Card","Relic","Relic","Potion","Potion","Relic","Relic","Relic","Card","Card","Relic","Relic","Relic","Card","Card","Card","Card","Card","Relic","Relic","Relic","Potion","Potion","Card","Card","Relic","Relic","Relic","Relic","Relic","Card","Card","Card","Potion"],"build_version":"2020-11-30","purchased_purges":6,"victory":false,"max_hp_per_floor":[75,75,75,75,75,75,75,75,75,75,75,75,75,75,75,75,75,75,75,75,75,75,75,75,75,50,50,50,50,50,50,50,50,50,50,50,50,50,50,50,50,50,50,50,50,50,50,50,50,50,50,50,57,57,57,57],"card_choices":[{"not_picked":["HollowMod:CrystalDash","HollowMod:HeavyBlow"],"picked":"HollowMod:SiblingsSouls","floor":1.0},{"not_picked":["Weave","Tempest"],"picked":"Caltrops","floor":3.0},{"not_picked":["Leg Sweep","Ball Lightning"],"picked":"Flex","floor":4.0},{"not_picked":["HollowMod:SiblingsSouls","True Grit"],"picked":"Dropkick","floor":5.0},{"not_picked":["Bane","HollowMod:PaleKingsBlessing","PrismaMod:MiyuMaid"],"picked":"SKIP","floor":7.0},{"not_picked":["HollowMod:SoulSplash","HollowMod:LuriensSpire"],"picked":"PrismaMod:ChloeExcalibur","floor":8.0},{"not_picked":["PrismaMod:IllyaPoisonTippedWeapons","PrismaMod:IllyaCommonEvoke"],"picked":"Sucker Punch","floor":10.0},{"not_picked":["White Noise","HollowMod:SiblingsSouls"],"picked":"Madness","floor":13.0},{"not_picked":["PrismaMod:ChloeAnyCommonTrace","PrismaMod:IllyaCarnivalDefend"],"picked":"PrismaMod:IllyaInstallArcher","floor":16.0},{"not_picked":["PrismaMod:MiyuCheapEvoke","HollowMod:CornifersMapStart","Deflect"],"picked":"SKIP","floor":18.0},{"not_picked":["PrismaMod:MiyuEvokeCheapDefend+1","Cold Snap+1","Double Energy"],"picked":"SKIP","floor":19.0},{"not_picked":["Entrench","HollowMod:VengefulVoid"],"picked":"Dodge and Roll","floor":20.0},{"not_picked":["Deflect+1","Rip and Tear","Meditate"],"picked":"SKIP","floor":22.0},{"not_picked":["Tantrum","PrismaMod:IllyaCommandSeal+1","PrismaMod:ChloeRuleBreaker"],"picked":"SKIP","floor":23.0},{"not_picked":["Escape Plan","PiercingWail"],"picked":"Conclude+1","floor":28.0},{"not_picked":["HollowMod:CycloneSlash","Halt"],"picked":"HollowMod:MothsMistake","floor":30},{"not_picked":["Magnetism","Demon Form"],"picked":"Reboot","floor":33},{"not_picked":["PrismaMod:IllyaBlindPoisonToss+1","Reflex","PrismaMod:MiyuEvokeCheapAttack"],"picked":"SKIP","floor":35},{"not_picked":["PrismaMod:IllyaHassanGift+1","MentalFortress","HollowMod:NewLittleFool"],"picked":"SKIP","floor":35},{"not_picked":["EmptyFist+1","PrismaMod:IllyaCheapDefend+1"],"picked":"Madness+1","floor":39},{"not_picked":["MentalFortress","Worship+1"],"picked":"Aggregate+1","floor":39},{"not_picked":["Dark Embrace","WindmillStrike+1"],"picked":"PrismaMod:ChloeGaeBolg","floor":42},{"not_picked":["HollowMod:ChannelNail+1","JustLucky+1"],"picked":"PrismaMod:ChloeExcalibur","floor":44},{"not_picked":["Blood for Blood","ReachHeaven+1"],"picked":"Flash of Steel+1","floor":46},{"not_picked":["PrismaMod:ChloeRhongomyniad+1","PrismaMod:MiyuCarnivalAttack+1","HollowMod:HerrahsAnger+1"],"picked":"SKIP","floor":47},{"not_picked":["Consecrate","HollowMod:NewJinnsSoul+1","HollowMod:VengefulSpirit"],"picked":"SKIP","floor":47},{"not_picked":["HollowMod:SoulSplash+1","PrismaMod:IllyaAlice+1"],"picked":"Sword Boomerang+1","floor":48},{"not_picked":["PrismaMod:IllyaRubysPotion+1","Ball Lightning","Blur+1"],"picked":"SKIP","floor":48},{"not_picked":["PrismaMod:MiyuDefenseAbsorbMinor+1","Reboot+1"],"picked":"Seek+1","floor":50},{"not_picked":["PrismaMod:MiyuCheapChannelWeak+1","Quick Slash"],"picked":"PrismaMod:ChloeCheapDefendTwo+1","floor":54}],"player_experience":188480,"relics_obtained":[{"floor":7.0,"key":"FossilizedHelix"},{"floor":10.0,"key":"HollowMod:DelicateFlower"},{"floor":13.0,"key":"InkBottle"},{"floor":23.0,"key":"HollowMod:IsmasTear"},{"floor":26.0,"key":"HollowMod:QueensCombRelic"},{"floor":28.0,"key":"Prayer Wheel"},{"floor":30,"key":"Regal Pillow"},{"floor":42,"key":"Shovel"},{"floor":43,"key":"Lantern"},{"floor":44,"key":"Bronze Scales"},{"floor":45,"key":"HollowMod:MantisClawRelic"},{"floor":46,"key":"Dream Catcher"},{"floor":49,"key":"Pantograph"},{"floor":52,"key":"White Beast Statue"},{"floor":54,"key":"Pen Nib"}],"event_choices":[],"is_beta":false,"boss_relics":[{"not_picked":["Coffee Dripper","Snecko Eye"],"picked":"SacredBark"},{"not_picked":["Busted Crown","Astrolabe"],"picked":"HollowMod:VoidIdolRelic"}],"items_purged_floors":[2,12,24,36,38,53],"is_endless":false,"potions_floor_spawned":[1,5,10,13,18,19,20,28,30,44,46,47,50,54],"killed_by":"The Heart","ascension_level":5}}