{"host":"g53g9qlo34vrqi92","time":1607819129,"event":{"mods":["Aspiration","Bard","BaseMod","Beaked The Cultist","BetterRewards","Colored Map","Conspire","Energized Spire","Fiend Mod","GifTheSpireLib","Googly Eyes","Gremlin Skip","Halation","Hermit","Hubris","Infinite Spire","Jedi Mod","Minty Spire (QoL Compilation)","Permanent Neow","Quick Restart","Relic Filter","Replay The Spire","Spikes Relics","StSLib","Stuff the Spire","Synergy Search","The Bladedancer","The Bug Knight","The Construct","The Cursed","The Factory","The Forsaken","The Jungle","The Necromancer","The Spell Scribe","The Trickster","Trackpad","slay the spire mod where everything is the same but ironclad has a cowboy hat","vexMod"],"gold_per_floor":[118,118,137,151,166,166,166],"floor_reached":6,"playtime":507,"items_purged":[],"score":38,"play_id":"ca749d14-a184-47c7-9e85-4a16c5abcb4f","local_time":"20201212162529","is_ascension_mode":false,"campfire_choices":[],"circlet_count":0,"master_deck":["Fiend:FiendDemonSlash","Fiend:FiendDemonSlash","Fiend:FiendDemonSlash","Fiend:FiendDemonSlash","Fiend:FiendDemonSlash","Fiend:FiendFortify","Fiend:FiendFortify","Fiend:FiendFortify","Fiend:FiendFortify","Fiend:FiendConsume+1","Fiend:FiendFlay","Fiend:FiendMutativeArms","Fiend:FiendMeatPaste","Fiend:FiendInfect"],"relics":["Fiend:FiendTotem"],"acts_visited":["Exordium"],"potions_floor_usage":[6],"damage_taken":[{"damage":4,"enemies":"2 Louse","floor":1,"turns":2},{"damage":13,"enemies":"infinitespire:Voidling","floor":3,"turns":4},{"damage":5,"enemies":"Cultist","floor":4,"turns":4},{"damage":8,"enemies":"Looter","floor":5,"turns":3},{"damage":51,"enemies":"Lagavulin","floor":6,"turns":6}],"seed_played":"-832785774663703867","potions_obtained":[{"floor":3,"key":"Swift Potion"},{"floor":5,"key":"Elixir"}],"is_trial":false,"path_per_floor":["M","?","M","M","M","E"],"character_chosen":"THE_FIEND","items_purchased":[],"campfire_rested":0,"item_purchase_floors":[],"current_hp_per_floor":[66,66,54,50,42,0,0],"gold":166,"neow_bonus":"UPGRADE_CARD","is_daily":false,"chose_seed":false,"campfire_upgraded":0,"win_rate":0.0,"timestamp":1607819129,"path_taken":["M","?","?","M","M","E"],"items_purchased_type":[],"build_version":"2020-11-30","purchased_purges":0,"victory":false,"max_hp_per_floor":[70,70,70,70,70,70,70],"card_choices":[{"not_picked":["Fiend:FiendMeatShield","Fiend:FiendRadiation"],"picked":"Fiend:FiendFlay","floor":1},{"not_picked":["Fiend:FiendBloodPrice","Fiend:FiendRiskyDice","Fiend:FiendAbomination"],"picked":"SKIP","floor":3},{"not_picked":["Fiend:FiendCancer","Fiend:FiendDemonWhip"],"picked":"Fiend:FiendMeatPaste","floor":4},{"not_picked":["Fiend:FiendVaccine","Fiend:FiendRadiation"],"picked":"Fiend:FiendInfect","floor":5}],"player_experience":975308,"relics_obtained":[],"event_choices":[{"damage_healed":0,"gold_gain":0,"player_choice":"1 cards matched","damage_taken":0,"max_hp_gain":0,"max_hp_loss":0,"event_name":"Match and Keep!","floor":2,"gold_loss":0,"cards_obtained":["Fiend:FiendMutativeArms"]}],"is_beta":false,"boss_relics":[],"items_purged_floors":[],"is_endless":false,"potions_floor_spawned":[3,5],"killed_by":"Lagavulin","ascension_level":0}}