{"host":"sqkk9o2m8hbeeiah","time":1607875898,"event":{"mods":["AchievementEnabler","Astrologer","BaseMod","Better Note","Minty Spire (QoL Compilation)","Permanent Neow","Quick Restart","Replay The Spire","Somnambulant","StSLib","The Construct","Trackpad","Waifu the Spire"],"gold_per_floor":[116,129,94,94,94,94,127,137,137,169,10,10,23,56,56,159,159,139,139,154,167,167,196,196,231,258,258,276,310,310,12,12,129,129,148,148,110,128,166,166,200,200,200,261,287,307,345,445,445,451,451],"floor_reached":50,"playtime":2516,"items_purged":[],"score":856,"play_id":"7e1628f1-17b0-4ede-9f22-0a3026c45b81","local_time":"20201214031138","daily_mods":["Cursed Run","Uncertain Future","Elite Swarm"],"is_ascension_mode":false,"campfire_choices":[{"data":"Zap","floor":6,"key":"SMITH"},{"floor":12,"key":"REST"},{"floor":15,"key":"REST"},{"floor":24,"key":"REST"},{"floor":27,"key":"REST"},{"data":"ReplayTheSpireMod:Omega Cannon","floor":32,"key":"SMITH"},{"data":"Fusion","floor":32,"key":"SMITH"},{"data":"Electrodynamics","floor":40,"key":"SMITH"},{"data":"BasicCrystalCard","floor":40,"key":"SMITH"},{"floor":42,"key":"REST"},{"floor":49,"key":"REST"}],"circlet_count":0,"master_deck":["Strike_B","Strike_B","Strike_B","Strike_B+1","Defend_B","Defend_B","Defend_B","Defend_B","Zap+1","Dualcast","Ball Lightning","Go for the Eyes","ReplayTheSpireMod:Faulty Equipment","ReplayTheSpireMod:Omega Cannon+1","Capacitor","Regret","Electrodynamics+1","ReplayTheSpireMod:IOU","FIFO Queue","BasicCrystalCard+1","Coolheaded","Steam","Buffer","Replay:Hysterical Blindness","Core Surge","Turbo+1","somnambulantmod: SickeningSwathe+1","Leap","Consume","Decay","Seek","Amnesia","Rip and Tear+1","Fusion+1","Echo Form+1","CommonCold","ReplayTheSpireMod:Doomed","Mirror Shield","Conserve Battery","Conserve Battery+1","Doom and Gloom","Glacier","Compile Driver","Rainbow","Coolheaded+1","Amplify","Decay","Buffer","Cold Snap","Sunder+1","Melter","Leap+1","Multi-Cast"],"relics":["Cursed Key","Darkstone Periapt","Du-Vu Doll","Sundial","trackpad:SneckoScepter","Potion Belt","White Beast Statue","Replay:Wax Seal","trackpad:BottledShadow","SlaversCollar","trackpad:RapidFire","Prayer Wheel","trackpad:BottledTsunami","Pen Nib","Replay:Bandana","Replay:Arrowhead","Raider\u0027s Mask","Blood Vial","trackpad:Coffee","Unceasing Top","Question Card","Replay:Antivirus Software","Onion Ring"],"acts_visited":["Exordium","TheCity","TheBeyond"],"potions_floor_usage":[7,10,16,18,18,18,21,23,28,28,29,29,38,41,41,41,41,46,46,50],"damage_taken":[{"damage":6,"enemies":"Jaw Worm","floor":1,"turns":3},{"damage":0,"enemies":"Cultist","floor":2,"turns":3},{"damage":24,"enemies":"Gremlin Nob","floor":7,"turns":4},{"damage":0,"enemies":"Small Slimes","floor":8,"turns":2},{"damage":2,"enemies":"3 Sentries","floor":10,"turns":3},{"damage":8,"enemies":"2 Fungi Beasts","floor":13,"turns":3},{"damage":13,"enemies":"Replay:BlueRogue","floor":14,"turns":4},{"damage":35,"enemies":"The Guardian","floor":16,"turns":9},{"damage":19,"enemies":"2 Thieves","floor":18,"turns":4},{"damage":13,"enemies":"Shell Parasite","floor":20,"turns":4},{"damage":3,"enemies":"Cultist and Chosen","floor":21,"turns":4},{"damage":21,"enemies":"Gremlin Leader","floor":23,"turns":4},{"damage":28,"enemies":"Replay:Snechameleon","floor":25,"turns":4},{"damage":7,"enemies":"Snake Plant","floor":28,"turns":4},{"damage":3,"enemies":"Book of Stabbing","floor":29,"turns":2},{"damage":18,"enemies":"Automaton","floor":33,"turns":4},{"damage":10,"enemies":"3 Shapes","floor":35,"turns":4},{"damage":0,"enemies":"Orb Walker","floor":38,"turns":2},{"damage":16,"enemies":"Writhing Mass","floor":39,"turns":3},{"damage":31,"enemies":"Nemesis","floor":41,"turns":6},{"damage":34,"enemies":"Reptomancer","floor":44,"turns":3},{"damage":8,"enemies":"Sphere and 2 Shapes","floor":45,"turns":6},{"damage":20,"enemies":"Maw","floor":46,"turns":6},{"damage":0,"enemies":"R_Hoarder","floor":47,"turns":6},{"damage":103,"enemies":"Awakened One","floor":50,"turns":5}],"seed_played":"-1227489473671306583","potions_obtained":[{"floor":2,"key":"ColorlessPotion"},{"floor":8,"key":"Cursed Concoction"},{"floor":10,"key":"Strength Potion"},{"floor":13,"key":"LiquidMemories"},{"floor":14,"key":"DuplicationPotion"},{"floor":16,"key":"Explosive Potion"},{"floor":18,"key":"FocusPotion"},{"floor":20,"key":"EssenceOfDarkness"},{"floor":21,"key":"ColorlessPotion"},{"floor":23,"key":"PowerPotion"},{"floor":25,"key":"EssenceOfSteel"},{"floor":28,"key":"Weak Potion"},{"floor":29,"key":"Reflective Coating"},{"floor":33,"key":"Block Potion"},{"floor":35,"key":"Venom Potion"},{"floor":38,"key":"Elixir"},{"floor":39,"key":"Strength Potion"},{"floor":41,"key":"SteroidPotion"},{"floor":44,"key":"AttackPotion"},{"floor":45,"key":"Flashbang"},{"floor":46,"key":"Explosive Potion"},{"floor":47,"key":"SmokeBomb"}],"is_trial":true,"path_per_floor":["M","M","?","?","T","R","E","M","T","E","$","R","M","E","R","B",null,"M","?","M","M","?","E","R","E","T","R","M","E","T","$","R","B",null,"M","?","$","M","M","R","E","R","T","E","M","M","E","?","R","B"],"character_chosen":"DEFECT","items_purchased":["Replay:Wax Seal","FIFO Queue","BasicCrystalCard","Coolheaded","Raider\u0027s Mask","Blood Vial","Doom and Gloom"],"campfire_rested":6,"item_purchase_floors":[11,11,11,11,31,31,37],"current_hp_per_floor":[69,69,75,75,81,81,57,57,63,61,67,93,85,72,93,64,99,80,80,67,64,70,49,80,52,58,91,84,81,87,87,87,77,123,113,113,113,115,101,101,72,108,114,82,76,58,60,60,98,0,0],"gold":451,"neow_bonus":"","is_daily":false,"chose_seed":false,"campfire_upgraded":5,"win_rate":0.0,"timestamp":1607875898,"path_taken":["M","M","?","?","?","R","E","M","T","E","$","R","M","E","R","BOSS","M","?","M","M","?","E","R","E","T","R","M","E","?","$","R","BOSS","M","?","$","?","M","R","E","R","T","E","M","M","E","?","R","BOSS"],"items_purchased_type":["Relic","Card","Card","Card","Relic","Relic","Card"],"build_version":"2020-11-30","purchased_purges":0,"victory":false,"max_hp_per_floor":[75,75,75,75,81,81,81,81,87,87,93,93,93,93,93,99,99,99,99,99,99,105,105,105,105,111,111,111,111,117,117,117,123,123,123,123,123,123,123,123,123,123,129,129,129,129,129,129,129,129,129],"card_choices":[{"not_picked":["Redo","Aggregate"],"picked":"Ball Lightning","floor":1},{"not_picked":["Stack","Redo"],"picked":"Go for the Eyes","floor":2},{"not_picked":["Multi-Cast","Meteor Strike"],"picked":"ReplayTheSpireMod:Omega Cannon","floor":7},{"not_picked":["Barrage","Streamline"],"picked":"Capacitor","floor":8},{"not_picked":["Hyperbeam","Amplify"],"picked":"Electrodynamics","floor":10},{"not_picked":["Coolheaded","Scrape"],"picked":"Steam","floor":13},{"not_picked":["Creative AI","Thunder Strike"],"picked":"Buffer","floor":14},{"not_picked":["Creative AI","Buffer"],"picked":"Core Surge","floor":16},{"not_picked":["Ball Lightning","Hologram+1"],"picked":"Turbo+1","floor":18},{"not_picked":["Streamline","Stack+1"],"picked":"Leap","floor":20},{"not_picked":["ReplaySort","Undo"],"picked":"Consume","floor":21},{"not_picked":["Fission","Biased Cognition"],"picked":"ReplayTheSpireMod:Fabricate Wheel","floor":23},{"not_picked":["Hyperbeam","All For One"],"picked":"Seek","floor":25},{"not_picked":["Ball Lightning","Coolheaded"],"picked":"Rip and Tear+1","floor":28},{"not_picked":["Leap","Rebound"],"picked":"Fusion","floor":28},{"not_picked":["Seek","Multi-Cast"],"picked":"Echo Form","floor":29},{"not_picked":["Seek","Echo Form"],"picked":"Mirror Shield","floor":33},{"not_picked":["Scrape+1","Coolheaded"],"picked":"Conserve Battery","floor":35},{"not_picked":["Static Discharge+1","FIFO Queue+1"],"picked":"Conserve Battery+1","floor":35},{"not_picked":["Sweeping Beam","FTL+1"],"picked":"Glacier","floor":38},{"not_picked":["Conserve Battery+1","Steam"],"picked":"Compile Driver","floor":38},{"not_picked":["Redo","Sweeping Beam"],"picked":"Rainbow","floor":39},{"not_picked":["Steam Power","Chaos+1"],"picked":"Coolheaded+1","floor":39},{"not_picked":["ReplayTheSpireMod:Fabricate Wheel","Machine Learning"],"picked":"Amplify","floor":41},{"not_picked":["Machine Learning","All For One","Electrodynamics"],"picked":"Buffer","floor":44},{"not_picked":["Ball Lightning","Leap","Compile Driver+1"],"picked":"Cold Snap","floor":45},{"not_picked":["Reprogram+1","ReplaySolidLightProjector+1","Gash+1"],"picked":"Sunder+1","floor":45},{"not_picked":["Rip and Tear","Go for the Eyes","Hello World"],"picked":"Melter","floor":46},{"not_picked":["Static Discharge","Biased Cognition","Sweeping Beam"],"picked":"Leap+1","floor":46},{"not_picked":["Seek","Hyperbeam","ReplayTheSpireMod:Omega Cannon"],"picked":"Multi-Cast","floor":47}],"player_experience":785591,"relics_obtained":[{"floor":5,"key":"Sundial"},{"floor":7,"key":"trackpad:SneckoScepter"},{"floor":9,"key":"Potion Belt"},{"floor":10,"key":"White Beast Statue"},{"floor":14,"key":"trackpad:BottledShadow"},{"floor":23,"key":"trackpad:RapidFire"},{"floor":25,"key":"trackpad:BottledTsunami"},{"floor":26,"key":"Pen Nib"},{"floor":29,"key":"Replay:Bandana"},{"floor":30,"key":"Replay:Arrowhead"},{"floor":41,"key":"Unceasing Top"},{"floor":43,"key":"Question Card"},{"floor":44,"key":"Replay:Antivirus Software"},{"floor":47,"key":"Onion Ring"}],"event_choices":[{"damage_healed":18,"gold_gain":0,"player_choice":"Healed","damage_taken":0,"max_hp_gain":0,"max_hp_loss":0,"event_name":"The Cleric","floor":3,"gold_loss":35},{"cards_removed":["Electrodynamics"],"damage_healed":0,"gold_gain":0,"player_choice":"Take \u0026 Give","damage_taken":0,"max_hp_gain":0,"max_hp_loss":0,"event_name":"betterNote:BetterNote","floor":19,"gold_loss":0,"cards_obtained":["somnambulantmod: SickeningSwathe"]},{"damage_healed":0,"gold_gain":0,"player_choice":"Smashed Altar","damage_taken":0,"max_hp_gain":0,"max_hp_loss":0,"event_name":"Forgotten Altar","floor":22,"gold_loss":0,"cards_obtained":["Decay"]},{"damage_healed":0,"gold_gain":0,"player_choice":"Upgraded","damage_taken":0,"max_hp_gain":0,"max_hp_loss":0,"event_name":"Upgrade Shrine","floor":36,"gold_loss":0,"cards_upgraded":["Echo Form"]},{"damage_healed":0,"gold_gain":100,"player_choice":"Pray","damage_taken":0,"max_hp_gain":0,"max_hp_loss":0,"event_name":"Golden Shrine","floor":48,"gold_loss":0}],"is_beta":false,"boss_relics":[{"not_picked":["Fusion Hammer","ReplayTheSpireMod:DimensionalGlitch"],"picked":"SlaversCollar"},{"not_picked":["Snecko Heart","Replay:Wanted Poster"],"picked":"trackpad:Coffee"}],"items_purged_floors":[],"is_endless":false,"potions_floor_spawned":[2,8,10,13,14,16,18,20,21,23,25,28,29,33,35,38,39,41,44,45,46,47],"killed_by":"Awakened One","ascension_level":0}}