{"host":"wuvswo56ap8gkfrb","time":1607862310,"event":{"mods":["Act Like it!","BaseMod","Colored Powertips","Downfall","Minty Spire (QoL Compilation)","Quick Restart","StSLib","UnlockEverythingMod","WarShipGirlsR/战舰少女R mod","[地精首领爬塔]The Maniac"],"gold_per_floor":[110,123,140,159,172,206,223,234,234,244,519,530,542,31,31,127,127,140,140,140,140],"floor_reached":20,"playtime":1255,"items_purged":["Regret"],"score":207,"play_id":"7f898c69-7e03-47db-96ca-7d4f1e7c7c20","local_time":"20201213202510","is_ascension_mode":false,"campfire_choices":[{"data":"rmod:salvage","floor":15.0,"key":"SMITH"}],"circlet_count":0,"master_deck":["rmod:strick","rmod:strick","rmod:strick","rmod:defend","rmod:defend","rmod:defend","rmod:defend","rmod:basicallowance","rmod:maingunfire","rmod:intelligenceanalysis","rmod:maintain","rmod:salvage+1","rmod:fletcherpendant","rmod:fletcher","rmod:sl","rmod:fletcher","rmod:wife","rmod:fletcherpendant","rmod:fletcherpendant","rmod:supportaircraftcarrier","rmod:chargemoney","rmod:fletcherpendant","rmod:abidefaith","rmod:fletcher","rmod:goodsister","rmod:secretscript","rmod:fletcherpendant","rmod:fuelsupply"],"relics":["rmod:firstchargereward","NeowsBlessing","Bronze Scales","Meat on the Bone","Thread and Needle","Sling","Sozu"],"acts_visited":[],"potions_floor_usage":[],"damage_taken":[{"damage":0.0,"enemies":"Small Slimes","floor":1.0,"turns":1.0},{"damage":0.0,"enemies":"Cultist","floor":2.0,"turns":1.0},{"damage":0.0,"enemies":"Jaw Worm","floor":3.0,"turns":1.0},{"damage":4.0,"enemies":"3 Louse","floor":4.0,"turns":3.0},{"damage":2.0,"enemies":"Exordium Wildlife","floor":5.0,"turns":3.0},{"damage":3.0,"enemies":"Gremlin Nob","floor":6.0,"turns":3.0},{"damage":0.0,"enemies":"Exordium Thugs","floor":7.0,"turns":4.0},{"damage":0.0,"enemies":"2 Fungi Beasts","floor":8.0,"turns":2.0},{"damage":6.0,"enemies":"Blue Slaver","floor":10.0,"turns":3.0},{"damage":0.0,"enemies":"Exordium Thugs","floor":12.0,"turns":3.0},{"damage":4.0,"enemies":"Red Slaver","floor":13.0,"turns":4.0},{"damage":34.0,"enemies":"Hexaghost","floor":16.0,"turns":9.0},{"damage":6.0,"enemies":"2 Thieves","floor":18.0,"turns":3.0}],"seed_played":"8018773356891477640","potions_obtained":[{"floor":2.0,"key":"Explosive Potion"},{"floor":3.0,"key":"AttackPotion"},{"floor":5.0,"key":"SkillPotion"},{"floor":7.0,"key":"Fire Potion"},{"floor":12.0,"key":"ColorlessPotion"},{"floor":13.0,"key":"DuplicationPotion"}],"is_trial":false,"path_per_floor":["M","M","M","M","M","E","M","M","T","M","?","M","M","$","R","B",null,"M","?","$"],"character_chosen":"PRAEFECT","items_purchased":["Thread and Needle","Sling"],"campfire_rested":0,"item_purchase_floors":[14,14],"current_hp_per_floor":[75,75,75,71,69,66,66,66,66,60,60,60,56,56,56,34,75,69,69,69,69],"gold":140,"neow_bonus":"THREE_ENEMY_KILL","is_daily":false,"chose_seed":false,"campfire_upgraded":1,"win_rate":0.0,"timestamp":1607862310,"path_taken":["M","M","M","M","M","E","M","M","T","M","?","M","M","?","R","BOSS","M","?","?"],"items_purchased_type":["Relic","Relic"],"build_version":"2020-11-30","purchased_purges":1,"victory":false,"max_hp_per_floor":[75,75,75,75,75,75,75,75,75,75,75,75,75,75,75,75,75,75,75,75,75],"card_choices":[{"not_picked":["rmod:spoils","rmod:unsinkable"],"picked":"rmod:intelligenceanalysis","floor":1.0},{"not_picked":["rmod:diamondstrike","rmod:rockthrower"],"picked":"rmod:maintain","floor":2.0},{"not_picked":["rmod:tearstotiara","rmod:capitalist"],"picked":"rmod:salvage","floor":3.0},{"not_picked":["rmod:tearstotiara","rmod:luckystar"],"picked":"rmod:sl","floor":4.0},{"not_picked":["rmod:punchline","rmod:diamondstrike"],"picked":"rmod:wife","floor":5.0},{"not_picked":["rmod:punchline","rmod:victimresponsibility","rmod:generalist"],"picked":"SKIP","floor":6.0},{"not_picked":["rmod:unsinkable","rmod:intelligenceanalysis"],"picked":"rmod:supportaircraftcarrier","floor":7.0},{"not_picked":["rmod:aviationdawn","rmod:diamondstrike"],"picked":"rmod:chargemoney","floor":8.0},{"not_picked":["rmod:firesupport","rmod:supportaircraftcarrier"],"picked":"rmod:abidefaith","floor":10.0},{"not_picked":["rmod:ammunitionsupply","rmod:heivgo"],"picked":"rmod:goodsister","floor":12.0},{"not_picked":["rmod:ammunitionsupply","rmod:luckystar","rmod:tearstotiara"],"picked":"SKIP","floor":13.0},{"not_picked":["rmod:abidefaith","rmod:u235"],"picked":"rmod:secretscript","floor":16.0},{"not_picked":["rmod:unsinkable+1","rmod:aluminumsupply"],"picked":"rmod:fletcherpendant","floor":18.0}],"player_experience":87655,"relics_obtained":[{"floor":6.0,"key":"Bronze Scales"},{"floor":9.0,"key":"Meat on the Bone"}],"event_choices":[{"damage_healed":0.0,"max_hp_gain":0.0,"max_hp_loss":0.0,"gold_gain":275.0,"event_name":"Golden Shrine","player_choice":"Desecrate","floor":11.0,"gold_loss":0.0,"damage_taken":0.0,"cards_obtained":["Regret"]},{"damage_healed":0,"gold_gain":0,"cards_transformed":["rmod:strick"],"player_choice":"Transformed","damage_taken":0,"max_hp_gain":0,"max_hp_loss":0,"event_name":"Transmorgrifier","floor":19,"gold_loss":0,"cards_obtained":["rmod:fuelsupply"]}],"is_beta":false,"boss_relics":[{"not_picked":["Astrolabe","Velvet Choker"],"picked":"Sozu"}],"items_purged_floors":[14],"is_endless":false,"potions_floor_spawned":[2,3,5,7,12,13],"ascension_level":0}}