{"host":"wpxe4vcm7d9hc2g8","time":1607835898,"event":{"mods":["2.2 Compatiblity","Act Like it!","Aspiration","BaseMod","Better Match","Better Note","Better Sensory Stone","Better Third Choice","Better Vampires","Chen","Conspire","Custom Start","Elementarium","Energized Spire","Gensokyo","GifTheSpireLib","Hallownest","Hermit","Hubris","Infinite Spire","JesterMod","Koishi","Minty Spire (QoL Compilation)","Pale of the Ancients","Permanent Neow","Replay The Spire","Shade Mod","Shop Mod","Spicy Shops","StSLib","Stuff the Spire","Td1madao Mod","The Bug Knight","The Factory","The Hierophant","The Jungle","The Servant 0.9.4","The Wild Card","TheFirefly","TheVacant","Wandering Minibosses","vexMod"],"gold_per_floor":[113,38,3,15,27,53,53,86,113,113,147,157,170,187,187,292,292,306,231,231,266,276,310,310,343,366,114,126,1,22,49,49,149,149,161,87,105,105,105,135,135,135,162,162,182,182,182,208,208,306,306,298,223,221,133,160,172,184,196,234,246,237,257,287,299,311,409,421,421],"floor_reached":68,"playtime":6784,"items_purged":["Strike_B","hubris:Sloth","Strike_B","Doubt","Strike_B","Defend_B","Defend_B"],"score":1741,"play_id":"b7a2367f-b1c8-4cf9-9ff6-e5117aef1a49","local_time":"20201212230458","is_ascension_mode":true,"campfire_choices":[{"data":"Zap","floor":7.0,"key":"SMITH"},{"data":"Defragment","floor":10.0,"key":"SMITH"},{"floor":15.0,"key":"DIG"},{"floor":24.0,"key":"REST"},{"data":"conspire:Banana","floor":32.0,"key":"SMITH"},{"data":"BasicCrystalCard","floor":46.0,"key":"SMITH"},{"data":"Defend_B","floor":49.0,"key":"PURGE"},{"data":"Pot Of Greed","floor":57,"key":"SMITH"},{"data":"Reboot","floor":59,"key":"SMITH"},{"data":"Coolheaded","floor":61,"key":"SMITH"},{"floor":66,"key":"RECALL"}],"circlet_count":0,"master_deck":["AscendersBane","Revenge+1","Defend_B","Defend_B","Defend_B","Zap+1","Dualcast+1","Coolheaded+1","Defragment+1","BasicCrystalCard+1","conspire:Banana+1","Pot Of Greed+1","Reboot+1","Echo Form"],"relics":["Cracked Core","ReplayFunnel","vexMod:FocusSash","Garlic","infinitespire:PuzzleCube","hubris:SoftwareUpdate","Replay:Rubber Ducky","infinitespire:CheckeredPen","MerchantsRug","hubris:ToyBattleship","conspire:SpecialSausage","aspiration:FaultyCoupler","hubris:Zylophone","Hallownest:KingsIdolRelic","StuffTheSpire:Experiment12","energizedSpire:DeadBattery","wanderingMiniBosses:AbyssPearl","MawBank","Blue Candle","hubris:SlimyHat","StuffTheSpire:Gunfinga","Gensokyo:NagashiBinaDoll","Philosopher\u0027s Stone"],"acts_visited":["Hallownest:Greenpath","Hallownest:CityofTears","Hallownest:KingdomsEdge","Gensokyo:Gensokyo","Gensokyo:Gensokyoer"],"potions_floor_usage":[50,52,62],"damage_taken":[{"damage":0.0,"enemies":"Hallownest:monsterHuskWarrior","floor":1.0,"turns":3.0},{"damage":7.0,"enemies":"Hallownest:2_Tiktiks_and_1_Crawlid","floor":4.0,"turns":3.0},{"damage":8.0,"enemies":"2_ Uuma","floor":5.0,"turns":6.0},{"damage":22.0,"enemies":"Hallownest:eliteVengeflyKing","floor":6.0,"turns":7.0},{"damage":4.0,"enemies":"Hallownest:eliteCrystalGuardian","floor":8.0,"turns":5.0},{"damage":3.0,"enemies":"Hallownest:eliteMossKnight","floor":11.0,"turns":6.0},{"damage":0.0,"enemies":"Hallownest:Wandering_and_Horned","floor":12.0,"turns":4.0},{"damage":7.0,"enemies":"Hallownest:1_Baldur_1_Crawlid_1_Warrior","floor":13.0,"turns":5.0},{"damage":4.0,"enemies":"Hallownest:MossCreep_and_Mosskin","floor":14.0,"turns":3.0},{"damage":11.0,"enemies":"Hallownest:BossHornet","floor":16.0,"turns":6.0},{"damage":25.0,"enemies":"Hallownest:Flukemon_and_Top","floor":18.0,"turns":5.0},{"damage":51.0,"enemies":"conspire:MimicChest","floor":21.0,"turns":7.0},{"damage":0.0,"enemies":"Hallownest:2_Mistakes","floor":22.0,"turns":5.0},{"damage":2.0,"enemies":"Hallownest:Nosk","floor":23.0,"turns":5.0},{"damage":30.0,"enemies":"Nightmare","floor":25.0,"turns":13.0},{"damage":0.0,"enemies":"Hallownest:monsterMisterMushroom","floor":28.0,"turns":3.0},{"damage":9.0,"enemies":"Hallownest:Glutton_and_Coward","floor":30.0,"turns":2.0},{"damage":0.0,"enemies":"Hallownest:eliteSoulWarrior","floor":31.0,"turns":5.0},{"damage":9.0,"enemies":"Hallownest:BossMantisLord","floor":33.0,"turns":5.0},{"damage":16.0,"enemies":"Hallownest:Shield_Heavy","floor":35.0,"turns":3.0},{"damage":12.0,"enemies":"Hallownest:3_Siblings","floor":37.0,"turns":4.0},{"damage":48.0,"enemies":"Hallownest:StalkingDevout","floor":40.0,"turns":7.0},{"damage":0.0,"enemies":"Hallownest:2_Soldiers_and_1_Guardian","floor":45.0,"turns":6.0},{"damage":0.0,"enemies":"Hallownest:eliteCollector","floor":48.0,"turns":5.0},{"damage":17,"enemies":"Hallownest:BossGreyPrinceZote","floor":50,"turns":4},{"damage":24,"enemies":"Gensokyo:2_Kodama","floor":52,"turns":5},{"damage":5,"enemies":"Gensokyo:Cirno","floor":54,"turns":6},{"damage":0,"enemies":"Gensokyo:Gryphon","floor":56,"turns":1},{"damage":38,"enemies":"Nightmare","floor":62,"turns":5},{"damage":0,"enemies":"Gensokyo:Python","floor":63,"turns":2},{"damage":0,"enemies":"Gensokyo:VengefulSpirit","floor":64,"turns":1},{"damage":57,"enemies":"Gensokyo:Yukari","floor":67,"turns":3}],"seed_played":"-7837798080819824293","potions_obtained":[{"floor":4.0,"key":"AttackPotion"},{"floor":5.0,"key":"Weak Potion"},{"floor":11.0,"key":"Dexterity Potion"},{"floor":13.0,"key":"Fire Potion"},{"floor":16.0,"key":"ColorlessPotion"},{"floor":22.0,"key":"LiquidMemories"},{"floor":30.0,"key":"EntropicBrew"},{"floor":40.0,"key":"Energy Potion"},{"floor":48.0,"key":"LiquidMemories"},{"floor":50,"key":"GamblersBrew"},{"floor":56,"key":"DistilledChaos"},{"floor":62,"key":"SteroidPotion"}],"is_trial":false,"path_per_floor":["M","$","?","M","M","E","R","E","T","R","E","M","M","M","R","B",null,"M","?","AVR","?","M","E","R","NM","T","$","M","$","M","E","R","B",null,"M","$","M","?","?","E","?","AVR","T","?","M","R","?","E","R","B",null,"M","?","?","?","M","R","AVR","R","T","R","NM","M","M","?","R","B",null],"character_chosen":"DEFECT","items_purchased":["MerchantsRug","hubris:Spice"],"campfire_rested":1,"item_purchase_floors":[27,27],"current_hp_per_floor":[68,68,73,66,58,36,36,32,32,32,29,29,22,18,18,7,76,51,51,51,1,2,9,40,11,11,19,19,19,11,12,12,5,90,76,76,66,66,66,20,20,20,20,20,30,30,26,28,28,13,107,89,89,92,92,96,96,96,96,96,96,60,60,60,60,60,9,125,125],"gold":421,"neow_bonus":"REMOVE_CARD","is_daily":false,"chose_seed":false,"campfire_upgraded":7,"win_rate":0.0,"timestamp":1607835898,"path_taken":["M","$","?","M","M","E","R","E","T","R","E","M","M","M","R","BOSS","M","?","AVR","?","?","E","R","NM","T","$","M","$","M","E","R","BOSS","M","$","M","?","?","E","?","AVR","T","?","?","R","?","E","R","BOSS","M","?","?","?","M","R","AVR","R","T","R","NM","?","M","?","R","BOSS"],"items_purchased_type":["Relic","Relic"],"build_version":"2020-11-30","purchased_purges":7,"victory":false,"max_hp_per_floor":[75,75,80,80,80,80,80,80,80,80,80,80,80,80,80,80,94,94,94,94,95,96,105,105,106,106,114,114,114,115,116,116,118,118,120,120,122,122,122,124,124,124,124,124,134,134,134,136,136,138,138,144,144,152,152,156,156,156,156,156,156,158,158,158,158,158,164,164,164],"card_choices":[{"not_picked":["Ball Lightning","ReplayTheSpireMod:Repulse"],"picked":"Coolheaded","floor":1.0},{"not_picked":["Stack","Cold Snap","Panic Button"],"picked":"SKIP","floor":4.0},{"not_picked":["Leap","Steam","Conserve Battery"],"picked":"SKIP","floor":5.0},{"not_picked":["StuffTheSpire:Purify","StuffTheSpire:LoadUp"],"picked":"Defragment","floor":6.0},{"not_picked":["Hello World","Redo","StuffTheSpire:SnapShoot"],"picked":"SKIP","floor":8.0},{"not_picked":["Compile Driver","Hello World","Redo"],"picked":"SKIP","floor":11.0},{"not_picked":["Turbo","Compile Driver","Streamline"],"picked":"SKIP","floor":12.0},{"not_picked":["Barrage","Cold Snap","Rebound"],"picked":"SKIP","floor":13.0},{"not_picked":["Sunder","Panic Button","Echo Form"],"picked":"SKIP","floor":14.0},{"not_picked":["Writhe","Pain"],"picked":"Sickly","floor":17.0},{"not_picked":["hubris:Compulsion","conspire:Blindness"],"picked":"Doubt","floor":17.0},{"not_picked":["Voices","Spreading Infection"],"picked":"hubris:Sloth","floor":17.0},{"not_picked":["Hello World","Rebound+1"],"picked":"BasicCrystalCard","floor":18.0},{"not_picked":["StuffTheSpire:PlasmaPunch","ReplayTheSpireMod:Trickstab"],"picked":"conspire:Banana","floor":19.0},{"not_picked":["Go for the Eyes","Static Discharge","Double Energy"],"picked":"SKIP","floor":22.0},{"not_picked":["Turbo","Redo","Hologram+1"],"picked":"SKIP","floor":23.0},{"not_picked":["Reinforced Body","StuffTheSpire:Plugnplay","Storm"],"picked":"SKIP","floor":25.0},{"not_picked":["Turbo","BasicCrystalCard","Panic Button"],"picked":"SKIP","floor":28.0},{"not_picked":["Undo+1","Core Surge","hubris:SpiceAddiction"],"picked":"SKIP","floor":30.0},{"not_picked":["Capacitor+1","Turbo","StuffTheSpire:Plugnplay"],"picked":"SKIP","floor":31.0},{"not_picked":["hubris:Prefetch","hubris:SpiceAddiction"],"picked":"Reboot","floor":33.0},{"not_picked":["hubris:SpiceAddiction","Turbo+1","Hologram"],"picked":"SKIP","floor":35.0},{"not_picked":["Ball Lightning","Leap","Lockon+1"],"picked":"SKIP","floor":37.0},{"not_picked":["Chaos","Genetic Algorithm","Streamline+1"],"picked":"SKIP","floor":40.0},{"not_picked":["Blizzard+1","Aggregate","Steam"],"picked":"SKIP","floor":45.0},{"not_picked":["Darkness","Conserve Battery+1","BasicCrystalCard+1"],"picked":"SKIP","floor":48.0},{"not_picked":["Recycle","Undo","Steam"],"picked":"SKIP","floor":52},{"not_picked":["Scrape","Aggregate","Force Field"],"picked":"SKIP","floor":54},{"not_picked":["Lockon","Turbo","StuffTheSpire:LaunchingStrike"],"picked":"SKIP","floor":56},{"not_picked":["hubris:Ukulele","Blizzard","Redo"],"picked":"SKIP","floor":62},{"not_picked":["StuffTheSpire:Plugnplay","ReplaySort","Barrage"],"picked":"SKIP","floor":63},{"not_picked":["Turbo","Go for the Eyes","Cold Snap"],"picked":"SKIP","floor":64},{"not_picked":["Amplify","Hyperbeam"],"picked":"Echo Form","floor":67}],"player_experience":2461838,"relics_obtained":[{"floor":6.0,"key":"ReplayFunnel"},{"floor":8.0,"key":"Dream Catcher"},{"floor":9.0,"key":"vexMod:FocusSash"},{"floor":11.0,"key":"Garlic"},{"floor":15.0,"key":"ReplayTheSpireMod:TigerMarble"},{"floor":21.0,"key":"Replay:Rubber Ducky"},{"floor":23.0,"key":"hubris:Spice"},{"floor":25.0,"key":"infinitespire:CheckeredPen"},{"floor":26.0,"key":"aspiration:EnhancedActuators"},{"floor":31.0,"key":"hubris:ToyBattleship"},{"floor":40.0,"key":"aspiration:FaultyCoupler"},{"floor":48.0,"key":"StuffTheSpire:Experiment12"},{"floor":52,"key":"wanderingMiniBosses:AbyssPearl"},{"floor":54,"key":"MawBank"},{"floor":60,"key":"hubris:SlimyHat"},{"floor":62,"key":"StuffTheSpire:Gunfinga"}],"event_choices":[{"damage_healed":0.0,"max_hp_gain":0.0,"max_hp_loss":0.0,"gold_gain":0.0,"event_name":"betterMatch:BetterMatch","player_choice":"1","floor":19.0,"gold_loss":0.0,"damage_taken":0.0,"cards_obtained":["betterMatch:UncommonCard","betterMatch:CommonCard","betterMatch:ColorlessUncommonCard"]},{"damage_healed":0,"gold_gain":0,"player_choice":"1","damage_taken":0,"max_hp_gain":0,"max_hp_loss":0,"event_name":"betterMatch:BetterMatch","floor":53,"gold_loss":0,"cards_obtained":["betterMatch:UncommonCard","betterMatch:ColorlessRareCard"]}],"is_beta":false,"boss_relics":[{"not_picked":["Ectoplasm","aspiration:PoetsPen_weak"],"picked":"Replay:Ancient Bell"},{"not_picked":["Replay:Wax Seal","Ancient Tea Set"],"picked":"infinitespire:PuzzleCube"},{"not_picked":["infinitespire:Broken Mirror","infinitespire:BottledMercury"],"picked":"hubris:SoftwareUpdate"},{"not_picked":["WingedGreaves","hubris:FunFungus"],"picked":"Mango"},{"not_picked":["Abe\u0027s Treasure","aspiration:RitualDagger"],"picked":"conspire:SpecialSausage"},{"not_picked":["Sozu","ChewingGum"],"picked":"energizedSpire:DeadBattery"},{"not_picked":["vexMod:RockOfEvil","Velvet Choker"],"picked":"Philosopher\u0027s Stone"}],"items_purged_floors":[2,20,27,29,36,42,58],"is_endless":true,"potions_floor_spawned":[4,5,11,13,16,21,22,30,31,40,48,50,56,62],"ascension_level":11}}