{"host":"rxlazyja0fsq2vfk","time":1607840588,"event":{"mods":["2.2 Compatiblity","AchievementEnabler","Act Like it!","AlwaysNeverKeys","Aspiration","BaseMod","Bestiary","Better Match","Better Sensory Stone","Better Skull","Better Third Choice","BetterRewards","Colored Map","Colored Powertips","Defuse TimeMaze Blight","Disable Question Mark Monsters","GifTheSpireLib","Halation","Hubris","Jedi Mod","Minty Spire (QoL Compilation)","Permanent Neow","Quick Restart","Random Character Button","Random Character Mod","Relic Sorter","Replay The Spire","Shop Mod","StSLib","The Construct","Transform Curses","Unknown Chances","Wandering Minibosses","egg","everything is the same but u backflip on backflip","vexMod"],"gold_per_floor":[119,137,225,239,239,239,272,272,322,359,371,393,419,454,466,575,587,609,621,646,658,394,394,112,112,137,137,156,168,182,199,199,294,294,313,64,64,64,64,94,94,109,109,109,127,127,141,161,161,161],"floor_reached":51,"playtime":1559,"items_purged":["Strike_G","Strike_G","Strike_G+1"],"score":981,"play_id":"2949d425-46e3-4ce2-9f30-8c0f353cc7d4","local_time":"20201213012308","is_ascension_mode":true,"campfire_choices":[{"data":"Footwork","floor":6.0,"key":"SMITH"},{"data":"All Out Attack","floor":8.0,"key":"SMITH"},{"data":"Skewer","floor":15.0,"key":"SMITH"},{"data":"Venomology","floor":23,"key":"SMITH"},{"data":"Discovery","floor":25,"key":"SMITH"},{"data":"vexMod:StairwayStrike","floor":27,"key":"SMITH"},{"data":"Infinite Blades","floor":32,"key":"SMITH"},{"data":"jedi:collectorstrike","floor":41,"key":"SMITH"},{"data":"ReplayTheSpireMod:LeadingStrike","floor":44,"key":"SMITH"},{"data":"Footwork","floor":46,"key":"SMITH"},{"data":"Backstab","floor":49,"key":"SMITH"}],"circlet_count":0,"master_deck":["Strike_G+2","Strike_G+1","Defend_G+1","Defend_G+1","Defend_G+1","Defend_G+2","Defend_G+1","Survivor","Neutralize","Footwork+1","Backflip","Backstab+1","Deflect","All Out Attack+1","Dagger Spray","Crippling Poison","Skewer+1","Venomology+1","Quick Slash","Predator+1","vexMod:StairwayStrike","vexMod:EmailVexCard","vexMod:StairwayStrike+1","ReplayTheSpireMod:LeadingStrike+1","jedi:collectorstrike+1","Perfected Strike+1","Footwork+1","Discovery+1","Escape Plan","Infinite Blades+1","Swift Strike"],"relics":["Ring of the Snake","aspiration:DSix","OrangePellets","Oddly Smooth Stone","halation:PrussianBluePaint","MawBank","Snack Pack","Odd Mushroom","vexMod:NewClearReactor","Simple Rune","jedi:crownofsimplicity","jedi:paperlyon","Bag of Marbles","halation:EternalFortune","Unceasing Top","jedi:sprinkler"],"acts_visited":["Exordium","TheCity","TheBeyond"],"potions_floor_usage":[16,16,30,33,33,33,40,47,50,50,50,50],"damage_taken":[{"damage":0.0,"enemies":"Small Slimes","floor":1.0,"turns":3.0},{"damage":3.0,"enemies":"Jaw Worm","floor":2.0,"turns":5.0},{"damage":0.0,"enemies":"2 Louse","floor":4.0,"turns":1.0},{"damage":9.0,"enemies":"3 Sentries","floor":7.0,"turns":7.0},{"damage":14.0,"enemies":"Gremlin Nob","floor":10.0,"turns":5.0},{"damage":0.0,"enemies":"Blue Slaver","floor":12.0,"turns":4.0},{"damage":0.0,"enemies":"Lots of Slimes","floor":13.0,"turns":2.0},{"damage":4.0,"enemies":"The Mushroom Lair","floor":14.0,"turns":3.0},{"damage":0,"enemies":"Slime Boss","floor":16,"turns":10},{"damage":10,"enemies":"Chosen","floor":18,"turns":8},{"damage":2,"enemies":"Shell Parasite","floor":20,"turns":5},{"damage":3,"enemies":"Snake Plant","floor":28,"turns":2},{"damage":0,"enemies":"Snecko","floor":29,"turns":2},{"damage":0,"enemies":"Cultist and Chosen","floor":30,"turns":4},{"damage":1,"enemies":"Centurion and Healer","floor":31,"turns":2},{"damage":10,"enemies":"hubris:MusketHawk","floor":33,"turns":3},{"damage":3,"enemies":"Orb Walker","floor":35,"turns":3},{"damage":4,"enemies":"Nemesis","floor":40,"turns":5},{"damage":0,"enemies":"3 Shapes","floor":42,"turns":2},{"damage":17,"enemies":"Writhing Mass","floor":45,"turns":3},{"damage":8,"enemies":"Jaw Worm Horde","floor":47,"turns":3},{"damage":11,"enemies":"Transient","floor":48,"turns":5},{"damage":46,"enemies":"Time Eater","floor":50,"turns":8}],"seed_played":"2713268368599872576","potions_obtained":[{"floor":1.0,"key":"GamblersBrew"},{"floor":4.0,"key":"jedi:tentaclejuice"},{"floor":7.0,"key":"SkillPotion"},{"floor":11.0,"key":"GhostInAJar"},{"floor":14.0,"key":"SpeedPotion"},{"floor":18,"key":"jedi:wingpotion"},{"floor":40,"key":"PowerPotion"},{"floor":47,"key":"GhostInAJar"}],"is_trial":false,"path_per_floor":["M","M","?","M","?","R","E","R","T","E","?","M","M","?","R","B",null,"M","?","M","?","$","R","$","R","T","R","M","M","M","M","R","B",null,"M","$","?","?","?","E","R","M","T","R","M","R","M","M","R","B",null],"character_chosen":"THE_SILENT","items_purchased":["OrangePellets","Footwork","Backflip","Backstab","LiquidMemories","DuplicationPotion","Simple Rune","Footwork","Discovery","Bag of Marbles","Swift Strike"],"campfire_rested":0,"item_purchase_floors":[0,0,0,0,22,22,24,24,24,36,36],"current_hp_per_floor":[70,67,50,50,50,50,41,41,41,27,27,29,31,31,31,37,70,60,60,64,64,64,64,64,64,64,64,63,67,70,69,69,66,70,70,70,73,73,73,73,73,73,73,73,58,58,52,47,47,13],"gold":161,"neow_bonus":"","is_daily":false,"chose_seed":false,"campfire_upgraded":11,"win_rate":0.0,"timestamp":1607840588,"path_taken":["M","M","?","M","?","R","E","R","T","E","?","M","M","?","R","BOSS","M","?","M","?","?","R","$","R","T","R","?","M","M","M","R","BOSS","M","$","?","?","?","E","R","?","T","R","M","R","M","M","R","BOSS"],"items_purchased_type":["Relic","Card","Card","Card","Potion","Potion","Relic","Card","Card","Relic","Card"],"build_version":"2020-11-30","purchased_purges":3,"victory":true,"max_hp_per_floor":[70,70,70,70,70,70,70,70,70,70,70,70,70,70,70,70,70,70,70,70,70,70,70,70,70,70,70,70,70,70,70,70,70,70,70,70,73,73,73,73,73,73,73,73,73,73,73,73,73,73],"card_choices":[{"not_picked":["Sneak Up","Poisoned Stab"],"picked":"Deflect","floor":1.0},{"not_picked":["Choke","Quick Slash"],"picked":"All Out Attack","floor":2.0},{"not_picked":["Prepared","Flying Knee"],"picked":"Dagger Spray","floor":3.0},{"not_picked":["Leg Sweep","Distraction"],"picked":"Crippling Poison","floor":3.0},{"not_picked":["ReplayTheSpireMod:Scrap Shanks","Cloak And Dagger","Distraction"],"picked":"SKIP","floor":4.0},{"not_picked":["Backflip","Hidden Blade","jedi:acidrain"],"picked":"SKIP","floor":7.0},{"not_picked":["Predator","Hidden Blade"],"picked":"Skewer","floor":10.0},{"not_picked":["Slice","Acrobatics","Cloak And Dagger"],"picked":"SKIP","floor":12.0},{"not_picked":["Well Laid Plans","Atom Bomb","Accuracy"],"picked":"SKIP","floor":13.0},{"not_picked":["Adrenaline","Malaise"],"picked":"Venomology","floor":16},{"not_picked":["Quick Slash","Outmaneuver","hubris:SlightOfHand"],"picked":"SKIP","floor":18},{"not_picked":["Outmaneuver","hubris:SlightOfHand"],"picked":"Quick Slash","floor":18},{"not_picked":["Acrobatics","ReplayTheSpireMod:Speed Training"],"picked":"Predator+1","floor":20},{"not_picked":["Concentrate","jedi:unstablefumes"],"picked":"Escape Plan","floor":28},{"not_picked":["Hidden Blade","jedi:collectorstrike","Acrobatics"],"picked":"SKIP","floor":29},{"not_picked":["PiercingWail","Hidden Blade","Choke"],"picked":"SKIP","floor":30},{"not_picked":["Bouncing Flask","Poisoned Stab"],"picked":"Infinite Blades","floor":31},{"not_picked":["Deadly Poison","Acrobatics+1"],"picked":"jedi:collectorstrike","floor":35},{"not_picked":["Choke","Outmaneuver+1","jedi:collectorstrike"],"picked":"SKIP","floor":40},{"not_picked":["Choke","Outmaneuver+1"],"picked":"jedi:collectorstrike","floor":40},{"not_picked":["Prepared+1","Predator+1"],"picked":"jedi:collectorstrike+1","floor":42},{"not_picked":["Prepared","Cloak And Dagger"],"picked":"jedi:collectorstrike+1","floor":45},{"not_picked":["Deadly Poison+1","Replay:Poison Smokescreen+1"],"picked":"jedi:collectorstrike+1","floor":47},{"not_picked":["Quick Slash+1","ReplayTheSpireMod:Shiv Toss+1"],"picked":"jedi:collectorstrike+1","floor":48}],"player_experience":478800,"relics_obtained":[{"floor":3.0,"key":"Oddly Smooth Stone"},{"floor":7.0,"key":"halation:PrussianBluePaint"},{"floor":9.0,"key":"MawBank"},{"floor":10.0,"key":"Snack Pack"},{"floor":14.0,"key":"Odd Mushroom"},{"floor":26,"key":"jedi:crownofsimplicity"},{"floor":40,"key":"Unceasing Top"},{"floor":43,"key":"jedi:sprinkler"}],"event_choices":[{"damage_healed":0.0,"max_hp_gain":0.0,"max_hp_loss":0.0,"gold_gain":0.0,"event_name":"betterThird:BetterSerpent","player_choice":"Ignored","floor":5.0,"gold_loss":0.0,"damage_taken":239.0},{"damage_healed":0.0,"max_hp_gain":0.0,"max_hp_loss":0.0,"gold_gain":0.0,"event_name":"Mushrooms","player_choice":"Fought Mushrooms","floor":14.0,"gold_loss":0.0,"damage_taken":0.0},{"damage_healed":0,"gold_gain":0,"player_choice":"Simplicity","damage_taken":0,"max_hp_gain":0,"max_hp_loss":8,"event_name":"betterThird:BetterWriting","floor":19,"gold_loss":0},{"damage_healed":0,"gold_gain":0,"player_choice":"Ignored","damage_taken":0,"max_hp_gain":0,"max_hp_loss":0,"event_name":"Mysterious Sphere","floor":39,"gold_loss":0}],"is_beta":false,"boss_relics":[{"not_picked":["halation:CatFaceCupcake","aspiration:SecretTechniqueScroll"],"picked":"vexMod:NewClearReactor"},{"not_picked":["Velvet Choker","Painkiller Herb"],"picked":"jedi:paperlyon"}],"items_purged_floors":[0,0,22],"is_endless":false,"potions_floor_spawned":[1,4,7,14,18,28,31,40,47,48],"ascension_level":1}}