{"host":"cyei475933pvpemq","time":1607899865,"event":{"mods":["Act Like it!","Aspiration","BaseMod","Better Third Choice","BetterRewards","Colored Map","Colored Powertips","Downfall","Energized Spire","Highlight Path","Hubris","Hyrulean Relics","Lobotomy","Mimic Mod","Minty Spire (QoL Compilation)","Replay The Spire","Spicy Shops","Spikes Relics","StSLib","Uncapped"],"gold_per_floor":[360,360,360,376,386,386,386,400,426,426,426,445,445,477,477,576,576,590,47,61,61,61,61,77,77,77,88,187,205,225,241,241,341,341,351,370,645,656,706,745,5,5,5,5,5,5,18,54,54,54,54,54,4,42,42],"floor_reached":56,"playtime":3502,"items_purged":["Regret","Delirium"],"score":1707,"play_id":"019231ee-0fd0-49e0-a37f-0ecfbbb13268","local_time":"20201213235105","is_ascension_mode":false,"campfire_choices":[{"floor":6,"key":"REST"},{"floor":11,"key":"RECALL"},{"data":"Outmaneuver","floor":15,"key":"SMITH"},{"floor":23,"key":"REST"},{"floor":25,"key":"REST"},{"floor":32,"key":"DIG"},{"floor":42,"key":"REST"},{"floor":46,"key":"REST"},{"floor":49,"key":"DIG"},{"data":"Adrenaline","floor":52,"key":"SMITH"}],"circlet_count":0,"master_deck":["Strike_G","Strike_G","Strike_G","Strike_G","Defend_G","Defend_G","Defend_G","Defend_G","Defend_G","Survivor","Neutralize","Hidden Blade+1","Voices","Flechettes","Cloak And Dagger+1","Hidden Blade","Fluid Movement","Outmaneuver+1","Decay","Escape Plan","Adrenaline+1","Shame","Hallucinations","Backflip+1","Accuracy","Blade Dance","Deflect+1","Dodge and Roll+1","Cloak And Dagger+1","Blade Dance","Noxious Fumes","Burst","Clumsy","Blade Dance+1","Cloak And Dagger","Dodge and Roll+1","Accuracy+1","Prepared+1","Caltrops+1","Slice","Slimebound:Icky","Venomology+1"],"relics":["Ring of the Snake","aspiration:ChemicalBlood","Replay:Ancient Bell","ReplayTheSpireMod:TigerMarble","Meat on the Bone","BicycleWheel","ToxicTincture","Potion Belt","hubris:EmptyBottle","ReplayTheSpireMod:Shallot","hubris:MysteriousPyramids","aspiration:FrozenJewel","energizedSpire:HighHeels","Ring of Chaos","Ring of Greed","Golden Idol","Golden Egg","Replay:Mystery Machine","TungstenRod","Bronze Scales","aspiration:StickyExplosives_weak","aspiration:Lifesprig","Smiling Mask","ShockBauble","hubris:AncientText"],"acts_visited":["Exordium","TheCity","TheBeyond","TheEnding"],"potions_floor_usage":[16,16,16,16,16,16,16,16,16,16,16,16,16,16,18,18,18,18,20,33,33,33,33,38,40,50,50,55,55,55,55,55,55,55,55,55,55],"damage_taken":[{"damage":0,"enemies":"Small Slimes","floor":1,"turns":4},{"damage":0,"enemies":"2 Louse","floor":4,"turns":4},{"damage":3,"enemies":"Cultist","floor":5,"turns":4},{"damage":0,"enemies":"3 Louse","floor":8,"turns":3},{"damage":2,"enemies":"Red Slaver","floor":12,"turns":5},{"damage":21,"enemies":"Replay:BlueRogue","floor":14,"turns":11},{"damage":17,"enemies":"The Guardian","floor":16,"turns":13},{"damage":22,"enemies":"Chosen","floor":18,"turns":8},{"damage":6,"enemies":"2 Thieves","floor":20,"turns":3},{"damage":16,"enemies":"Sentry and Sphere","floor":24,"turns":6},{"damage":2,"enemies":"Snake Plant","floor":27,"turns":4},{"damage":6,"enemies":"Centurion and Healer","floor":29,"turns":4},{"damage":0,"enemies":"3 Cultists","floor":30,"turns":4},{"damage":15,"enemies":"Snecko","floor":31,"turns":4},{"damage":9,"enemies":"Pondfish","floor":33,"turns":9},{"damage":0,"enemies":"Orb Walker","floor":35,"turns":3},{"damage":35,"enemies":"3 Shapes","floor":36,"turns":3},{"damage":0,"enemies":"Transient","floor":38,"turns":5},{"damage":0,"enemies":"Nemesis","floor":40,"turns":5},{"damage":0,"enemies":"3 Darklings","floor":47,"turns":3},{"damage":0,"enemies":"Reptomancer","floor":48,"turns":2},{"damage":14,"enemies":"Awakened One","floor":50,"turns":6},{"damage":0,"enemies":"Shield and Spear","floor":54,"turns":5},{"damage":65,"enemies":"The Heart","floor":55,"turns":6}],"seed_played":"7438501587772769444","potions_obtained":[{"floor":1,"key":"GamblersBrew"},{"floor":4,"key":"ColorlessPotion"},{"floor":12,"key":"EntropicBrew"},{"floor":14,"key":"SneckoOil"},{"floor":18,"key":"Explosive Potion"},{"floor":18,"key":"sneckomod:MuddlingPotion"},{"floor":24,"key":"LiquidBronze"},{"floor":29,"key":"Regen Potion"},{"floor":36,"key":"Elixir"},{"floor":47,"key":"Swift Potion"},{"floor":50,"key":"LiquidBronze"},{"floor":54,"key":"CunningPotion"}],"is_trial":false,"path_per_floor":["M","?","?","M","M","R","?","M","T","?","R","M","?","E","R_BF","B",null,"M","$","M","?","T","R","M","R","T","M","?","M","M","M","R_BF","B",null,"M","M","?","M","?","E","$","R","T","?","$","R","M","E","R_BF","B",null,"R","$","E","B",null],"character_chosen":"THE_SILENT","items_purchased":["ToxicTincture","Potion Belt","hubris:EmptyBottle","Accuracy","Blade Dance","Accuracy","TungstenRod","Bronze Scales","aspiration:StickyExplosives_weak","Prepared"],"campfire_rested":5,"item_purchase_floors":[19,19,19,19,19,41,41,41,41,41],"current_hp_per_floor":[49,49,49,49,46,67,67,67,67,72,72,70,70,49,49,32,75,53,53,47,50,50,73,57,78,78,76,76,70,70,55,55,78,78,78,43,43,43,43,43,43,66,66,66,66,78,78,78,78,64,78,78,78,78,25],"gold":42,"neow_bonus":"TWO_FIFTY_GOLD","is_daily":false,"chose_seed":false,"campfire_upgraded":2,"win_rate":0.0,"timestamp":1607899865,"path_taken":["M","?","?","M","?","R","?","?","T","?","R","M","?","E","R_BF","BOSS","M","$","M","?","?","R","M","R","T","M","?","M","?","M","R_BF","BOSS","M","M","?","?","?","E","$","R","T","?","$","R","?","E","R_BF","BOSS","R","$","E","BOSS"],"items_purchased_type":["Relic","Relic","Relic","Card","Card","Card","Relic","Relic","Relic","Card"],"build_version":"2020-11-30","purchased_purges":2,"victory":true,"max_hp_per_floor":[70,70,70,70,70,70,70,70,70,75,75,75,75,75,75,75,75,75,75,75,78,78,78,78,78,78,78,78,78,78,78,78,78,78,78,78,78,78,78,78,78,78,78,78,78,78,78,78,78,78,78,78,78,78,78],"card_choices":[{"not_picked":["hubris:Counter","ReplayTheSpireMod:Scrap Shanks","Setup"],"picked":"SKIP","floor":1},{"not_picked":["Predator","Expertise"],"picked":"Cloak And Dagger","floor":4},{"not_picked":["Flechettes","Draining Mist"],"picked":"Hidden Blade","floor":5},{"not_picked":["Noxious Fumes","Acrobatics"],"picked":"Fluid Movement","floor":8},{"not_picked":["Bane","All Out Attack"],"picked":"Outmaneuver","floor":12},{"not_picked":["Poisoned Stab","Acrobatics"],"picked":"Escape Plan","floor":14},{"not_picked":["Envenom","Phantasmal Killer"],"picked":"Adrenaline","floor":16},{"not_picked":["Guardian:Aged","Slimebound:Icky"],"picked":"Sickly","floor":17},{"not_picked":["hubris:Lust","hubris:Gluttony"],"picked":"Shame","floor":17},{"not_picked":["sneckomod:Bewildered","ReplayTheSpireMod:Doomed"],"picked":"Hallucinations","floor":17},{"not_picked":["Die Die Die","Prepared"],"picked":"Backflip+1","floor":18},{"not_picked":["Sucker Punch","Slice"],"picked":"Deflect+1","floor":20},{"not_picked":["Flechettes","Predator"],"picked":"Dodge and Roll+1","floor":24},{"not_picked":["Underhanded Strike+1","Dagger Spray"],"picked":"Cloak And Dagger+1","floor":27},{"not_picked":["Cloak And Dagger","Dodge and Roll"],"picked":"Blade Dance","floor":29},{"not_picked":["hubris:Counter+1","Pace+1","Underhanded Strike"],"picked":"SKIP","floor":30},{"not_picked":["Outmaneuver","Die Die Die"],"picked":"Noxious Fumes","floor":31},{"not_picked":["Glass Knife","Phantasmal Killer"],"picked":"Burst","floor":33},{"not_picked":["ReplayTheSpireMod:Exploit Weakness","Prepared"],"picked":"Blade Dance+1","floor":35},{"not_picked":["Escape Plan+1","hubris:SlightOfHand"],"picked":"Cloak And Dagger","floor":36},{"not_picked":["Leg Sweep+1","Masterful Stab"],"picked":"Dodge and Roll+1","floor":38},{"not_picked":["hubris:Counter","Dodge and Roll","Draining Mist+1"],"picked":"SKIP","floor":40},{"not_picked":["Backflip","Deadly Poison"],"picked":"Caltrops+1","floor":47},{"not_picked":["Corpse Explosion","Tactician"],"picked":"Slice","floor":48},{"not_picked":["Outmaneuver+1","Dodge and Roll+1"],"picked":"Venomology","floor":54}],"player_experience":303126,"relics_obtained":[{"floor":14,"key":"aspiration:ChemicalBlood"},{"floor":22,"key":"ReplayTheSpireMod:Shallot"},{"floor":26,"key":"hubris:MysteriousPyramids"},{"floor":32,"key":"aspiration:FrozenJewel"},{"floor":39,"key":"Ring of Chaos"},{"floor":39,"key":"Ring of Greed"},{"floor":39,"key":"Golden Idol"},{"floor":39,"key":"Golden Egg"},{"floor":40,"key":"Replay:Mystery Machine"},{"floor":43,"key":"aspiration:Lifesprig"},{"floor":48,"key":"Smiling Mask"},{"floor":49,"key":"ShockBauble"},{"floor":54,"key":"hubris:AncientText"}],"event_choices":[{"damage_healed":0,"gold_gain":0,"player_choice":"2 cards matched","damage_taken":0,"max_hp_gain":0,"max_hp_loss":0,"event_name":"Match and Keep!","floor":3,"gold_loss":0,"cards_obtained":["Voices","Flechettes"]},{"damage_healed":0,"gold_gain":0,"player_choice":"Upgraded","damage_taken":0,"max_hp_gain":0,"max_hp_loss":0,"event_name":"Upgrade Shrine","floor":7,"gold_loss":0,"cards_upgraded":["Cloak And Dagger"]},{"damage_healed":0,"gold_gain":0,"player_choice":"Donut","damage_taken":0,"max_hp_gain":5,"max_hp_loss":0,"event_name":"Big Fish","floor":10,"gold_loss":0},{"damage_healed":0,"gold_gain":0,"player_choice":"Cursed","damage_taken":0,"max_hp_gain":0,"max_hp_loss":0,"event_name":"Wheel of Change","floor":13,"gold_loss":0,"cards_obtained":["Decay"]},{"damage_healed":0,"gold_gain":99,"player_choice":"Steal","damage_taken":0,"max_hp_gain":0,"max_hp_loss":0,"event_name":"betterThird:BetterNest","floor":28,"gold_loss":0},{"damage_healed":0,"gold_gain":275,"player_choice":"Desecrate","damage_taken":0,"max_hp_gain":0,"max_hp_loss":0,"event_name":"Golden Shrine","floor":37,"gold_loss":0,"cards_obtained":["Regret"]},{"cards_removed":["Sickly"],"damage_healed":0,"gold_gain":0,"player_choice":"Purged","damage_taken":0,"max_hp_gain":0,"max_hp_loss":0,"event_name":"Purifier","floor":44,"gold_loss":0}],"is_beta":false,"boss_relics":[{"not_picked":["Replay:Drink Me","aspiration:WatcherSkillbook"],"picked":"Replay:Ancient Bell"},{"not_picked":["MiniBlackHole","Orichalcum"],"picked":"ReplayTheSpireMod:TigerMarble"},{"not_picked":["Frozen Egg 2","hubris:Reverence"],"picked":"Meat on the Bone"},{"not_picked":["StoneCalendar","CrustySpines"],"picked":"BicycleWheel"},{"not_picked":["energizedSpire:RedRose","energizedSpire:EnergizedDie"],"picked":"energizedSpire:HighHeels"}],"items_purged_floors":[41,53],"is_endless":false,"potions_floor_spawned":[1,4,12,14,18,24,29,36,47,48,54],"ascension_level":0}}