{"host":"kh6fvhxn285ncg0o","time":1607888248,"event":{"mods":["Act Like it!","BaseMod","Colored Map","Friendly Minions","Keyboard Shortcuts","Minty Spire (QoL Compilation)","Quick Restart","Relic Stats","StSLib","SuperFastMode"],"gold_per_floor":[113,37,37,37,49,81,81,107,107,120,120,134,134,167,167,263,263,278,278,203,153,167,207,207,246,246,246,246,260,274,274,274,274,274],"floor_reached":33,"playtime":1495,"items_purged":["Strike_R"],"score":602,"play_id":"120fda2a-3b1b-445f-bb21-9ad48edab66f","local_time":"20201214043728","is_ascension_mode":true,"campfire_choices":[{"data":"Bash","floor":7.0,"key":"SMITH"},{"floor":15.0,"key":"REST"},{"data":"Second Wind","floor":24.0,"key":"SMITH"},{"floor":27.0,"key":"REST"},{"data":"Reckless Charge","floor":32.0,"key":"SMITH"}],"circlet_count":0,"master_deck":["AscendersBane","Strike_R","Defend_R","Defend_R","Defend_R+1","Defend_R+1","Bash+1","Burning Pact","Carnage+1","Second Wind+1","Headbutt","Armaments","Impervious","Battle Trance","Clash+1","Reckless Charge+1"],"relics":["Burning Blood","HornCleat","Akabeko","Boot","Regal Pillow","Golden Idol","Smiling Mask","Runic Pyramid","Omamori","Self Forming Clay","Enchiridion"],"acts_visited":["Exordium","TheCity"],"potions_floor_usage":[33,33],"damage_taken":[{"damage":6.0,"enemies":"Cultist","floor":1.0,"turns":3.0},{"damage":7.0,"enemies":"Jaw Worm","floor":5.0,"turns":2.0},{"damage":28.0,"enemies":"Gremlin Nob","floor":6.0,"turns":4.0},{"damage":10.0,"enemies":"3 Sentries","floor":8.0,"turns":8.0},{"damage":0.0,"enemies":"2 Louse","floor":10.0,"turns":3.0},{"damage":0.0,"enemies":"Large Slime","floor":12.0,"turns":4.0},{"damage":11.0,"enemies":"Lagavulin","floor":14.0,"turns":4.0},{"damage":42.0,"enemies":"The Guardian","floor":16.0,"turns":12.0},{"damage":0.0,"enemies":"Chosen","floor":18.0,"turns":3.0},{"damage":14.0,"enemies":"3 Byrds","floor":22.0,"turns":7.0},{"damage":20.0,"enemies":"Slavers","floor":23.0,"turns":5.0},{"damage":31.0,"enemies":"Gremlin Leader","floor":25.0,"turns":6.0},{"damage":0.0,"enemies":"Cultist and Chosen","floor":29.0,"turns":5.0},{"damage":0.0,"enemies":"Snecko","floor":30.0,"turns":5.0},{"damage":40,"enemies":"Automaton","floor":33,"turns":6}],"seed_played":"-1306921597094110204","potions_obtained":[{"floor":5.0,"key":"SpeedPotion"},{"floor":6.0,"key":"Energy Potion"},{"floor":10.0,"key":"SpeedPotion"},{"floor":14.0,"key":"Regen Potion"},{"floor":18.0,"key":"ColorlessPotion"},{"floor":25.0,"key":"PowerPotion"}],"is_trial":false,"path_per_floor":["M","$","?","?","M","E","R","E","T","M","?","M","?","E","R","B",null,"M","?","?","$","M","E","R","E","T","R","?","M","M","?","R","B"],"character_chosen":"IRONCLAD","items_purchased":["Carnage"],"campfire_rested":2,"item_purchase_floors":[2],"current_hp_per_floor":[68,68,57,57,56,34,34,30,30,36,13,19,19,14,49,28,58,64,64,64,64,56,42,42,17,17,52,31,37,43,43,43,3,3],"gold":274,"neow_bonus":"TRANSFORM_CARD","is_daily":false,"chose_seed":false,"campfire_upgraded":3,"win_rate":0.0,"timestamp":1607888248,"path_taken":["M","?","?","?","M","E","R","E","T","M","?","M","?","E","R","BOSS","M","?","?","$","M","E","R","E","T","R","?","M","M","?","R","BOSS"],"items_purchased_type":["Card"],"build_version":"2020-11-30","purchased_purges":1,"victory":false,"max_hp_per_floor":[75,75,75,75,75,75,75,75,75,75,75,75,68,68,68,68,68,68,68,68,68,68,68,68,68,68,68,68,68,68,68,68,68,68],"relic_stats":{"Regal Pillow":30,"counters":[15,77],"Golden Idol":54,"Self Forming Clay":[12],"Boot":[6],"Smiling Mask":25,"obtain_stats":[{"Regal Pillow":9,"HornCleat":3,"Golden Idol":13,"Self Forming Clay":25,"Enchiridion":28,"Omamori":23,"Boot":8,"Smiling Mask":14,"Burning Blood":0,"Akabeko":6,"Runic Pyramid":17},{"Regal Pillow":4,"HornCleat":1,"Golden Idol":6,"Self Forming Clay":12,"Enchiridion":12,"Omamori":11,"Boot":4,"Smiling Mask":7,"Burning Blood":0,"Akabeko":3,"Runic Pyramid":8},{"Regal Pillow":17,"HornCleat":3,"Golden Idol":24,"Self Forming Clay":61,"Enchiridion":61,"Omamori":55,"Boot":17,"Smiling Mask":28,"Burning Blood":0,"Akabeko":9,"Runic Pyramid":40}],"Burning Blood":84},"card_choices":[{"not_picked":["Twin Strike","Dual Wield"],"picked":"Second Wind","floor":6.0},{"not_picked":["Heavy Blade","Perfected Strike"],"picked":"Headbutt","floor":8.0},{"not_picked":["Heavy Blade","Iron Wave","Clash"],"picked":"SKIP","floor":10.0},{"not_picked":["Heavy Blade","Iron Wave","Clash"],"picked":"SKIP","floor":10.0},{"not_picked":["Anger","Body Slam"],"picked":"Armaments","floor":12.0},{"not_picked":["Burning Pact","Clash"],"picked":"Impervious","floor":14.0},{"not_picked":["Second Wind","Sever Soul"],"picked":"Battle Trance","floor":18.0},{"not_picked":["Clash+1","Battle Trance+1","Anger"],"picked":"SKIP","floor":22.0},{"not_picked":["Battle Trance+1","Anger"],"picked":"Clash+1","floor":22.0},{"not_picked":["Anger","Whirlwind","Headbutt"],"picked":"SKIP","floor":23.0},{"not_picked":["Cleave","Juggernaut"],"picked":"Reckless Charge","floor":25.0},{"not_picked":["Anger","Cleave","Clothesline"],"picked":"SKIP","floor":29.0},{"not_picked":["Burning Pact","Headbutt","Combust"],"picked":"SKIP","floor":30.0}],"player_experience":3147305,"relics_obtained":[{"floor":6.0,"key":"Akabeko"},{"floor":8.0,"key":"Boot"},{"floor":9.0,"key":"Regal Pillow"},{"floor":14.0,"key":"Smiling Mask"},{"floor":23.0,"key":"Omamori"},{"floor":25.0,"key":"Self Forming Clay"},{"floor":28.0,"key":"Enchiridion"}],"event_choices":[{"damage_healed":0.0,"max_hp_gain":0.0,"max_hp_loss":0.0,"gold_gain":0.0,"event_name":"Scrap Ooze","player_choice":"Success","floor":3.0,"gold_loss":0.0,"damage_taken":11.0,"relics_obtained":["HornCleat"]},{"damage_healed":0.0,"max_hp_gain":0.0,"max_hp_loss":0.0,"gold_gain":0.0,"event_name":"Living Wall","player_choice":"Grow","floor":4.0,"gold_loss":0.0,"damage_taken":0.0,"cards_upgraded":["Carnage"]},{"damage_healed":0.0,"max_hp_gain":0.0,"max_hp_loss":0.0,"gold_gain":0.0,"event_name":"Shining Light","player_choice":"Entered Light","floor":11.0,"gold_loss":0.0,"damage_taken":23.0,"cards_upgraded":["Defend_R","Defend_R"]},{"damage_healed":0.0,"max_hp_gain":0.0,"max_hp_loss":7.0,"gold_gain":0.0,"event_name":"Golden Idol","player_choice":"Lose Max HP","floor":13.0,"gold_loss":0.0,"damage_taken":0.0,"relics_obtained":["Golden Idol"]},{"cards_removed":["Strike_R"],"damage_healed":0.0,"max_hp_gain":0.0,"max_hp_loss":0.0,"gold_gain":0.0,"event_name":"Back to Basics","player_choice":"Elegance","floor":19.0,"gold_loss":0.0,"damage_taken":0.0},{"cards_removed":["Strike_R"],"damage_healed":0.0,"max_hp_gain":0.0,"max_hp_loss":0.0,"gold_gain":0.0,"event_name":"Beggar","player_choice":"Gave Gold","floor":20.0,"gold_loss":75.0,"damage_taken":0.0},{"damage_healed":0.0,"max_hp_gain":0.0,"max_hp_loss":0.0,"gold_gain":0.0,"event_name":"Cursed Tome","player_choice":"Obtained Book","floor":28.0,"gold_loss":0.0,"damage_taken":21.0},{"damage_healed":0.0,"max_hp_gain":0.0,"max_hp_loss":0.0,"gold_gain":0.0,"event_name":"Ghosts","player_choice":"Ignored","floor":31.0,"gold_loss":0.0,"damage_taken":0.0}],"is_beta":false,"boss_relics":[{"not_picked":["Philosopher\u0027s Stone","Coffee Dripper"],"picked":"Runic Pyramid"}],"items_purged_floors":[21],"is_endless":false,"potions_floor_spawned":[5,6,10,14,18,25],"killed_by":"Automaton","ascension_level":20}}