{"host":"uuef13iiy6j2c50k","time":1607852773,"event":{"mods":["BaseMod","Minty Spire (QoL Compilation)","Quick Restart","Relic Stats","Slay-I","StSLib","SuperFastMode"],"gold_per_floor":[115,115,40,60,60,93,23,53,130,144,144,162,162,178,178,278,278,260,18,18,18,18],"floor_reached":21,"playtime":597,"items_purged":["Strike_R"],"score":244,"play_id":"76ccf4ac-5d76-41c5-b44c-484c6ae94a77","local_time":"20201212234613","is_ascension_mode":true,"campfire_choices":[{"data":"Uppercut","floor":11,"key":"SMITH"},{"floor":13,"key":"REST"},{"data":"Disarm","floor":15,"key":"SMITH"}],"circlet_count":0,"master_deck":["Strike_R+1","Strike_R","Strike_R","Strike_R","Defend_R","Defend_R","Defend_R+1","Defend_R","Bash","Pommel Strike","Decay","Disarm+1","Uppercut+1","Flame Barrier","Limit Break","Armaments","Offering","Carnage+1","Battle Trance+1"],"relics":["Burning Blood","NeowsBlessing","Oddly Smooth Stone","HornCleat","Bottled Flame","SlaversCollar","Toxic Egg 2"],"acts_visited":["Exordium","TheCity"],"potions_floor_usage":[18],"damage_taken":[{"damage":0,"enemies":"Cultist","floor":1,"turns":1},{"damage":0,"enemies":"Small Slimes","floor":4,"turns":1},{"damage":0,"enemies":"Gremlin Nob","floor":6,"turns":1},{"damage":58,"enemies":"Lagavulin","floor":8,"turns":9},{"damage":5,"enemies":"Jaw Worm","floor":10,"turns":3},{"damage":0,"enemies":"3 Louse","floor":12,"turns":4},{"damage":2,"enemies":"Looter","floor":14,"turns":3},{"damage":47,"enemies":"Hexaghost","floor":16,"turns":18},{"damage":15,"enemies":"2 Thieves","floor":18,"turns":4},{"damage":15,"enemies":"Shell Parasite","floor":21,"turns":8}],"seed_played":"3321808054684635162","potions_obtained":[{"floor":10,"key":"Weak Potion"},{"floor":14,"key":"Block Potion"}],"is_trial":false,"path_per_floor":["M","?","$","M","?","E","$","E","T","M","R","M","R","M","R","B",null,"M","$","?","M"],"character_chosen":"IRONCLAD","items_purchased":["Disarm","Toxic Egg 2"],"campfire_rested":1,"item_purchase_floors":[7,19],"current_hp_per_floor":[80,64,64,70,70,76,76,24,24,25,25,31,55,59,59,18,80,71,71,71,56,56],"gold":18,"neow_bonus":"THREE_ENEMY_KILL","is_daily":false,"chose_seed":false,"campfire_upgraded":2,"win_rate":0.0,"timestamp":1607852773,"path_taken":["M","?","$","M","?","E","$","E","T","M","R","M","R","M","R","BOSS","M","$","?","M"],"items_purchased_type":["Card","Relic"],"build_version":"2020-11-30","purchased_purges":1,"victory":false,"max_hp_per_floor":[80,80,80,80,80,80,80,80,80,80,80,80,80,80,80,80,80,80,80,80,80,80],"relic_stats":{"counters":[10,52],"obtain_stats":[{"SlaversCollar":17,"Bottled Flame":9,"HornCleat":8,"NeowsBlessing":0,"Oddly Smooth Stone":6,"Toxic Egg 2":19,"Burning Blood":0},{"SlaversCollar":8,"Bottled Flame":4,"HornCleat":4,"NeowsBlessing":0,"Oddly Smooth Stone":3,"Toxic Egg 2":9,"Burning Blood":0},{"SlaversCollar":40,"Bottled Flame":12,"HornCleat":12,"NeowsBlessing":0,"Oddly Smooth Stone":3,"Toxic Egg 2":44,"Burning Blood":0}],"Burning Blood":48},"card_choices":[{"not_picked":["Warcry","Blood for Blood"],"picked":"Pommel Strike","floor":1},{"not_picked":["Flex","Entrench","Blood for Blood"],"picked":"SKIP","floor":4},{"not_picked":["Reckless Charge","Warcry","Rupture"],"picked":"SKIP","floor":6},{"not_picked":["Twin Strike","Hemokinesis"],"picked":"Uppercut","floor":8},{"not_picked":["Anger","Fire Breathing"],"picked":"Flame Barrier","floor":10},{"not_picked":["True Grit","Flex"],"picked":"Limit Break","floor":12},{"not_picked":["Iron Wave","Searing Blow"],"picked":"Armaments","floor":14},{"not_picked":["Fiend Fire","Juggernaut"],"picked":"Offering","floor":16},{"not_picked":["Perfected Strike","True Grit"],"picked":"Carnage+1","floor":18}],"player_experience":23844,"relics_obtained":[{"floor":6,"key":"Oddly Smooth Stone"},{"floor":8,"key":"HornCleat"},{"floor":9,"key":"Bottled Flame"}],"event_choices":[{"damage_healed":0,"gold_gain":0,"player_choice":"Entered Light","damage_taken":16,"max_hp_gain":0,"max_hp_loss":0,"event_name":"Shining Light","floor":2,"gold_loss":0,"cards_upgraded":["Defend_R","Strike_R"]},{"damage_healed":0,"gold_gain":0,"player_choice":"Cursed","damage_taken":0,"max_hp_gain":0,"max_hp_loss":0,"event_name":"Wheel of Change","floor":5,"gold_loss":0,"cards_obtained":["Decay"]},{"damage_healed":0,"gold_gain":0,"player_choice":"Read","damage_taken":0,"max_hp_gain":0,"max_hp_loss":0,"event_name":"The Library","floor":20,"gold_loss":0,"cards_obtained":["Battle Trance"]}],"is_beta":false,"boss_relics":[{"not_picked":["Busted Crown","Philosopher\u0027s Stone"],"picked":"SlaversCollar"}],"items_purged_floors":[3],"is_endless":false,"potions_floor_spawned":[10,14],"killed_by":"Shell Parasite","ascension_level":3}}