{"host":"tntnet8s8ws5q0jr","time":1607859294,"event":{"mods":["AchievementEnabler","Aspiration","Bard","BaseMod","Beaked The Cultist","Better Altar","Better Match","Better Note","Better Sensory Stone","Better Skull","Better Third Choice","BetterRewards","CCEM","Clawfect","Colored Map","Conspire","Curses Come First","Downfall","Duelist Mod","GifTheSpireLib","Googly Eyes","Halation","Hermit","Highlight Path","Hubris","Hunter ??","Infinite Spire","Jedi Mod","Jorbs\u0027s Wanderer Trilogy","Mad Scientist","Marisa????????","Mimic Mod","Minty Spire (QoL Compilation)","Permanent Neow","Replay The Spire","Shade Mod","Shop Mod","Spicy Shops","StSLib","Stuff the Spire","The Administrix","The Blackbeard","The Bug Knight","The Construct","The Cursed","The Disciple","The Gatherer","The Hierophant","The IronCluck","The Jungle","The Mystic","The Necromancer","The Problem Sleuth","The Runesmith","The Servant 0.9.4","The Spell Scribe","The Witch","Unceasing Turn Reminder","[IsaacMod]????","everything is the same but u backflip on backflip","slay the spire mod where everything is the same but ironclad has a cowboy hat"],"gold_per_floor":[99,116,150,150,150,150,230,256,275,200,200,240,257,278,292,394,394,319,319,358,458,458,462,462],"floor_reached":23,"playtime":988,"items_purged":[],"score":207,"play_id":"e200ce68-1c06-42ad-acd9-ba0397f60b31","local_time":"20201214003454","is_ascension_mode":false,"campfire_choices":[{"floor":1,"key":"RECALL"},{"data":"Slimebound:FirmFortitude","floor":10,"key":"SMITH"},{"data":"Slimebound:SplitMire","floor":18,"key":"SMITH"}],"circlet_count":0,"master_deck":["Slimebound:Strike_Slimebound","Slimebound:Strike_Slimebound","Slimebound:Strike_Slimebound","Slimebound:Tackle","Slimebound:Defend_Slimebound","Slimebound:Defend_Slimebound","Slimebound:Defend_Slimebound","Slimebound:Defend_Slimebound+1","Slimebound:Split","Slimebound:CorrosiveSpit+1","EpicFetus","Slimebound:GrowthPunch","Slimebound:FirmFortitude+1","Slimebound:GoopSpray+1","Slimebound:SplitMire+1","Slimebound:LeechingTouch","Slimebound:Schlurp","Slimebound:Repurpose","Slimebound:SlimeBarrage+1","Pain"],"relics":["Slimebound:AbsorbEndCombat","HushsDoor","BookofShadows","HollowMod:PaleOreRelic","Replay:Bandana","halation:PinkSoulGem","hubris:Towel","Golden Egg","downfall:HeartBlessingRed","halation:EternalFortune","Pen Nib","StuffTheSpire:Gunfinga","SlaversCollar","downfall:HeartBlessingBlue","War Paint","BookOfRevelations"],"acts_visited":["Exordium","TheCity"],"potions_floor_usage":[12],"damage_taken":[{"damage":9,"enemies":"2 Louse","floor":2,"turns":3},{"damage":35,"enemies":"3 Sentries","floor":3,"turns":6},{"damage":17,"enemies":"Jaw Worm","floor":8,"turns":3},{"damage":7,"enemies":"Small Slimes","floor":9,"turns":2},{"damage":4,"enemies":"Blue Slaver","floor":12,"turns":4},{"damage":19,"enemies":"Blue Slaver","floor":13,"turns":3},{"damage":26,"enemies":"Red Slaver","floor":14,"turns":4},{"damage":2,"enemies":"2 Fungi Beasts","floor":15,"turns":3},{"damage":16,"enemies":"downfall:Watcher","floor":16,"turns":5},{"damage":21,"enemies":"theDuelist:KaibaA2","floor":20,"turns":4},{"damage":100,"enemies":"Nightmare","floor":23,"turns":7}],"seed_played":"-7856751893268914604","potions_obtained":[{"floor":9,"key":"ColorlessPotion"},{"floor":13,"key":"SkillPotion"},{"floor":20,"key":"jedi:StrikingPotion"}],"is_trial":false,"path_per_floor":["R","M","E","?","?","?","T","M","M","R","?","MIM","M","M","M","B",null,"R","?","E","?","?","NM"],"character_chosen":"SLIMEBOUND","items_purchased":[],"campfire_rested":0,"item_purchase_floors":[],"current_hp_per_floor":[60,60,37,37,37,37,37,28,33,33,36,48,41,27,37,45,63,73,73,66,66,66,0,0],"gold":462,"neow_bonus":"RANDOM_COMMON_RELIC","is_daily":false,"chose_seed":false,"campfire_upgraded":2,"win_rate":0.0,"timestamp":1607859294,"path_taken":["R","M","E","?","?","?","T","M","?","R","?","?","M","?","M","BOSS","R","?","E","?","?","NM"],"items_purchased_type":[],"build_version":"2020-11-30","purchased_purges":0,"victory":false,"max_hp_per_floor":[60,60,60,60,60,60,60,60,60,60,63,63,63,63,63,63,63,73,73,73,73,73,73,73],"card_choices":[{"not_picked":[],"picked":"EpicFetus","floor":0},{"not_picked":["Slimebound:SlimeTap","Slimebound:FormOfPuddle","Slimebound:FlameTackle"],"picked":"SKIP","floor":2},{"not_picked":["Bomb","Slimebound:DuplicatedForm"],"picked":"Slimebound:GrowthPunch","floor":3},{"not_picked":["Slimebound:Schlurp","Slimebound:FinishingTackle"],"picked":"Slimebound:FirmFortitude","floor":8},{"not_picked":["Slimebound:Schlurp","Slimebound:GrowthPunch","Slimebound:PressTheAttack"],"picked":"SKIP","floor":9},{"not_picked":["Bomb","Slimebound:FlameTackle"],"picked":"Slimebound:GoopSpray","floor":12},{"not_picked":["Slimebound:SlimeSpikes","Slimebound:Schlurp"],"picked":"Slimebound:SplitMire","floor":13},{"not_picked":["Slimebound:GoopSpray","Slimebound:GrowthPunch"],"picked":"Slimebound:LeechingTouch","floor":14},{"not_picked":["Slimebound:FlameTackle","Slimebound:LeechingTouch"],"picked":"Slimebound:Schlurp","floor":15},{"not_picked":["Slimebound:FinishingTackle","Slimebound:Prepare"],"picked":"Slimebound:Repurpose","floor":20},{"not_picked":["Slimebound:FlameTackle","Slimebound:SlimeSpikes"],"picked":"Slimebound:SlimeBarrage+1","floor":21}],"player_experience":50357,"relics_obtained":[{"floor":3,"key":"Replay:Bandana"},{"floor":7,"key":"Golden Egg"},{"floor":12,"key":"Pen Nib"},{"floor":12,"key":"StuffTheSpire:Gunfinga"},{"floor":20,"key":"War Paint"}],"event_choices":[{"damage_healed":0,"gold_gain":0,"player_choice":"Forge","damage_taken":0,"max_hp_gain":0,"max_hp_loss":0,"event_name":"Accursed Blacksmith","floor":19,"gold_loss":0,"cards_upgraded":["Slimebound:CorrosiveSpit"]}],"is_beta":false,"boss_relics":[{"not_picked":["hubris:CrackedHourglass","Snecko Eye"],"picked":"SlaversCollar"},{"not_picked":[]}],"items_purged_floors":[],"is_endless":false,"potions_floor_spawned":[9,13,20],"killed_by":"Nightmare","ascension_level":0}}