{"host":"0y7rggrn2c7yxnri","time":1607851616,"event":{"mods":["AchievementEnabler","Act Like it!","AlwaysNeverKeys","Aspiration","Bartender","BaseMod","Better Altar","Better Sensory Stone","Better Skull","Better Third Choice","Better Vampires","BetterRewards","Colored Map","Colored Powertips","Displayed Cursed Tome","Duelist Mod","GifTheSpireLib","Magitek Elite","Minty Spire (QoL Compilation)","Permanent Neow","Quick Restart","Replay The Spire","Shop Mod","Spicy Shops","StSLib","Stuff the Spire","The Alterego","The Animator","The Servant 0.9.4","Transform Curses","Virulent Crown","Wandering Minibosses","vexMod"],"gold_per_floor":[114,114,114,114,114,246,256,388,388,496,496,496,624,639,639,717,717,729,729,167,167,167,287,287,306,375,375,515,515,839,975,975,1052,1052,1064,452,469,469,469,614,589,766,766,931,945,964,964,964,964,964,964,964,105,225,225],"floor_reached":56,"playtime":2055,"items_purged":["Regret","Voices"],"score":2854,"play_id":"cc3373fc-fdd9-451e-9b9a-ae82c595bec3","local_time":"20201213042656","is_ascension_mode":true,"campfire_choices":[{"data":"1","floor":11,"key":"LIFT"},{"data":"2","floor":15,"key":"LIFT"},{"data":"3","floor":24,"key":"LIFT"},{"floor":27,"key":"REST"},{"data":"Demon Form","floor":32,"key":"SMITH"},{"data":"Berserk","floor":47,"key":"SMITH"},{"data":"StuffTheSpire:BrainWave","floor":49,"key":"SMITH"},{"data":"Spot Weakness","floor":52,"key":"SMITH"}],"circlet_count":0,"master_deck":["AscendersBane","Defend_R","Defend_R","Defend_R","Bash","Cleave","Inflame","Cleave","Spot Weakness+1","Pommel Strike","Pummel","Demon Form+1","StuffTheSpire:CopiaOfFamine+1","Bite+1","Bite+1","Bite+1","Bite+1","Bite+1","Demon Form+1","Dramatic Entrance","Berserk+1","StuffTheSpire:BrainWave+1","Poisoned Strike","Berserk"],"relics":["Burning Blood","Choco_Feather","StuffTheSpire:DarkSteelAnvil","vexMod:Dragonfruit","Sling","Anchor","StuffTheSpire:TintedRock","Replay:Wax Seal","Durian","StuffTheSpire:RedRose","Cleaning_Rag","InkBottle","aspiration:ChemicalBlood","Girya","Bag of Preparation","Bottled Lightning","aspiration:PoetsPen","MerchantsRug","vexMod:PlasmaPancake","Question Card","StuffTheSpire:Wildfire","Mummified Hand","Counterbalance","aspiration:DefectSkillbook","vexMod:PaidLearning","Ribbon","aspiration:StickyExplosives","Mythril_Glove","ReplayTheSpireMod:Ring of Challenge","Ring of Searing","Replay:Bottled Eggs","StuffTheSpire:Mouthbags","Replay:WaspNest","Incense Burner","Pen Nib","Shuriken","StuffTheSpire:DullRazor","Replay:Ringing Soul"],"acts_visited":["Exordium","TheCity","TheBeyond","TheEnding"],"potions_floor_usage":[16,23,30,55,55,55],"damage_taken":[{"damage":0,"enemies":"2 Louse","floor":1,"turns":1},{"damage":10,"enemies":"Gremlin Nob","floor":6,"turns":3},{"damage":0,"enemies":"Small Slimes","floor":7,"turns":1},{"damage":5,"enemies":"3 Sentries","floor":8,"turns":2},{"damage":24,"enemies":"Lagavulin","floor":10,"turns":3},{"damage":0,"enemies":"3 Sentries","floor":13,"turns":1},{"damage":0,"enemies":"Cultist","floor":14,"turns":1},{"damage":31,"enemies":"The Guardian","floor":16,"turns":5},{"damage":2,"enemies":"Chosen","floor":18,"turns":3},{"damage":0,"enemies":"Slavers","floor":23,"turns":1},{"damage":0,"enemies":"3 Byrds","floor":25,"turns":2},{"damage":0,"enemies":"Book of Stabbing","floor":28,"turns":2},{"damage":4,"enemies":"Cultist and Chosen","floor":30,"turns":5},{"damage":0,"enemies":"Slavers","floor":31,"turns":1},{"damage":11,"enemies":"Champ","floor":33,"turns":4},{"damage":0,"enemies":"Orb Walker","floor":35,"turns":2},{"damage":9,"enemies":"3 Shapes","floor":37,"turns":1},{"damage":2,"enemies":"Giant Head","floor":40,"turns":2},{"damage":2,"enemies":"Reptomancer","floor":42,"turns":2},{"damage":2,"enemies":"Giant Head","floor":44,"turns":2},{"damage":0,"enemies":"3 Darklings","floor":45,"turns":1},{"damage":8,"enemies":"Transient","floor":46,"turns":3},{"damage":17,"enemies":"Replay:Hell Engine","floor":50,"turns":2},{"damage":0,"enemies":"Shield and Spear","floor":54,"turns":1},{"damage":43,"enemies":"The Heart","floor":55,"turns":3}],"seed_played":"-3358680784254765891","potions_obtained":[{"floor":1,"key":"SpeedPotion"},{"floor":6,"key":"SteroidPotion"},{"floor":7,"key":"BloodPotion"},{"floor":23,"key":"AttackPotion"},{"floor":23,"key":"SteroidPotion"},{"floor":35,"key":"Elixir"},{"floor":40,"key":"Elixir"},{"floor":55,"key":"Swift Potion"}],"is_trial":false,"path_per_floor":["M","$","?","?","?","E","M","E","T","E","R","T","E","M","R","B",null,"M","?","$","?","?","E","R","M","T","R","E","T","M","E","R","B",null,"M","$","M","?","?","E","?","E","T","E","M","M","R","?","R","B",null,"R","$","E","B",null],"character_chosen":"IRONCLAD","items_purchased":["Choco_Feather","StuffTheSpire:DarkSteelAnvil","vexMod:Dragonfruit","Cleave","Sling","Anchor","Inflame","Dramatic Entrance","StuffTheSpire:TintedRock","Replay:Wax Seal","Durian","Cleave","MerchantsRug","vexMod:PlasmaPancake","vexMod:PaidLearning","Ribbon","aspiration:StickyExplosives","Mythril_Glove","Pen Nib","Shuriken","StuffTheSpire:DullRazor","Poisoned Strike"],"campfire_rested":1,"item_purchase_floors":[0,0,0,0,0,0,0,0,0,0,0,0,20,20,36,36,36,36,53,53,53,53],"current_hp_per_floor":[84,84,84,79,79,75,81,82,82,64,64,64,72,80,80,57,78,84,59,65,56,56,68,68,76,76,91,91,91,91,91,91,91,91,91,91,88,88,91,91,91,91,91,91,91,91,91,78,78,78,78,78,78,81,60],"gold":225,"neow_bonus":"","is_daily":false,"chose_seed":false,"campfire_upgraded":4,"win_rate":0.0,"timestamp":1607851616,"path_taken":["M","$","?","?","?","E","M","E","T","E","R","?","E","?","R","BOSS","M","?","$","?","?","E","R","M","T","R","E","?","?","E","R","BOSS","M","$","M","?","?","E","?","E","T","E","?","M","R","?","R","BOSS","R","$","E","BOSS"],"items_purchased_type":["Relic","Relic","Relic","Card","Relic","Relic","Card","Card","Relic","Relic","Relic","Card","Relic","Relic","Relic","Relic","Relic","Relic","Relic","Relic","Relic","Card"],"build_version":"2020-11-30","purchased_purges":2,"victory":true,"max_hp_per_floor":[85,85,85,85,85,85,85,85,85,85,85,85,85,85,85,85,85,85,85,91,91,91,91,91,91,91,91,91,91,91,91,91,91,91,91,91,91,91,91,91,91,91,91,91,91,91,91,78,78,78,78,78,78,81,81],"card_choices":[{"not_picked":["StuffTheSpire:Slingshot","Hemokinesis","Heavy Blade"],"picked":"SKIP","floor":1},{"not_picked":["Sever Soul","Cleave"],"picked":"Spot Weakness","floor":6},{"not_picked":["Shockwave","True Grit"],"picked":"Pommel Strike","floor":7},{"not_picked":["StuffTheSpire:Slingshot","Anger","Replay:Undeath\u0027s Touch"],"picked":"SKIP","floor":8},{"not_picked":["Entrench","StuffTheSpire:Slingshot","Pommel Strike"],"picked":"SKIP","floor":10},{"not_picked":["Pommel Strike","Warcry"],"picked":"Pummel","floor":13},{"not_picked":["StuffTheSpire:RockThrow","True Grit","Perfected Strike"],"picked":"SKIP","floor":14},{"not_picked":["Impervious","Hemogenesis"],"picked":"Demon Form","floor":16},{"not_picked":["ReplayTheSpireMod:LeadingStrike","Sentinel","Evolve"],"picked":"SKIP","floor":18},{"not_picked":["Perfected Strike","Pummel","StuffTheSpire:RockThrow"],"picked":"SKIP","floor":23},{"not_picked":["Ghostly Armor","Anger","Shrug It Off+1"],"picked":"SKIP","floor":25},{"not_picked":["Twin Strike","Iron Wave","Defy Death","Body Slam"],"picked":"SKIP","floor":28},{"not_picked":["Pommel Strike","Dropkick+1","Dual Wield+1","Power Through"],"picked":"SKIP","floor":30},{"not_picked":["Power Through","Abandon","StuffTheSpire:Slingshot","Twin Strike"],"picked":"SKIP","floor":31},{"not_picked":["Barricade","Juggernaut","StuffTheSpire:TitanForm"],"picked":"Demon Form","floor":33},{"not_picked":["Heavy Blade+1","Battle Trance","Anger","StuffTheSpire:Slingshot","Iron Wave+1"],"picked":"SKIP","floor":35},{"not_picked":["Havoc","Corruption","Anger+1","Perfected Strike+1","Warcry"],"picked":"SKIP","floor":37},{"not_picked":["Carnage+1","Pummel","Headbutt+1","Replay:Undeath\u0027s Touch","Warcry"],"picked":"SKIP","floor":40},{"not_picked":["Massacre","Clothesline","ReplayTheSpireMod:Strike From Hell+1","Heavy Blade"],"picked":"Berserk","floor":42},{"not_picked":["Thunderclap","ReplayTheSpireMod:Muscle Training","Offering","Havoc","StuffTheSpire:Pyroclast"],"picked":"SKIP","floor":44},{"not_picked":["Shrug It Off","StuffTheSpire:Incineration","Heavy Blade+1","StuffTheSpire:Pyroclast","Intimidate+1"],"picked":"SKIP","floor":45},{"not_picked":["Twin Strike","Headbutt+1","Havoc","Perfected Strike","Sever Soul"],"picked":"SKIP","floor":46},{"not_picked":["ReplayTheSpireMod:Muscle Training","Bloodletting","StuffTheSpire:Incineration","Run Through"],"picked":"Berserk","floor":54}],"player_experience":300629,"relics_obtained":[{"floor":6,"key":"InkBottle"},{"floor":8,"key":"aspiration:ChemicalBlood"},{"floor":9,"key":"Girya"},{"floor":10,"key":"Blood Vial"},{"floor":12,"key":"Bag of Preparation"},{"floor":13,"key":"Bottled Lightning"},{"floor":23,"key":"StuffTheSpire:Barrel"},{"floor":26,"key":"Question Card"},{"floor":28,"key":"StuffTheSpire:Wildfire"},{"floor":29,"key":"Mummified Hand"},{"floor":31,"key":"Counterbalance"},{"floor":38,"key":"ReplayTheSpireMod:Ring of Challenge"},{"floor":38,"key":"Ring of Searing"},{"floor":40,"key":"Replay:Bottled Eggs"},{"floor":42,"key":"StuffTheSpire:Mouthbags"},{"floor":43,"key":"Replay:WaspNest"},{"floor":44,"key":"Incense Burner"},{"floor":54,"key":"Replay:Ringing Soul"}],"event_choices":[{"damage_healed":0,"gold_gain":0,"player_choice":"Relic ","damage_taken":5,"max_hp_gain":0,"max_hp_loss":0,"event_name":"betterThird:BetterScrap","floor":4,"gold_loss":0,"cards_obtained":["Escape Plan"]},{"damage_healed":0,"gold_gain":0,"player_choice":"Stopped","damage_taken":9,"max_hp_gain":0,"max_hp_loss":0,"event_name":"Cursed Tome","floor":21,"gold_loss":0},{"damage_healed":0,"gold_gain":0,"player_choice":"Became a vampire (Vial)","damage_taken":0,"max_hp_gain":0,"max_hp_loss":0,"event_name":"Vampires","floor":22,"relics_lost":["Blood Vial"],"gold_loss":0,"cards_obtained":["Bite","Bite","Bite","Bite","Bite"]}],"is_beta":false,"boss_relics":[{"not_picked":["vexMod:TanglingVine","Ooze Armor"],"picked":"aspiration:PoetsPen"},{"not_picked":["Tiny House","Fusion Hammer"],"picked":"aspiration:DefectSkillbook"}],"items_purged_floors":[20,53],"is_endless":false,"potions_floor_spawned":[1,6,7,23,28,33,35,40,45,46],"ascension_level":18}}