{"host":"kos1s9q8ffr8fqos","time":1607824922,"event":{"mods":["2.2 Compatiblity","AchievementEnabler","AlwaysNeverKeys","Astrologer","BaseMod","Bestiary","Better Altar","Better Match","Better Note","Better Sensory Stone","Better Skull","Better Third Choice","Better Vampires","Colored Map","Colored Powertips","Curses Come First","Hermit","Infinite Spire","Jorbs\u0027s Wanderer Trilogy","Minty Spire (QoL Compilation)","Quick Restart","Random Character Button","Relic Stats","Shop Mod","StSLib","The Blue Laboratory","The Disciple","The Hierophant"],"gold_per_floor":[115,115,75,75,90,90,105,105,105,105,146,165,165,178,178,307,307,332,332,345,345,345,345,365,365,389,412,412,412],"floor_reached":28,"playtime":801,"items_purged":["Pain"],"score":415,"play_id":"1af3aa8c-dae8-4460-ac0d-ed4f2ae44b08","local_time":"20201212200202","is_ascension_mode":true,"campfire_choices":[{"data":"Alpha","floor":6.0,"key":"SMITH"},{"data":"Vigilance","floor":10.0,"key":"SMITH"},{"data":"ClearTheMind","floor":13.0,"key":"SMITH"},{"data":"Wireheading","floor":15,"key":"SMITH"},{"data":"infinitespire:Fortify","floor":23,"key":"SMITH"},{"data":"infinitespire:DeathsTouch","floor":25,"key":"SMITH"}],"circlet_count":0,"master_deck":["AscendersBane","Strike_P","Strike_P","Strike_P","Strike_P","Defend_P+1","Defend_P+1","Defend_P","Defend_P","Eruption","Vigilance+1","FearNoEvil","Alpha+1","DevaForm","ClearTheMind+1","Wireheading+1","DeusExMachina","CrushJoints+1","Parasite","infinitespire:DeathsTouch+1","ForeignInfluence","infinitespire:Fortify+1","LikeWater+1"],"relics":["HolyWater","NeowsBlessing","Oddly Smooth Stone","betterThird:SlimedRelic","Golden Idol","infinitespire:Golems Mask","Eternal Feather","War Paint","infinitespire:Beetle Shell"],"acts_visited":["Exordium","TheCity"],"potions_floor_usage":[16,27,27],"damage_taken":[{"damage":0.0,"enemies":"2 Louse","floor":1.0,"turns":2.0},{"damage":0.0,"enemies":"Small Slimes","floor":5.0,"turns":1.0},{"damage":0.0,"enemies":"Jaw Worm","floor":7.0,"turns":1.0},{"damage":14.0,"enemies":"Lagavulin","floor":11.0,"turns":5.0},{"damage":1.0,"enemies":"3 Louse","floor":12.0,"turns":3.0},{"damage":30,"enemies":"Gremlin Gang","floor":14,"turns":6},{"damage":0,"enemies":"The Guardian","floor":16,"turns":7},{"damage":6,"enemies":"Chosen","floor":18,"turns":4},{"damage":21,"enemies":"Shell Parasite","floor":20,"turns":5},{"damage":0,"enemies":"Centurion and Healer","floor":24,"turns":5},{"damage":21,"enemies":"Snecko","floor":27,"turns":4},{"damage":37,"enemies":"Slavers","floor":28,"turns":3}],"seed_played":"-6982562791456815870","potions_obtained":[{"floor":1.0,"key":"blueLaboratory:BubblePotion"},{"floor":11.0,"key":"blueLaboratory:HorrorPotion"},{"floor":20,"key":"blueLaboratory:PolymorphPotion"},{"floor":24,"key":"ColorlessPotion"}],"is_trial":false,"path_per_floor":["M","?","?","?","M","R","M","?","T","R","E","M","R","M","R","B",null,"M","?","M","AVR","?","R","M","R","T","M","E"],"character_chosen":"WATCHER","items_purchased":[],"campfire_rested":0,"item_purchase_floors":[],"current_hp_per_floor":[65,65,54,54,54,54,54,54,54,54,40,39,48,18,27,27,61,55,55,34,34,34,46,46,58,58,37,0,0],"gold":412,"neow_bonus":"THREE_ENEMY_KILL","is_daily":false,"chose_seed":false,"campfire_upgraded":6,"win_rate":0.0,"timestamp":1607824922,"path_taken":["M","?","?","?","M","R","M","?","T","R","E","M","R","M","R","BOSS","M","?","M","AVR","?","R","M","R","T","?","E"],"items_purchased_type":[],"build_version":"2020-11-30","purchased_purges":1,"victory":false,"max_hp_per_floor":[72,72,72,72,72,72,72,72,72,72,72,72,72,72,72,72,72,72,72,72,72,72,72,72,72,72,72,72,72],"relic_stats":{"counters":[12,46],"Golden Idol":64,"Eternal Feather":42,"War Paint":["Defend_P","Defend_P"],"obtain_stats":[{"NeowsBlessing":0,"Golden Idol":4,"betterThird:SlimedRelic":3,"Oddly Smooth Stone":2,"HolyWater":17,"infinitespire:Golems Mask":9,"Eternal Feather":11,"infinitespire:Beetle Shell":26,"PureWater":0,"War Paint":21},{"NeowsBlessing":0,"Golden Idol":1,"betterThird:SlimedRelic":1,"Oddly Smooth Stone":1,"HolyWater":7,"infinitespire:Golems Mask":3,"Eternal Feather":4,"infinitespire:Beetle Shell":10,"PureWater":0,"War Paint":9},{"NeowsBlessing":0,"Golden Idol":2,"betterThird:SlimedRelic":2,"Oddly Smooth Stone":2,"HolyWater":25,"infinitespire:Golems Mask":4,"Eternal Feather":9,"infinitespire:Beetle Shell":39,"PureWater":0,"War Paint":34}]},"card_choices":[{"not_picked":["Prostrate","Halt"],"picked":"FearNoEvil","floor":1.0},{"not_picked":["Sanctity","Adaptation"],"picked":"Alpha","floor":5.0},{"not_picked":["Crescendo","Wallop","FlyingSleeves"],"picked":"SKIP","floor":7.0},{"not_picked":["FlyingSleeves","Worship"],"picked":"DevaForm","floor":11.0},{"not_picked":["FlyingSleeves","Prostrate"],"picked":"ClearTheMind","floor":12.0},{"not_picked":["Perseverance","ClearTheMind"],"picked":"Wireheading","floor":14},{"not_picked":["SpiritShield","Ragnarok"],"picked":"DeusExMachina","floor":16},{"not_picked":["JustLucky","SashWhip"],"picked":"CrushJoints+1","floor":18},{"not_picked":["infinitespire:FinalStrike","infinitespire:FutureSight"],"picked":"infinitespire:DeathsTouch","floor":19},{"not_picked":["JustLucky","Evaluate"],"picked":"ForeignInfluence","floor":20},{"not_picked":["SandsOfTime","BowlingBash","FlyingSleeves+1"],"picked":"SKIP","floor":24},{"not_picked":["CarveReality","CutThroughFate"],"picked":"LikeWater+1","floor":27}],"player_experience":1217272,"relics_obtained":[{"floor":2.0,"key":"Oddly Smooth Stone"},{"floor":9.0,"key":"infinitespire:Golems Mask"},{"floor":11.0,"key":"Eternal Feather"},{"floor":26,"key":"infinitespire:Beetle Shell"}],"event_choices":[{"damage_healed":0.0,"max_hp_gain":0.0,"max_hp_loss":0.0,"gold_gain":0.0,"event_name":"betterThird:BetterGoop","player_choice":"Slimed","floor":3.0,"gold_loss":40.0,"damage_taken":11.0},{"damage_healed":0.0,"max_hp_gain":0.0,"max_hp_loss":0.0,"gold_gain":0.0,"event_name":"Golden Idol","player_choice":"Take Wound","floor":4.0,"gold_loss":0.0,"damage_taken":0.0,"relics_obtained":["Golden Idol"],"cards_obtained":["Injury"]},{"cards_removed":["Injury"],"damage_healed":0,"gold_gain":0,"player_choice":"Purged","damage_taken":0,"max_hp_gain":0,"max_hp_loss":0,"event_name":"Purifier","floor":22,"gold_loss":0}],"is_beta":false,"boss_relics":[{"not_picked":["Sozu","Runic Dome"],"picked":"HolyWater"}],"items_purged_floors":[21],"is_endless":false,"potions_floor_spawned":[1,11,12,20,24],"killed_by":"Slavers","ascension_level":11}}