{"host":"4k3z1vmw52e7hl04","time":1607830797,"event":{"mods":["BaseMod","Best Route Mod","Better Altar","Better Note","Better Third Choice","Colored Powertips","GifTheSpireLib","Hermit","HexUI Lib","Highlight Path","Hubris","Minty Spire (QoL Compilation)","Rare Cards Sparkle","Replay The Spire","Shop Mod","Spicy Shops","StSLib","SuperFastMode","Synergy Search","The Animator","everything is the same but u backflip on backflip"],"gold_per_floor":[112,112,128,128,128,128,142,182,206,2,2,23,38,38,38,159,159,143,159,159,159,184,184,198,198,224,224,247,280,280,280,280,280,280],"floor_reached":33,"playtime":3219,"items_purged":[],"score":265,"play_id":"61f5f85c-4645-4085-b7d0-267390de80b1","local_time":"20201212193957","is_ascension_mode":false,"campfire_choices":[{"floor":6,"key":"REST"},{"floor":15,"key":"REST"},{"floor":23,"key":"REST"},{"floor":25,"key":"REST"},{"floor":30,"key":"REST"},{"floor":32,"key":"REST"}],"circlet_count":0,"master_deck":["Strike_B","Strike_B","Strike_B+1","Strike_B","Defend_B","Defend_B+1","Zap","Dualcast","hubris:Lust","hubris:Prefetch","Defragment","Gash","Gash","Chaos","Cold Snap","Storm","Pain","Coolheaded","BasicCrystalCard","Coolheaded","Meteor Strike","Sweeping Beam","ReplayTheSpireMod:Calculation Training","ReplayTheSpireMod:Repulse","Compile Driver+1","BootSequence+1","hubris:Ukulele","Self Repair+1","Storm","Auto Shields","Panic Button+1","Beam Cell"],"relics":["Cracked Core","Golden Idol","hubris:Towel","Nunchaku","Orichalcum","WarpedTongs","Fusion Hammer","Prayer Wheel","Blood Vial","Tiny Chest","Replay:Antivirus Software"],"acts_visited":["Exordium","TheCity"],"potions_floor_usage":[12,16,16,24,28,28,33],"damage_taken":[{"damage":5,"enemies":"2 Louse","floor":1,"turns":3},{"damage":9,"enemies":"Cultist","floor":3,"turns":4},{"damage":13,"enemies":"Jaw Worm","floor":7,"turns":4},{"damage":36,"enemies":"Replay:BlueRogue","floor":8,"turns":5},{"damage":10,"enemies":"Looter","floor":12,"turns":2},{"damage":5,"enemies":"2 Fungi Beasts","floor":13,"turns":3},{"damage":25,"enemies":"Fading Forest","floor":16,"turns":11},{"damage":16,"enemies":"2 Thieves","floor":18,"turns":4},{"damage":20,"enemies":"Spheric Guardian","floor":19,"turns":5},{"damage":31,"enemies":"3 Cultists","floor":22,"turns":6},{"damage":14,"enemies":"Sentry and Sphere","floor":24,"turns":11},{"damage":4,"enemies":"Snecko","floor":28,"turns":3},{"damage":26,"enemies":"Book of Stabbing","floor":29,"turns":4},{"damage":71,"enemies":"Automaton","floor":33,"turns":10}],"seed_played":"1709872702467736693","potions_obtained":[{"floor":8,"key":"Weak Potion"},{"floor":12,"key":"Elixir"},{"floor":13,"key":"Energy Potion"},{"floor":18,"key":"Elixir"},{"floor":21,"key":"Reflective Coating"},{"floor":21,"key":"Dexterity Potion"},{"floor":29,"key":"Strength Potion"}],"is_trial":false,"path_per_floor":["M","?","M","?","?","R","M","E","T","$","?","M","M","$","R","B",null,"M","M","?","?","M","R","M","R","T","?","M","E","R","?","R","B"],"character_chosen":"DEFECT","items_purchased":["Storm"],"campfire_rested":6,"item_purchase_floors":[10],"current_hp_per_floor":[70,69,60,46,46,66,53,17,17,17,17,7,2,2,22,7,69,53,33,33,33,2,22,8,28,28,28,36,22,42,42,62,0,0],"gold":280,"neow_bonus":"TRANSFORM_TWO_CARDS","is_daily":false,"chose_seed":false,"campfire_upgraded":0,"win_rate":0.0,"timestamp":1607830797,"path_taken":["M","?","M","?","?","R","M","E","T","$","?","M","?","?","R","BOSS","M","M","?","?","M","R","M","R","T","?","?","E","R","?","R","BOSS"],"items_purchased_type":["Card"],"build_version":"2020-11-30","purchased_purges":0,"victory":false,"max_hp_per_floor":[75,69,69,69,69,69,69,69,69,69,69,69,69,69,69,69,69,69,69,69,69,69,69,69,69,69,69,69,69,69,69,69,69,69],"card_choices":[{"not_picked":["FTL","Aggregate"],"picked":"Gash","floor":1},{"not_picked":["Panic Button","Consume"],"picked":"Gash","floor":3},{"not_picked":["Turbo","ReplayTheSpireMod:System Scan"],"picked":"Chaos","floor":7},{"not_picked":["BootSequence","ReplayTheSpireMod:Reroute Power"],"picked":"Cold Snap","floor":8},{"not_picked":["FTL","Stack"],"picked":"Coolheaded","floor":12},{"not_picked":["Ball Lightning","Steam"],"picked":"BasicCrystalCard","floor":13},{"not_picked":["hubris:Prefetch","Fission"],"picked":"ReplayTheSpireMod:Fabricate Wheel","floor":16},{"not_picked":["Turbo","Steam Power"],"picked":"Coolheaded","floor":18},{"not_picked":["Leap","Conserve Battery+1"],"picked":"Meteor Strike","floor":18},{"not_picked":["Beam Cell","Cold Snap"],"picked":"Sweeping Beam","floor":19},{"not_picked":["ReplayTheSpireMod:Repulse","Chill"],"picked":"ReplayTheSpireMod:Calculation Training","floor":19},{"not_picked":["Sweeping Beam","FTL"],"picked":"Compile Driver+1","floor":22},{"not_picked":["Conserve Battery","Steam"],"picked":"BootSequence+1","floor":22},{"not_picked":["ReplayTheSpireMod:Reroute Power","Turbo"],"picked":"hubris:Ukulele","floor":24},{"not_picked":["Chill","ReplayTheSpireMod:Calculation Training+1"],"picked":"Self Repair+1","floor":24},{"not_picked":["Rip and Tear","Steam"],"picked":"Auto Shields","floor":28},{"not_picked":["Conserve Battery","BasicCrystalCard"],"picked":"Panic Button+1","floor":28},{"not_picked":["Fusion","Tempest"],"picked":"Beam Cell","floor":29}],"player_experience":243412,"relics_obtained":[{"floor":8,"key":"Nunchaku"},{"floor":9,"key":"Orichalcum"},{"floor":26,"key":"Blood Vial"},{"floor":29,"key":"Tiny Chest"}],"event_choices":[{"damage_healed":0,"gold_gain":0,"player_choice":"Lose Max HP","damage_taken":0,"relics_obtained":["Golden Idol"],"max_hp_gain":0,"max_hp_loss":6,"event_name":"Golden Idol","floor":2,"gold_loss":0},{"damage_healed":60,"gold_gain":0,"player_choice":"Upgrade","damage_taken":14,"max_hp_gain":0,"max_hp_loss":69,"event_name":"betterThird:BetterShining","floor":4,"gold_loss":0,"cards_upgraded":["Strike_B","Defend_B"]},{"damage_healed":0,"gold_gain":0,"player_choice":"Rummage","damage_taken":0,"relics_obtained":["WarpedTongs"],"max_hp_gain":0,"max_hp_loss":0,"event_name":"Accursed Blacksmith","floor":11,"gold_loss":0,"cards_obtained":["Pain"]},{"damage_healed":0,"gold_gain":0,"player_choice":"1 cards matched","damage_taken":0,"max_hp_gain":0,"max_hp_loss":0,"event_name":"Match and Keep!","floor":20,"gold_loss":0,"cards_obtained":["ReplayTheSpireMod:Repulse"]},{"damage_healed":0,"gold_gain":0,"player_choice":"Got Potions","damage_taken":0,"max_hp_gain":0,"max_hp_loss":0,"event_name":"Lab","floor":21,"gold_loss":0},{"damage_healed":0,"gold_gain":0,"player_choice":"Copied","damage_taken":0,"max_hp_gain":0,"max_hp_loss":0,"event_name":"Duplicator","floor":27,"gold_loss":0,"cards_obtained":["Storm"]}],"is_beta":false,"boss_relics":[{"not_picked":["Coffee Dripper","Runic Pyramid"],"picked":"Fusion Hammer"}],"items_purged_floors":[],"is_endless":false,"potions_floor_spawned":[8,12,13,18,22,29],"killed_by":"Automaton","ascension_level":0}}