{"host":"ekstrfwlhr7rhfvs","time":1607868738,"event":{"mods":["BaseMod","Minty Spire (QoL Compilation)","Quick Restart","Replay The Spire","StSLib"],"gold_per_floor":[111,111,36,52,75,75,108,108,108,108,119,136,136,82,82,182,182,193,19,118,135,147,147,160,160,160,160,178,178,196,27,27,27,27],"floor_reached":33,"playtime":1287,"items_purged":["Strike_R","Strike_R"],"score":430,"play_id":"e17d57d6-42bc-4a3a-a810-449fd91d3c67","local_time":"20201213221218","is_ascension_mode":true,"campfire_choices":[{"data":"Defend_R","floor":6.0,"key":"SMITH"},{"data":"Body Slam","floor":8.0,"key":"SMITH"},{"data":"Strike_R","floor":15.0,"key":"PURGE"},{"data":"Shrug It Off","floor":23.0,"key":"SMITH"},{"data":"Shrug It Off","floor":25,"key":"SMITH"},{"data":"Feed","floor":27,"key":"SMITH"},{"data":"Defend_R","floor":29,"key":"SMITH"},{"data":"Defend_R","floor":32,"key":"SMITH"}],"circlet_count":0,"master_deck":["AscendersBane","Strike_R","Defend_R","Defend_R+1","Defend_R+1","Defend_R+1","Bash","Body Slam+1","Shrug It Off+1","Feed+1","CurseOfTheBell","Shrug It Off+1"],"relics":["Burning Blood","NeowsBlessing","Bag of Marbles","Potion Belt","Garlic","FaceOfCleric","Calling Bell","Replay:Baseball","Self Forming Clay","Pocketwatch","Membership Card","Replay:Wax Seal","Singing Bowl"],"acts_visited":["Exordium","TheCity"],"potions_floor_usage":[33,33,33,33,33],"damage_taken":[{"damage":0.0,"enemies":"Jaw Worm","floor":1.0,"turns":1.0},{"damage":0.0,"enemies":"Cultist","floor":4.0,"turns":1.0},{"damage":0.0,"enemies":"3 Sentries","floor":7.0,"turns":1.0},{"damage":0.0,"enemies":"2 Louse","floor":11.0,"turns":2.0},{"damage":6.0,"enemies":"Lots of Slimes","floor":12.0,"turns":5.0},{"damage":59.0,"enemies":"Fading Forest","floor":16.0,"turns":11.0},{"damage":3.0,"enemies":"Chosen","floor":18.0,"turns":6.0},{"damage":1.0,"enemies":"3 Byrds","floor":21.0,"turns":7.0},{"damage":9.0,"enemies":"Snake Plant","floor":22.0,"turns":5.0},{"damage":18,"enemies":"Sentry and Sphere","floor":24,"turns":8},{"damage":9,"enemies":"Centurion and Healer","floor":28,"turns":12},{"damage":11,"enemies":"Snecko","floor":30,"turns":6},{"damage":98,"enemies":"Collector","floor":33,"turns":11}],"seed_played":"3309896128298975508","potions_obtained":[{"floor":12.0,"key":"Toxic Potion"},{"floor":16.0,"key":"Dexterity Potion"},{"floor":18.0,"key":"SteroidPotion"},{"floor":22.0,"key":"BloodPotion"},{"floor":24,"key":"LiquidMemories"},{"floor":30,"key":"AttackPotion"}],"is_trial":false,"path_per_floor":["M","?","$","M","T","R","E","R","T","?","M","M","?","$","R","B",null,"M","$","?","M","M","R","M","R","T","R","M","R","M","$","R","B"],"character_chosen":"IRONCLAD","items_purchased":["Shrug It Off","Membership Card","Shrug It Off","Singing Bowl"],"campfire_rested":0,"item_purchase_floors":[14,19,19,31],"current_hp_per_floor":[78,78,78,80,80,80,80,80,80,80,81,82,82,82,82,30,70,77,77,77,83,81,81,73,73,73,73,71,71,67,67,67,0,0],"gold":27,"neow_bonus":"THREE_ENEMY_KILL","is_daily":false,"chose_seed":false,"campfire_upgraded":7,"win_rate":0.0,"timestamp":1607868738,"path_taken":["M","?","$","?","?","R","E","R","T","?","M","?","?","$","R","BOSS","M","$","?","M","M","R","M","R","T","R","M","R","M","$","R","BOSS"],"items_purchased_type":["Card","Relic","Card","Relic"],"build_version":"2020-11-30","purchased_purges":2,"victory":false,"max_hp_per_floor":[80,80,80,80,80,80,80,80,80,80,81,82,82,82,82,83,83,87,87,87,88,89,89,93,93,93,93,94,94,95,95,95,95,95],"card_choices":[{"not_picked":["Havoc","Sentinel","Thunderclap"],"picked":"SKIP","floor":1.0},{"not_picked":["Warcry","Replay:Undeath\u0027s Touch","True Grit"],"picked":"SKIP","floor":4.0},{"not_picked":["Hemokinesis","Double Tap"],"picked":"Body Slam","floor":7.0},{"not_picked":["Massacre","Havoc","ReplayTheSpireMod:Limb From Limb"],"picked":"SKIP","floor":11.0},{"not_picked":["Perfected Strike","Thunderclap","Iron Wave"],"picked":"SKIP","floor":12.0},{"not_picked":["Eclipse","Exhume"],"picked":"Feed","floor":16.0},{"not_picked":["Thunderclap+1","Inflame+1","Body Slam"],"picked":"SKIP","floor":18.0},{"not_picked":["True Grit","Rage+1","Run Through"],"picked":"SKIP","floor":21.0},{"not_picked":["Intimidate","Whirlwind","Exhume"],"picked":"SKIP","floor":22.0},{"not_picked":["ReplayTheSpireMod:LeadingStrike","Massacre","Power Through"],"picked":"SKIP","floor":24},{"not_picked":["Armaments","Thunderclap","Clash"],"picked":"SKIP","floor":28},{"not_picked":["Pommel Strike+1","ReplayTheSpireMod:Limb From Limb","Wild Strike+1"],"picked":"SKIP","floor":30}],"player_experience":420571,"relics_obtained":[{"floor":5.0,"key":"Bag of Marbles"},{"floor":7.0,"key":"Potion Belt"},{"floor":9.0,"key":"Garlic"},{"floor":17.0,"key":"Replay:Baseball"},{"floor":17.0,"key":"Self Forming Clay"},{"floor":17.0,"key":"Pocketwatch"},{"floor":26,"key":"Replay:Wax Seal"}],"event_choices":[{"damage_healed":0.0,"max_hp_gain":0.0,"max_hp_loss":0.0,"gold_gain":0.0,"event_name":"The Woman in Blue","player_choice":"Bought 0 Potions","floor":2.0,"gold_loss":0.0,"damage_taken":0.0},{"damage_healed":0.0,"max_hp_gain":0.0,"max_hp_loss":0.0,"gold_gain":0.0,"event_name":"FaceTrader","player_choice":"Trade","floor":10.0,"gold_loss":0.0,"damage_taken":0.0,"relics_obtained":["FaceOfCleric"]},{"cards_removed":["Strike_R"],"damage_healed":0.0,"max_hp_gain":0.0,"max_hp_loss":0.0,"gold_gain":0.0,"event_name":"Living Wall","player_choice":"Forget","floor":13.0,"gold_loss":0.0,"damage_taken":0.0},{"damage_healed":0.0,"max_hp_gain":0.0,"max_hp_loss":0.0,"gold_gain":99.0,"event_name":"Nest","player_choice":"Stole From Cult","floor":20.0,"gold_loss":0.0,"damage_taken":0.0}],"is_beta":false,"boss_relics":[{"not_picked":["Coffee Dripper","Fusion Hammer"],"picked":"Calling Bell"}],"items_purged_floors":[3,31],"is_endless":false,"potions_floor_spawned":[12,16,18,22,24,30],"killed_by":"Collector","ascension_level":10}}