{"host":"wkcoec525dnrk4jw","time":1607833847,"event":{"mods":["BaseMod","Minty Spire (QoL Compilation)","Quick Restart","Replay The Spire","Shop Mod","StSLib","[IsaacMod]ÒÔÈö¼âËþ"],"gold_per_floor":[117,8,8,19,31,56,5,5,5,39,39,114,140,156,156,252,252,252,252],"floor_reached":18,"playtime":819,"items_purged":[],"score":336,"play_id":"25b54321-5e59-403e-88b2-a24c4039e16d","local_time":"20201213123047","is_ascension_mode":true,"campfire_choices":[{"data":"EpicFetus","floor":8,"key":"SMITH"},{"floor":15,"key":"REST"}],"circlet_count":0,"master_deck":["Strike_G","Strike_G","Strike_G","Strike_G","Strike_G","Defend_G","Defend_G","Defend_G+1","Defend_G","Defend_G+1","Survivor","Neutralize","EpicFetus+1","Flying Knee","Storm of Steel+1","Infinite Blades","Blade Dance","Infinite Blades","Acrobatics","Sucker Punch","Grand Finale","Hidden Blade","Phantasmal Killer","DoctorFetus"],"relics":["HushsDoor","NeowsBlessing","DoctorsRemote","Sizzling Blood","Ornamental Fan","Simple Rune","Replay:Baseball","Smiling Mask","Dream Catcher","Replay:Grab Bag","ChewingGum","ChampionBelt"],"acts_visited":["Exordium","TheCity"],"potions_floor_usage":[6],"damage_taken":[{"damage":0,"enemies":"Small Slimes","floor":1,"turns":1},{"damage":0,"enemies":"2 Louse","floor":4,"turns":2},{"damage":0,"enemies":"Cultist","floor":5,"turns":1},{"damage":17,"enemies":"Lagavulin","floor":6,"turns":4},{"damage":7,"enemies":"3 Sentries","floor":10,"turns":6},{"damage":17,"enemies":"Blue Slaver","floor":14,"turns":3},{"damage":17,"enemies":"The Guardian","floor":16,"turns":7},{"damage":0,"enemies":"Slavers","floor":18,"turns":1}],"seed_played":"-4630169845490257960","potions_obtained":[{"floor":4,"key":"SteroidPotion"},{"floor":5,"key":"Languid Potion"},{"floor":10,"key":"GamblersBrew"}],"is_trial":false,"path_per_floor":["M","$","?","M","M","E","$","R","T","E","?","?","T","M","R","B",null,"M"],"character_chosen":"THE_SILENT","items_purchased":["Storm of Steel+1","Acrobatics","DoctorFetus"],"campfire_rested":1,"item_purchase_floors":[2,7,17],"current_hp_per_floor":[70,70,74,74,74,61,61,61,61,58,51,40,40,27,49,36,62,62,62],"gold":252,"neow_bonus":"THREE_ENEMY_KILL","is_daily":false,"chose_seed":false,"campfire_upgraded":1,"win_rate":0.0,"timestamp":1607833847,"path_taken":["M","$","?","M","?","E","$","R","T","E","?","?","?","M","R","BOSS","M"],"items_purchased_type":["Card","Card","Card"],"build_version":"2020-11-30","purchased_purges":0,"victory":false,"max_hp_per_floor":[70,70,74,74,74,74,74,74,74,74,74,74,74,74,74,74,70,70,70],"card_choices":[{"not_picked":[],"picked":"EpicFetus","floor":0},{"not_picked":["Skewer","Dash"],"picked":"Flying Knee","floor":1},{"not_picked":["Deadly Poison","Outmaneuver"],"picked":"Infinite Blades","floor":4},{"not_picked":["Catalyst","Reflex"],"picked":"Blade Dance","floor":5},{"not_picked":["ReplayTheSpireMod:Scrap Shanks","Dodge and Roll"],"picked":"Infinite Blades","floor":6},{"not_picked":["PiercingWail","Expertise"],"picked":"Sucker Punch","floor":10},{"not_picked":["Dodge and Roll","Acrobatics"],"picked":"Grand Finale","floor":14},{"not_picked":["Predator","Expertise"],"picked":"Hidden Blade","floor":15},{"not_picked":["Grand Finale","Replay:Bag of Tricks"],"picked":"Phantasmal Killer","floor":16}],"player_experience":100874,"relics_obtained":[{"floor":6,"key":"Ornamental Fan"},{"floor":9,"key":"Simple Rune"},{"floor":10,"key":"Replay:Baseball"},{"floor":13,"key":"Dream Catcher"}],"event_choices":[{"damage_healed":0,"gold_gain":0,"player_choice":"Success","damage_taken":7,"relics_obtained":["Smiling Mask"],"max_hp_gain":0,"max_hp_loss":0,"event_name":"Scrap Ooze","floor":11,"gold_loss":0},{"damage_healed":0,"gold_gain":75,"player_choice":"Gather Gold","damage_taken":11,"max_hp_gain":0,"max_hp_loss":0,"event_name":"World of Goop","floor":12,"gold_loss":0}],"is_beta":false,"boss_relics":[{"not_picked":["SacredBark","Replay:Ancient Bell"],"picked":"Replay:Grab Bag"},{"not_picked":["Busted Crown","Runic Dome"],"picked":"ChewingGum"},{"not_picked":["Cursed Key","Fusion Hammer"],"picked":"ChampionBelt"},{"not_picked":[]}],"items_purged_floors":[],"is_endless":false,"potions_floor_spawned":[4,5,10],"killed_by":"Slavers","ascension_level":20}}