{"host":"3t6uby4o5waaq95r","time":1607832539,"event":{"mods":["AchievementEnabler","BaseMod","Bestiary","Colored Map","Highlight Path","Minty Spire (QoL Compilation)","Permanent Neow","Quick Restart","Random Character Button","SuperFastMode"],"gold_per_floor":[119,119,85,85,135,168,168,186,186,186,197,229,241,255,255,328,328,346,396,409,175,175,175,202,215,240,240,240],"floor_reached":27,"playtime":1837,"items_purged":[],"score":422,"play_id":"c27f3ee2-8e94-498f-bd21-e47e9efde12d","local_time":"20201212220859","is_ascension_mode":true,"campfire_choices":[{"floor":7.0,"key":"REST"},{"floor":10.0,"key":"REST"},{"floor":15.0,"key":"REST"},{"floor":23.0,"key":"REST"}],"circlet_count":0,"master_deck":["AscendersBane","Strike_G","Strike_G+1","Defend_G","Defend_G","Defend_G","Defend_G","Survivor","Neutralize+1","Infinite Blades","Infinite Blades","Escape Plan","Caltrops","Calculated Gamble","Choke","Finisher","Deflect","Storm of Steel","Cloak And Dagger+1","Backstab","Endless Agony+1","Accuracy"],"relics":["Ring of the Snake","Peace Pipe","StrikeDummy","Happy Flower","WristBlade","Juzu Bracelet","Pen Nib","Whetstone"],"acts_visited":["Exordium","TheCity"],"potions_floor_usage":[25],"damage_taken":[{"damage":2.0,"enemies":"2 Louse","floor":1.0,"turns":3.0},{"damage":17.0,"enemies":"3 Sentries","floor":6.0,"turns":7.0},{"damage":0.0,"enemies":"Cultist","floor":8.0,"turns":4.0},{"damage":0.0,"enemies":"Jaw Worm","floor":11.0,"turns":5.0},{"damage":46.0,"enemies":"Gremlin Nob","floor":12.0,"turns":6.0},{"damage":0.0,"enemies":"Large Slime","floor":13.0,"turns":5.0},{"damage":5.0,"enemies":"Red Slaver","floor":14.0,"turns":4.0},{"damage":18.0,"enemies":"Hexaghost","floor":16.0,"turns":9.0},{"damage":29.0,"enemies":"Shell Parasite","floor":18.0,"turns":5.0},{"damage":12.0,"enemies":"3 Byrds","floor":20.0,"turns":4.0},{"damage":21.0,"enemies":"Book of Stabbing","floor":24.0,"turns":6.0},{"damage":7,"enemies":"Snake Plant","floor":25,"turns":3},{"damage":2,"enemies":"Centurion and Healer","floor":27,"turns":1}],"seed_played":"-4380807278270287280","potions_obtained":[{"floor":1.0,"key":"CultistPotion"},{"floor":6.0,"key":"AttackPotion"},{"floor":13.0,"key":"SkillPotion"},{"floor":16.0,"key":"ColorlessPotion"},{"floor":18.0,"key":"DuplicationPotion"},{"floor":24.0,"key":"Energy Potion"}],"is_trial":false,"path_per_floor":["M","?","$","?","?","E","R","M","T","R","M","E","M","M","R","B",null,"M","?","M","$","?","R","E","M","T","M"],"character_chosen":"THE_SILENT","items_purchased":["Infinite Blades","Juzu Bracelet","Backstab"],"campfire_rested":4,"item_purchase_floors":[3,21,21],"current_hp_per_floor":[42,42,42,35,35,18,37,37,37,56,56,10,10,5,24,6,51,22,22,10,10,10,29,8,1,1,0,0],"gold":240,"neow_bonus":"REMOVE_TWO","is_daily":false,"chose_seed":false,"campfire_upgraded":0,"win_rate":0.0,"timestamp":1607832539,"path_taken":["M","?","?","?","?","E","R","M","T","R","?","E","M","M","R","BOSS","M","?","M","$","?","R","E","M","T","M"],"items_purchased_type":["Card","Relic","Card"],"build_version":"2020-11-30","purchased_purges":0,"victory":false,"max_hp_per_floor":[66,66,66,66,66,66,66,66,66,66,66,66,66,66,66,66,66,66,66,66,66,66,66,66,66,66,66,66],"card_choices":[{"not_picked":["Underhanded Strike","Deflect"],"picked":"Infinite Blades","floor":1.0},{"not_picked":["Underhanded Strike","Backflip"],"picked":"Escape Plan","floor":6.0},{"not_picked":["Setup","Masterful Stab"],"picked":"Caltrops","floor":8.0},{"not_picked":["Tactician","Dodge and Roll"],"picked":"Calculated Gamble","floor":11.0},{"not_picked":["PiercingWail","Crippling Poison"],"picked":"Choke","floor":12.0},{"not_picked":["Slice","Dagger Throw"],"picked":"Finisher","floor":13.0},{"not_picked":["Flying Knee","PiercingWail"],"picked":"Deflect","floor":14.0},{"not_picked":["Die Die Die","Unload"],"picked":"Storm of Steel","floor":16.0},{"not_picked":["Dagger Spray","Deadly Poison","Poisoned Stab"],"picked":"SKIP","floor":18.0},{"not_picked":["Bane","Dagger Spray"],"picked":"Cloak And Dagger+1","floor":20.0},{"not_picked":["Distraction","All Out Attack+1"],"picked":"Endless Agony","floor":24.0},{"not_picked":["Deadly Poison","Reflex"],"picked":"Accuracy","floor":25}],"player_experience":741944,"relics_obtained":[{"floor":6.0,"key":"Peace Pipe"},{"floor":9.0,"key":"StrikeDummy"},{"floor":12.0,"key":"Happy Flower"},{"floor":24.0,"key":"Pen Nib"},{"floor":26,"key":"Whetstone"}],"event_choices":[{"cards_removed":["Strike_G"],"damage_healed":0.0,"max_hp_gain":0.0,"max_hp_loss":0.0,"gold_gain":0.0,"event_name":"Bonfire Elementals","player_choice":"Offered Basic","floor":2.0,"gold_loss":0.0,"damage_taken":0.0},{"cards_removed":["Strike_G"],"damage_healed":0.0,"max_hp_gain":0.0,"max_hp_loss":0.0,"gold_gain":0.0,"event_name":"Golden Wing","player_choice":"Card Removal","floor":4.0,"gold_loss":0.0,"damage_taken":7.0},{"damage_healed":0.0,"max_hp_gain":0.0,"max_hp_loss":0.0,"gold_gain":50.0,"event_name":"Golden Shrine","player_choice":"Pray","floor":5.0,"gold_loss":0.0,"damage_taken":0.0},{"damage_healed":0.0,"max_hp_gain":0.0,"max_hp_loss":0.0,"gold_gain":50.0,"event_name":"Nest","player_choice":"Stole From Cult","floor":19.0,"gold_loss":0.0,"damage_taken":0.0},{"damage_healed":0.0,"max_hp_gain":0.0,"max_hp_loss":0.0,"gold_gain":0.0,"event_name":"Upgrade Shrine","player_choice":"Upgraded","floor":22.0,"gold_loss":0.0,"damage_taken":0.0,"cards_upgraded":["Neutralize"]}],"is_beta":false,"boss_relics":[{"not_picked":["Velvet Choker","SlaversCollar"],"picked":"WristBlade"}],"items_purged_floors":[],"is_endless":false,"potions_floor_spawned":[1,6,13,16,18,24],"killed_by":"Centurion and Healer","ascension_level":15}}