{"host":"qwttrqaysb380yri","time":1607893930,"event":{"mods":["BaseMod","Custom Start","Minty Spire (QoL Compilation)","Puzzle Mod","Relic Stats","StSLib","The Cursed","The Hierophant"],"gold_per_floor":[116,116,116,143,155,155,171,198,198,14,35,35,64,85,85,156,156,167,20,20,20,96,56,56],"floor_reached":23,"playtime":672,"items_purged":["Pain"],"score":393,"play_id":"e557ec37-7ffd-4f02-8d4b-da2e800a128f","local_time":"20201213221210","is_ascension_mode":true,"campfire_choices":[{"data":"hierophant:Martyrdom","floor":6.0,"key":"SMITH"},{"floor":12.0,"key":"REST"},{"floor":15.0,"key":"REST"}],"circlet_count":0,"master_deck":["AscendersBane","hierophant:Strike_Hierophant","hierophant:Strike_Hierophant","hierophant:Strike_Hierophant","hierophant:Strike_Hierophant","hierophant:Punish","hierophant:Defend_Hierophant","hierophant:Defend_Hierophant","hierophant:Defend_Hierophant","hierophant:Defend_Hierophant","hierophant:ChurchCoffers","hierophant:Doubloon","hierophant:Refuge","hierophant:DisplayOfPower","hierophant:Martyrdom+1","hierophant:Encroach","hierophant:HolyVerse+1","hierophant:Remorse","hierophant:Doubloon+1","hierophant:HammerAndAnvil+1","hierophant:Shelter+1","hierophant:FlamingChariot","hierophant:WrathOfGod","hierophant:SecretStash+1","hierophant:RustyCrate+1","hierophant:Doubloon+1","hierophant:Doubloon+1","hierophant:Charity","hierophant:Doubloon+1","Good Instincts+1","Ghostly+1","Ghostly+1","Ghostly+1","hierophant:Alms+1"],"relics":["hierophant:PropheticMaskRelic","StrikeDummy","WarpedTongs","Toxic Egg 2","Membership Card","Black Star","Nilry\u0027s Codex"],"acts_visited":["Exordium","TheCity"],"potions_floor_usage":[23],"damage_taken":[{"damage":0.0,"enemies":"2 Louse","floor":1.0,"turns":2.0},{"damage":4.0,"enemies":"Jaw Worm","floor":4.0,"turns":2.0},{"damage":6.0,"enemies":"Cultist","floor":5.0,"turns":3.0},{"damage":25.0,"enemies":"Exordium Thugs","floor":7.0,"turns":4.0},{"damage":7.0,"enemies":"Looter","floor":8.0,"turns":4.0},{"damage":3.0,"enemies":"Large Slime","floor":11.0,"turns":4.0},{"damage":14.0,"enemies":"Exordium Wildlife","floor":13.0,"turns":4.0},{"damage":0.0,"enemies":"Blue Slaver","floor":14.0,"turns":3.0},{"damage":41.0,"enemies":"Hexaghost","floor":16.0,"turns":11.0},{"damage":4.0,"enemies":"Shell Parasite","floor":18.0,"turns":4.0},{"damage":5,"enemies":"Chosen","floor":22,"turns":5},{"damage":38,"enemies":"Book of Stabbing","floor":23,"turns":4}],"seed_played":"-4453237277247326321","potions_obtained":[{"floor":5.0,"key":"BlessingOfTheForge"},{"floor":8.0,"key":"Energy Potion"},{"floor":14.0,"key":"SkillPotion"},{"floor":18.0,"key":"SkillPotion"}],"is_trial":false,"path_per_floor":["M","?","?","M","M","R","M","M","T","$","M","R","M","M","R","B",null,"M","$","?","?","M","E"],"character_chosen":"HIEROPHANT","items_purchased":["Membership Card","hierophant:HolyVerse+1","hierophant:Remorse","hierophant:RustyCrate+1","hierophant:Charity","Good Instincts+1"],"campfire_rested":2,"item_purchase_floors":[10,10,10,19,19,19],"current_hp_per_floor":[75,64,64,60,54,54,29,22,22,22,19,43,29,29,53,12,65,61,61,40,40,35,0,0],"gold":56,"neow_bonus":"TEN_PERCENT_HP_BONUS","is_daily":false,"chose_seed":false,"campfire_upgraded":1,"win_rate":0.0,"timestamp":1607893930,"path_taken":["M","?","?","M","?","R","M","M","T","$","M","R","M","M","R","BOSS","M","$","?","?","M","E"],"items_purchased_type":["Relic","Card","Card","Card","Card","Card"],"build_version":"2020-11-30","purchased_purges":1,"victory":false,"max_hp_per_floor":[82,82,82,82,82,82,82,82,82,82,82,82,82,82,82,82,82,82,82,82,41,41,41,41],"relic_stats":{"counters":[12,50],"Black Star":0,"obtain_stats":[{"Nilry\u0027s Codex":20,"hierophant:PropheticMaskRelic":0,"Black Star":17,"Membership Card":10,"Toxic Egg 2":9,"StrikeDummy":2,"WarpedTongs":3},{"Nilry\u0027s Codex":10,"hierophant:PropheticMaskRelic":0,"Black Star":9,"Membership Card":5,"Toxic Egg 2":5,"StrikeDummy":1,"WarpedTongs":1},{"Nilry\u0027s Codex":41,"hierophant:PropheticMaskRelic":0,"Black Star":37,"Membership Card":15,"Toxic Egg 2":15,"StrikeDummy":2,"WarpedTongs":2}],"WarpedTongs":[47]},"card_choices":[{"not_picked":["hierophant:FlamingChariot","hierophant:RustyCrate"],"picked":"hierophant:Refuge","floor":1.0},{"not_picked":["hierophant:Empathy","hierophant:Generosity"],"picked":"hierophant:DisplayOfPower","floor":4.0},{"not_picked":["hierophant:Shelter","hierophant:RepressedViolence"],"picked":"hierophant:Martyrdom","floor":5.0},{"not_picked":["hierophant:Charity","hierophant:RepressedViolence"],"picked":"hierophant:Encroach","floor":7.0},{"not_picked":["hierophant:Charity","hierophant:DisplayOfPower","hierophant:Doubloon"],"picked":"SKIP","floor":8.0},{"not_picked":["hierophant:Purify","hierophant:FlamingChariot"],"picked":"hierophant:HammerAndAnvil+1","floor":11.0},{"not_picked":["hierophant:DisplayOfPower","hierophant:Doubloon+1"],"picked":"hierophant:Shelter+1","floor":13.0},{"not_picked":["hierophant:Flagellation+1","hierophant:OrnateBuckler+1"],"picked":"hierophant:FlamingChariot","floor":14.0},{"not_picked":["hierophant:Determination","hierophant:AuricForm"],"picked":"hierophant:WrathOfGod","floor":16.0},{"not_picked":["hierophant:DisplayOfPower","hierophant:Purify"],"picked":"hierophant:SecretStash+1","floor":18.0},{"not_picked":["hierophant:FaithHealing+1","hierophant:DisplayOfPower"],"picked":"hierophant:Alms+1","floor":22}],"player_experience":1835421,"relics_obtained":[{"floor":9.0,"key":"Toxic Egg 2"},{"floor":20.0,"key":"Nilry\u0027s Codex"}],"event_choices":[{"damage_healed":0.0,"max_hp_gain":0.0,"max_hp_loss":0.0,"gold_gain":0.0,"event_name":"Scrap Ooze","player_choice":"Success","floor":2.0,"gold_loss":0.0,"damage_taken":11.0,"relics_obtained":["StrikeDummy"]},{"damage_healed":0.0,"max_hp_gain":0.0,"max_hp_loss":0.0,"gold_gain":0.0,"event_name":"Accursed Blacksmith","player_choice":"Rummage","floor":3.0,"gold_loss":0.0,"damage_taken":0.0,"relics_obtained":["WarpedTongs"],"cards_obtained":["Pain"]},{"damage_healed":0.0,"max_hp_gain":0.0,"max_hp_loss":0.0,"gold_gain":0.0,"event_name":"Cursed Tome","player_choice":"Obtained Book","floor":20.0,"gold_loss":0.0,"damage_taken":21.0},{"damage_healed":0,"gold_gain":0,"player_choice":"Became a Ghost","damage_taken":0,"max_hp_gain":0,"max_hp_loss":41,"event_name":"Ghosts","floor":21,"gold_loss":0,"cards_obtained":["Ghostly","Ghostly","Ghostly"]}],"is_beta":false,"boss_relics":[{"not_picked":["SacredBark","Runic Pyramid"],"picked":"Black Star"}],"items_purged_floors":[19],"is_endless":false,"potions_floor_spawned":[5,8,11,14,18],"killed_by":"Book of Stabbing","ascension_level":15}}