{"host":"jm9833yuloeli2yd","time":1607818877,"event":{"mods":["AchievementEnabler","BaseMod","Better Altar","Better Match","Better Note","Better Sensory Stone","Better Skull","Better Vampires","Colored Map","Colored Powertips","DeckTracker","Minty Spire (QoL Compilation)","Permanent Neow","Quick Restart","Replay The Spire","StSLib","SuperFastMode"],"gold_per_floor":[116,128,139,155,168,197,197,230,230,257,287,299,311,323,335,451,463,488,119,119,119,131,166,166,192,192,204,232,252,279,298,298,298,298],"floor_reached":33,"playtime":1607,"items_purged":[],"score":626,"play_id":"06917f1f-da3c-4367-845f-b1a092800d80","local_time":"20201212192117","is_ascension_mode":true,"campfire_choices":[{"floor":15.0,"key":"REST"},{"data":"Writhe","floor":32,"key":"PURGE"}],"circlet_count":0,"master_deck":["Strike_P","Strike_P","Strike_P","Defend_P","Defend_P","Defend_P","Defend_P","Eruption+1","Vigilance","SashWhip","Replay:Battleflow","Weave","CutThroughFate","LikeWater","JustLucky","LessonLearned","Weave+1","Flash of Steel+1","Replay:Cycle+1","DevaForm","Replay:ManipulateFuture+1","FlyingSleeves+1","ReplayTheSpireMod:Uncanny Aura+1","EmptyFist","FollowUp+1","Ghostly+1","Ghostly+1","Ghostly+1","Ghostly+1","Ghostly+1","Ragnarok","Wallop","Meditate","Brilliance","Tantrum"],"relics":["PureWater","Damaru","Toy Ornithopter","Ornamental Fan","Juzu Bracelet","MawBank","Replay:Bronze Core","OrangePellets","Letter Opener","Omamori","Simple Rune","Replay:Bottled Eggs","Strawberry","War Paint"],"acts_visited":["Exordium","TheCity"],"potions_floor_usage":[28,31,31],"damage_taken":[{"damage":0.0,"enemies":"Jaw Worm","floor":1.0,"turns":2.0},{"damage":0.0,"enemies":"Cultist","floor":2.0,"turns":2.0},{"damage":0.0,"enemies":"2 Louse","floor":3.0,"turns":2.0},{"damage":8.0,"enemies":"2 Fungi Beasts","floor":4.0,"turns":3.0},{"damage":0.0,"enemies":"Gremlin Gang","floor":5.0,"turns":3.0},{"damage":0.0,"enemies":"Replay:BlueRogue","floor":6.0,"turns":3.0},{"damage":28.0,"enemies":"Gremlin Nob","floor":8.0,"turns":5.0},{"damage":26.0,"enemies":"Replay:BlueRogue","floor":10.0,"turns":5.0},{"damage":0.0,"enemies":"Large Slime","floor":11.0,"turns":4.0},{"damage":30.0,"enemies":"Fading Forest","floor":16.0,"turns":11.0},{"damage":11.0,"enemies":"2 Thieves","floor":18.0,"turns":4.0},{"damage":15.0,"enemies":"Shell Parasite","floor":22.0,"turns":9.0},{"damage":31.0,"enemies":"Gremlin Leader","floor":23.0,"turns":5.0},{"damage":0.0,"enemies":"Book of Stabbing","floor":25.0,"turns":6.0},{"damage":21.0,"enemies":"Snecko","floor":27.0,"turns":10.0},{"damage":3,"enemies":"Replay:Snechameleon","floor":28,"turns":8},{"damage":0,"enemies":"Snake Plant","floor":29,"turns":4},{"damage":4,"enemies":"Gremlin Leader","floor":30,"turns":6},{"damage":0,"enemies":"Centurion and Healer","floor":31,"turns":9},{"damage":27,"enemies":"Automaton","floor":33,"turns":2}],"seed_played":"3139686892629035781","potions_obtained":[{"floor":2.0,"key":"Explosive Potion"},{"floor":3.0,"key":"DistilledChaos"},{"floor":5.0,"key":"Weak Potion"},{"floor":6.0,"key":"Elixir"},{"floor":8.0,"key":"SkillPotion"},{"floor":22.0,"key":"Energy Potion"},{"floor":23.0,"key":"Toxic Potion"},{"floor":25.0,"key":"Reflective Coating"},{"floor":29,"key":"GamblersBrew"},{"floor":30,"key":"Block Potion"}],"is_trial":false,"path_per_floor":["M","M","M","M","M","E","?","E","T","E","M","?","?","?","R","B",null,"M","$","?","?","M","E","?","E","T","M","E","M","E","M","R_BF","B"],"character_chosen":"WATCHER","items_purchased":["OrangePellets","EntropicBrew","FlyingSleeves+1","ReplayTheSpireMod:Uncanny Aura"],"campfire_rested":1,"item_purchase_floors":[19,19,19,19],"current_hp_per_floor":[65,65,65,57,57,57,42,24,24,3,3,3,3,3,24,7,56,45,45,49,49,34,18,18,23,23,7,16,16,12,22,22,0,0],"gold":298,"neow_bonus":"UPGRADE_CARD","is_daily":false,"chose_seed":false,"campfire_upgraded":0,"win_rate":0.0,"timestamp":1607818877,"path_taken":["M","M","M","M","M","E","?","E","T","E","M","?","?","?","R","BOSS","M","$","?","?","M","E","?","E","T","M","E","M","E","M","R_BF","BOSS"],"items_purchased_type":["Relic","Potion","Card","Card"],"build_version":"2020-11-30","purchased_purges":0,"victory":false,"max_hp_per_floor":[72,72,72,72,72,72,72,72,72,72,72,72,72,72,72,72,72,72,72,72,72,72,72,36,36,36,36,43,43,43,43,43,43,43],"card_choices":[{"not_picked":["ThirdEye","FollowUp"],"picked":"SashWhip","floor":1.0},{"not_picked":["ForeignInfluence","WreathOfFlame"],"picked":"Replay:Battleflow","floor":2.0},{"not_picked":["Indignation","Replay:Battleflow"],"picked":"Weave","floor":3.0},{"not_picked":["Halt","Crescendo"],"picked":"CutThroughFate","floor":4.0},{"not_picked":["MentalFortress","Replay:Anticipation"],"picked":"LikeWater","floor":5.0},{"not_picked":["PathToVictory","Replay:BluntJabs","CrushJoints"],"picked":"SKIP","floor":6.0},{"not_picked":["Vault","ClearTheMind"],"picked":"JustLucky","floor":8.0},{"not_picked":["Meditate","CrushJoints"],"picked":"LessonLearned","floor":10.0},{"not_picked":["ClearTheMind","Nirvana"],"picked":"Weave","floor":11.0},{"not_picked":["ReplayUltimateDefense","Jack Of All Trades"],"picked":"Flash of Steel","floor":12.0},{"not_picked":["Wish","Ragnarok"],"picked":"DevaForm","floor":16.0},{"not_picked":["PathToVictory","CrushJoints"],"picked":"Replay:ManipulateFuture+1","floor":18.0},{"not_picked":["FlyingSleeves","Replay:BluntJabs"],"picked":"EmptyFist","floor":22.0},{"not_picked":["FearNoEvil","CutThroughFate"],"picked":"FollowUp+1","floor":23.0},{"not_picked":["Swivel","Crescendo","SashWhip"],"picked":"SKIP","floor":25.0},{"not_picked":["Replay:Hum+1","Replay:ManipulateFuture"],"picked":"Ragnarok","floor":27.0},{"not_picked":["BowlingBash+1","FollowUp"],"picked":"Wallop","floor":28},{"not_picked":["Indignation","Replay:Cycle"],"picked":"Meditate","floor":29},{"not_picked":["Replay:BluntJabs","EmptyFist"],"picked":"Brilliance","floor":30},{"not_picked":["Evaluate","SashWhip"],"picked":"Tantrum","floor":31}],"player_experience":1046057,"relics_obtained":[{"floor":6.0,"key":"Damaru"},{"floor":8.0,"key":"Ornamental Fan"},{"floor":9.0,"key":"Juzu Bracelet"},{"floor":10.0,"key":"MawBank"},{"floor":23.0,"key":"Omamori"},{"floor":25.0,"key":"Simple Rune"},{"floor":26.0,"key":"Replay:Bottled Eggs"},{"floor":28,"key":"Strawberry"},{"floor":30,"key":"War Paint"}],"event_choices":[{"damage_healed":0.0,"max_hp_gain":0.0,"max_hp_loss":0.0,"gold_gain":0.0,"event_name":"betterSkull:BetterSkull","player_choice":"RE ","floor":7.0,"gold_loss":0.0,"damage_taken":17.0,"cards_upgraded":[],"relics_obtained":["Toy Ornithopter"]},{"damage_healed":0.0,"max_hp_gain":0.0,"max_hp_loss":0.0,"gold_gain":1.0,"event_name":"betterStone:BetterStone","player_choice":"1","floor":12.0,"gold_loss":0.0,"damage_taken":0.0},{"damage_healed":4.0,"max_hp_gain":0.0,"max_hp_loss":0.0,"gold_gain":0.0,"event_name":"betterSkull:BetterSkull","player_choice":"LEAVE ","floor":20.0,"gold_loss":0.0,"damage_taken":0.0,"cards_upgraded":[],"relics_obtained":[]},{"damage_healed":0.0,"max_hp_gain":0.0,"max_hp_loss":0.0,"gold_gain":0.0,"event_name":"The Mausoleum","player_choice":"Opened","floor":21.0,"gold_loss":0.0,"damage_taken":0.0,"relics_obtained":["Letter Opener"],"cards_obtained":["Writhe"]},{"damage_healed":0.0,"max_hp_gain":0.0,"max_hp_loss":36.0,"gold_gain":0.0,"event_name":"Ghosts","player_choice":"Became a Ghost","floor":24.0,"gold_loss":0.0,"damage_taken":0.0,"cards_obtained":["Ghostly","Ghostly","Ghostly","Ghostly","Ghostly"]}],"is_beta":false,"boss_relics":[{"not_picked":["Empty Cage","Cursed Key"],"picked":"Replay:Bronze Core"}],"items_purged_floors":[],"is_endless":false,"potions_floor_spawned":[2,3,5,6,8,22,23,25,29,30],"killed_by":"Automaton","ascension_level":9}}