{"host":"x5ow3h9y3elojghk","time":1607856122,"event":{"mods":["BaseMod","Downfall","Duelist Mod","KinomotoSakuraMod(ƒæ÷Æ±æ”£)","Marisa£®ÏF”Í°°ƒß¿Ì…≥£©","Minty Spire (QoL Compilation)","Reimu£®≤©¿ˆ¡È√Œ£©","Remilia£®¿Ÿ√◊¿Ú—«£©","StSLib","The Administrix","The Bug Knight","The Construct","The Cursed","The Hierophant","The Poker Player","The Runesmith","The Senshi","The Servant 0.9.4","Youmu£®ªÍ∆«—˝√Œ£©","[IsaacMod]“‘»ˆº‚À˛"],"gold_per_floor":[132,132,132,200,200,231,231,247,324,349,349,349,366,385,385,485,485,497,497,596,610,378,378,388,404,427,441,471,471,471,496,496,496,496],"floor_reached":33,"playtime":1433,"items_purged":["HollowMod:QuickDashStart"],"score":393,"play_id":"9a1ea118-0f06-43d3-aa3a-d8c5c5a2c3a0","local_time":"20201213184202","is_ascension_mode":false,"campfire_choices":[{"data":"HollowMod:PogoStrike","floor":7,"key":"SMITH"},{"data":"HollowMod:PureVessel","floor":12,"key":"SMITH"},{"data":"HollowMod:SlysStrikes","floor":15,"key":"SMITH"},{"data":"Mayhem","floor":23,"key":"SMITH"},{"data":"HollowMod:MothsMistake","floor":32,"key":"SMITH"}],"circlet_count":0,"master_deck":["HollowMod:NailStrikeStart","HollowMod:NailStrikeStart","HollowMod:NailStrikeStart","HollowMod:QuickDashStart","HollowMod:QuickDashStart","HollowMod:QuickDashStart","HollowMod:FocusHealStart","HollowMod:PogoStrike+1","HollowMod:Grubsong","HollowMod:SiblingsSouls+1","HollowMod:PureVessel+1","HollowMod:SiblingsSouls+1","HollowMod:SlysStrikes+1","Mayhem+1","HollowMod:MothsMistake+1"],"relics":["HollowMod:KingsSoulRelic","HushsDoor","MoneyPower","NeowsBlessing","BelialBook","Toxic Egg 2","Strawberry","construct:FoamFinger","StoneCalendar","Singing Bowl","GuppysHead","JudasShadow","ClockworkSouvenir","Vajra","Juzu Bracelet","Tiny Chest"],"acts_visited":["Exordium","TheCity"],"potions_floor_usage":[10,10,16,24,33,33],"damage_taken":[{"damage":0,"enemies":"Cultist","floor":1,"turns":1},{"damage":0,"enemies":"3 Sentries","floor":6,"turns":2},{"damage":0,"enemies":"Jaw Worm","floor":8,"turns":1},{"damage":0,"enemies":"Lagavulin","floor":10,"turns":3},{"damage":12,"enemies":"2 Louse","floor":13,"turns":2},{"damage":20,"enemies":"Exordium Thugs","floor":14,"turns":3},{"damage":21,"enemies":"Hexaghost","floor":16,"turns":5},{"damage":20,"enemies":"Chosen","floor":18,"turns":4},{"damage":16,"enemies":"Shell Parasite","floor":21,"turns":4},{"damage":19,"enemies":"3 Cultists","floor":24,"turns":4},{"damage":15,"enemies":"Sentry and Sphere","floor":25,"turns":3},{"damage":0,"enemies":"Snake Plant","floor":27,"turns":2},{"damage":0,"enemies":"Gremlin Leader","floor":28,"turns":2},{"damage":0,"enemies":"theDuelist:KaibaA2","floor":31,"turns":1},{"damage":13,"enemies":"HollowMod:NKGrimm","floor":33,"turns":3}],"seed_played":"-4567977375327436736","potions_obtained":[{"floor":1,"key":"CultistPotion"},{"floor":6,"key":"Guardian:BlockOnCardUsePotion"},{"floor":14,"key":"MagicPotion:ReiMu"},{"floor":16,"key":"BlessingOfTheForge"},{"floor":25,"key":"Strength Potion"},{"floor":27,"key":"LiquidBronze"},{"floor":31,"key":"Weak Potion"}],"is_trial":false,"path_per_floor":["M","?","?","T","?","E","R","M","T","E","T","R","M","M","R","B",null,"M","?","?","M","$","R","M","M","T","M","E","?","?","E","R","B"],"character_chosen":"THE_BUGKNIGHT","items_purchased":["GuppysHead","Mayhem","JudasShadow","FairyPotion","HollowMod:MothsMistake","ClockworkSouvenir"],"campfire_rested":0,"item_purchase_floors":[17,17,17,17,22,22],"current_hp_per_floor":[75,75,75,75,75,82,82,82,82,82,82,82,72,58,58,45,50,32,29,29,25,25,25,8,3,3,5,7,7,7,9,9,0,0],"gold":496,"neow_bonus":"THREE_ENEMY_KILL","is_daily":false,"chose_seed":false,"campfire_upgraded":5,"win_rate":0.0,"timestamp":1607856122,"path_taken":["M","?","?","?","?","E","R","M","T","E","?","R","M","M","R","BOSS","M","?","?","?","?","R","M","M","T","?","E","?","?","E","R","BOSS"],"items_purchased_type":["Relic","Card","Relic","Potion","Card","Relic"],"build_version":"2020-11-30","purchased_purges":1,"victory":false,"max_hp_per_floor":[75,75,75,75,75,82,82,82,82,82,82,82,84,84,84,86,50,52,52,52,54,54,54,56,3,3,5,7,7,7,9,9,9,9],"card_choices":[{"not_picked":[],"picked":"BettingIsNotGood","floor":0},{"not_picked":["Bomb","HollowMod:MawleksShell"],"picked":"HollowMod:Grubsong","floor":1},{"not_picked":["HollowMod:VengefulVoid","HollowMod:SoulShaman+1"],"picked":"HollowMod:SiblingsSouls+1","floor":6},{"not_picked":["HollowMod:TaintedHusks+1","HollowMod:CycloneSlash"],"picked":"HollowMod:PureVessel","floor":8},{"not_picked":["HollowMod:SharpenedShadows","HollowMod:PerfectDash+1"],"picked":"HollowMod:SiblingsSouls+1","floor":10},{"not_picked":["HollowMod:WraithStrike","HollowMod:CycloneSlash","HollowMod:NewJinnsSoul+1"],"picked":"Singing Bowl","floor":13},{"not_picked":["Bomb","HollowMod:CornifersMapStart+1"],"picked":"HollowMod:SlysStrikes","floor":14},{"not_picked":["HollowMod:LifebloodCore+1","HollowMod:AwokenDreamNail","HollowMod:ZotesMagnificence"],"picked":"Singing Bowl","floor":16},{"not_picked":["HollowMod:SoulStrike","HollowMod:InfectionAssault+1","HollowMod:InfectedCysts+1"],"picked":"Singing Bowl","floor":18},{"not_picked":["HollowMod:HowlingWraiths","HollowMod:SoulStrike","HollowMod:DreamGate+1"],"picked":"Singing Bowl","floor":21},{"not_picked":["HollowMod:InfectedCysts","HollowMod:InfectedAttack","HollowMod:BlackTendrils+1"],"picked":"Singing Bowl","floor":24},{"not_picked":["HollowMod:CornifersMapStart+1","HollowMod:BaldurShell","HollowMod:MawleksShell+1"],"picked":"Singing Bowl","floor":25},{"not_picked":["HollowMod:CornifersMapStart+1","HollowMod:HeavyBlow","HollowMod:SoulSplash+1"],"picked":"Singing Bowl","floor":27},{"not_picked":["HollowMod:Weaversong","HollowMod:WraithStrike","HollowMod:NewJinnsSoul+1"],"picked":"Singing Bowl","floor":28},{"not_picked":["HollowMod:FallenFury","HollowMod:VengefulVoid","HollowMod:InfectionAssault"],"picked":"Singing Bowl","floor":31}],"player_experience":282354,"relics_obtained":[{"floor":4,"key":"Toxic Egg 2"},{"floor":6,"key":"Strawberry"},{"floor":9,"key":"construct:FoamFinger"},{"floor":10,"key":"StoneCalendar"},{"floor":11,"key":"Singing Bowl"},{"floor":26,"key":"Vajra"},{"floor":28,"key":"Juzu Bracelet"},{"floor":31,"key":"Tiny Chest"}],"event_choices":[{"cards_removed":["BettingIsNotGood"],"damage_healed":0,"gold_gain":0,"player_choice":"Gave Card","damage_taken":0,"relics_obtained":["BelialBook"],"max_hp_gain":0,"max_hp_loss":0,"event_name":"WeMeetAgain","floor":2,"gold_loss":0},{"damage_healed":0,"gold_gain":0,"player_choice":"Punched","damage_taken":3,"max_hp_gain":0,"max_hp_loss":0,"event_name":"Designer","floor":19,"gold_loss":0},{"damage_healed":0,"gold_gain":99,"player_choice":"Stole From Cult","damage_taken":0,"max_hp_gain":0,"max_hp_loss":0,"event_name":"Nest","floor":20,"gold_loss":0}],"is_beta":false,"boss_relics":[{"not_picked":["Runic Dome","Runic Pyramid"],"picked":"HollowMod:KingsSoulRelic"},{"not_picked":[]}],"items_purged_floors":[17],"is_endless":false,"potions_floor_spawned":[1,6,14,16,25,27,31],"killed_by":"HollowMod:NKGrimm","ascension_level":0}}