{"host":"cijhj3091wf4aho3","time":1607825891,"event":{"mods":["BaseMod","Colored Map","Colored Powertips","Friendly Minions","GifTheSpireLib","Highlight Path","Minty Spire (QoL Compilation)","Permanent Neow","Random Character Button","Relic Sorter","Relic Stats","StSLib","everything is the same but u backflip on backflip","slay the spire mod where everything is the same but ironclad has a cowboy hat"],"gold_per_floor":[12,28,28,203,203,244,244,283,333,333,0,0,0,43,43,164,164,182,182,195,195,209,209,247,247,274,123,123,23,64,64,64,187,187,208,208,232,241,45,45,86,86,86,108,123,141,141,165,165,165],"floor_reached":51,"playtime":1811,"items_purged":["Doubt","Bite"],"score":1301,"play_id":"26aadda7-cf94-408b-97cd-aaef059d241a","local_time":"20201212181811","is_ascension_mode":true,"campfire_choices":[{"data":"Dualcast","floor":7,"key":"SMITH"},{"data":"Defragment","floor":12,"key":"SMITH"},{"data":"Cold Snap","floor":15,"key":"SMITH"},{"data":"Go for the Eyes","floor":23,"key":"SMITH"},{"data":"Capacitor","floor":25,"key":"SMITH"},{"floor":32,"key":"REST"},{"data":"Beam Cell","floor":40,"key":"SMITH"},{"data":"Cold Snap","floor":42,"key":"SMITH"},{"data":"Finesse","floor":49,"key":"SMITH"}],"circlet_count":0,"master_deck":["AscendersBane","Zap+1","Dualcast+1","Cold Snap+1","Cold Snap+1","Defragment+1","FTL","Capacitor+1","Go for the Eyes+1","Coolheaded+1","Barrage+1","Bite","Bite","Bite","Bite","Aggregate+1","Defragment+1","Doom and Gloom+1","Swift Strike","Beam Cell+1","Redo+1","Magnetism","Finesse+1"],"relics":["Cracked Core","FossilizedHelix","Golden Idol","Tiny Chest","TungstenRod","DataDisk","Ornamental Fan","SlaversCollar","White Beast Statue","Emotion Chip","Regal Pillow","Runic Capacitor","Ancient Tea Set","Astrolabe","CeramicFish","Vajra","Eternal Feather","Gambling Chip","Mummified Hand"],"acts_visited":["Exordium","TheCity","TheBeyond"],"potions_floor_usage":[1,6,8,16,30,33,50,50],"damage_taken":[{"damage":0,"enemies":"2 Louse","floor":1,"turns":2},{"damage":0,"enemies":"Small Slimes","floor":2,"turns":3},{"damage":9,"enemies":"3 Sentries","floor":6,"turns":7},{"damage":14,"enemies":"Gremlin Nob","floor":8,"turns":4},{"damage":0,"enemies":"3 Sentries","floor":14,"turns":7},{"damage":7,"enemies":"Slime Boss","floor":16,"turns":8},{"damage":7,"enemies":"Chosen","floor":18,"turns":5},{"damage":3,"enemies":"Shell Parasite","floor":20,"turns":5},{"damage":0,"enemies":"Snake Plant","floor":22,"turns":6},{"damage":24,"enemies":"Gremlin Leader","floor":24,"turns":12},{"damage":9,"enemies":"Slavers","floor":30,"turns":6},{"damage":0,"enemies":"Automaton","floor":33,"turns":9},{"damage":0,"enemies":"Orb Walker","floor":35,"turns":3},{"damage":27,"enemies":"3 Darklings","floor":37,"turns":5},{"damage":0,"enemies":"Giant Head","floor":41,"turns":7},{"damage":0,"enemies":"Maw","floor":44,"turns":6},{"damage":24,"enemies":"Writhing Mass","floor":45,"turns":7},{"damage":9,"enemies":"4 Shapes","floor":48,"turns":5},{"damage":13,"enemies":"Donu and Deca","floor":50,"turns":9}],"seed_played":"1850328071952111194","potions_obtained":[{"floor":1,"key":"EntropicBrew"},{"floor":8,"key":"Fire Potion"},{"floor":14,"key":"EssenceOfSteel"},{"floor":18,"key":"BlessingOfTheForge"},{"floor":22,"key":"Energy Potion"},{"floor":30,"key":"FocusPotion"},{"floor":33,"key":"ColorlessPotion"},{"floor":44,"key":"FocusPotion"},{"floor":45,"key":"SkillPotion"},{"floor":48,"key":"Regen Potion"}],"is_trial":false,"path_per_floor":["M","M","?","?","?","E","R","E","T","?","$","R","$","E","R","B",null,"M","?","M","T","M","R","E","R","T","$","?","$","E","?","R","B",null,"M","T","M","?","$","R","E","R","T","M","M","?","T","M","R","B",null],"character_chosen":"DEFECT","items_purchased":["Ornamental Fan","Runic Capacitor","Vajra","Beam Cell"],"campfire_rested":1,"item_purchase_floors":[11,27,39,39],"current_hp_per_floor":[68,68,68,68,68,59,59,45,45,32,32,32,32,32,32,27,59,54,54,53,53,55,55,33,33,33,33,33,33,36,36,69,69,69,69,69,50,50,50,50,66,69,69,69,57,48,48,47,59,69],"gold":165,"neow_bonus":"ONE_RARE_RELIC","is_daily":false,"chose_seed":false,"campfire_upgraded":8,"win_rate":0.0,"timestamp":1607825891,"path_taken":["M","M","?","?","?","E","R","E","T","?","$","R","?","E","R","BOSS","M","?","M","?","M","R","E","R","T","?","?","$","E","?","R","BOSS","M","?","M","?","$","R","E","R","T","M","?","?","?","M","R","BOSS"],"items_purchased_type":["Relic","Relic","Relic","Card"],"build_version":"2020-11-30","purchased_purges":2,"victory":true,"max_hp_per_floor":[75,75,75,75,69,69,69,69,69,69,69,69,69,69,69,69,69,69,69,69,69,69,69,69,69,69,69,69,69,69,69,69,69,69,69,69,69,69,69,69,69,69,69,69,69,69,69,69,69,69],"relic_stats":{"Regal Pillow":13,"counters":[19,116],"Golden Idol":153,"Astrolabe":["Aggregate","Defragment","Doom and Gloom"],"CeramicFish":45,"Eternal Feather":15,"Emotion Chip":[21,8,10,3,0],"Ornamental Fan":[232],"Mummified Hand":[11],"Gambling Chip":[10],"Tiny Chest":3,"obtain_stats":[{"Regal Pillow":26,"Golden Idol":5,"Astrolabe":34,"CeramicFish":36,"Vajra":39,"Eternal Feather":41,"Runic Capacitor":27,"Ancient Tea Set":30,"White Beast Statue":21,"Blood Vial":14,"SlaversCollar":17,"DataDisk":9,"Emotion Chip":24,"Ornamental Fan":11,"Mummified Hand":47,"Gambling Chip":43,"Tiny Chest":6,"Cracked Core":0,"FossilizedHelix":0,"TungstenRod":8},{"Regal Pillow":10,"Golden Idol":2,"Astrolabe":12,"CeramicFish":13,"Vajra":14,"Eternal Feather":15,"Runic Capacitor":10,"Ancient Tea Set":11,"White Beast Statue":8,"Blood Vial":5,"SlaversCollar":6,"DataDisk":4,"Emotion Chip":10,"Ornamental Fan":4,"Mummified Hand":17,"Gambling Chip":15,"Tiny Chest":3,"Cracked Core":0,"FossilizedHelix":0,"TungstenRod":4},{"Regal Pillow":59,"Golden Idol":5,"Astrolabe":74,"CeramicFish":77,"Vajra":82,"Eternal Feather":89,"Runic Capacitor":59,"Ancient Tea Set":65,"White Beast Statue":41,"Blood Vial":23,"SlaversCollar":31,"DataDisk":16,"Emotion Chip":59,"Ornamental Fan":16,"Mummified Hand":102,"Gambling Chip":89,"Tiny Chest":12,"Cracked Core":0,"FossilizedHelix":0,"TungstenRod":16}],"TungstenRod":18},"card_choices":[{"not_picked":["Force Field","Beam Cell","Barrage"],"picked":"SKIP","floor":1},{"not_picked":["Melter","Steam"],"picked":"Cold Snap","floor":2},{"not_picked":["Streamline","BootSequence"],"picked":"Cold Snap","floor":6},{"not_picked":["Cold Snap","Aggregate"],"picked":"Defragment","floor":8},{"not_picked":["Genetic Algorithm","Turbo"],"picked":"FTL","floor":14},{"not_picked":["Go for the Eyes","Rebound+1"],"picked":"Capacitor","floor":18},{"not_picked":["Storm","Compile Driver+1"],"picked":"Coolheaded+1","floor":20},{"not_picked":["Consume","Streamline+1","Stack+1"],"picked":"SKIP","floor":22},{"not_picked":["Heatsinks","Hyperbeam"],"picked":"Barrage+1","floor":24},{"not_picked":["Double Energy","Stack+1","Rebound"],"picked":"SKIP","floor":30},{"not_picked":["White Noise","Loop","Force Field+1"],"picked":"SKIP","floor":35},{"not_picked":["Gash+1","Leap+1","Steam Power"],"picked":"SKIP","floor":37},{"not_picked":["Loop","Storm","Sunder"],"picked":"SKIP","floor":41},{"not_picked":["Leap","Coolheaded"],"picked":"Redo+1","floor":44},{"not_picked":["Go for the Eyes","Stack+1","Redo+1"],"picked":"SKIP","floor":45},{"not_picked":["Enlightenment","Sadistic Nature"],"picked":"Magnetism","floor":46},{"not_picked":["Blind","Trip"],"picked":"Finesse","floor":46},{"not_picked":["Conserve Battery+1","Beam Cell","Genetic Algorithm"],"picked":"SKIP","floor":48}],"player_experience":229681,"relics_obtained":[{"floor":6,"key":"Tiny Chest"},{"floor":8,"key":"TungstenRod"},{"floor":9,"key":"DataDisk"},{"floor":14,"key":"Blood Vial"},{"floor":21,"key":"White Beast Statue"},{"floor":24,"key":"Emotion Chip"},{"floor":26,"key":"Regal Pillow"},{"floor":30,"key":"Ancient Tea Set"},{"floor":36,"key":"CeramicFish"},{"floor":41,"key":"Eternal Feather"},{"floor":43,"key":"Gambling Chip"},{"floor":47,"key":"Mummified Hand"}],"event_choices":[{"damage_healed":0,"gold_gain":0,"player_choice":"Grow","damage_taken":0,"max_hp_gain":0,"max_hp_loss":0,"event_name":"Living Wall","floor":3,"gold_loss":0,"cards_upgraded":["Zap"]},{"damage_healed":0,"gold_gain":175,"player_choice":"AGREE","damage_taken":0,"max_hp_gain":0,"max_hp_loss":0,"event_name":"Liars Game","floor":4,"gold_loss":0,"cards_obtained":["Doubt"]},{"damage_healed":0,"gold_gain":0,"player_choice":"Lose Max HP","damage_taken":0,"relics_obtained":["Golden Idol"],"max_hp_gain":0,"max_hp_loss":6,"event_name":"Golden Idol","floor":5,"gold_loss":0},{"damage_healed":0,"gold_gain":0,"player_choice":"Entered Light","damage_taken":14,"max_hp_gain":0,"max_hp_loss":0,"event_name":"Shining Light","floor":10,"gold_loss":0,"cards_upgraded":["Strike_B","Strike_B"]},{"damage_healed":0,"gold_gain":0,"player_choice":"Read","damage_taken":0,"max_hp_gain":0,"max_hp_loss":0,"event_name":"The Library","floor":19,"gold_loss":0,"cards_obtained":["Go for the Eyes"]},{"damage_healed":0,"gold_gain":0,"player_choice":"Became a vampire (Vial)","damage_taken":0,"max_hp_gain":0,"max_hp_loss":0,"event_name":"Vampires","floor":28,"relics_lost":["Blood Vial"],"gold_loss":0,"cards_obtained":["Bite","Bite","Bite","Bite","Bite"]},{"cards_removed":["Defend_B"],"damage_healed":0,"gold_gain":0,"player_choice":"Card Removal","damage_taken":0,"max_hp_gain":0,"max_hp_loss":0,"event_name":"Wheel of Change","floor":31,"gold_loss":0},{"damage_healed":0,"gold_gain":0,"player_choice":"1 cards matched","damage_taken":0,"max_hp_gain":0,"max_hp_loss":0,"event_name":"Match and Keep!","floor":38,"gold_loss":0,"cards_obtained":["Swift Strike"]},{"damage_healed":0,"gold_gain":0,"player_choice":"Memory 3","damage_taken":10,"max_hp_gain":0,"max_hp_loss":0,"event_name":"SensoryStone","floor":46,"gold_loss":0}],"is_beta":false,"boss_relics":[{"not_picked":["Philosopher\u0027s Stone","Nuclear Battery"],"picked":"SlaversCollar"},{"not_picked":["Pandora\u0027s Box","SacredBark"],"picked":"Astrolabe"}],"items_purged_floors":[11,29],"is_endless":false,"potions_floor_spawned":[1,8,14,18,22,24,30,33,35,37,41,44,45,48],"ascension_level":11}}