{"host":"tvytvmghe8inzt9c","time":1607901674,"event":{"mods":["AchievementEnabler","BaseMod","Better Third Choice","BetterRewards","Colored Map","Colored Powertips","Custom Start","DeckTracker","Downfall","Energized Spire","Hubris","Marisa????????","Minty Spire (QoL Compilation)","Quick Restart","StSLib","TheBandit"],"gold_per_floor":[113,0,0,13,13,25,37,49,106,118,142,6,16,35,35,139,139,139,139,139,139,139,139,139,139,139],"floor_reached":25,"playtime":1533,"items_purged":[],"score":191,"play_id":"07873005-0b85-4d16-bc02-64287e1b8181","local_time":"20201213182114","is_ascension_mode":false,"campfire_choices":[{"floor":6,"key":"REST"},{"data":"Defend_MRS","floor":8,"key":"SMITH"},{"floor":10,"key":"REST"},{"data":"Enlightenment","floor":15,"key":"SMITH"},{"floor":23,"key":"REST"}],"circlet_count":0,"master_deck":["Strike_MRS+1","Strike_MRS+1","Strike_MRS+1","Strike_MRS+1","Defend_MRS+1","Defend_MRS+1","Defend_MRS+1","Defend_MRS+1","MasterSpark","UpSweep","MysteriousBeam","IllusionStar","Enlightenment+1","EnergyFlow","DarkMatter","GalacticHalo","BinaryStars","MaximisePower","RefractionSpark+1","Acceleration+1","Decay","SporeBomb+1"],"relics":["MiniHakkero","MawBank","Ornamental Fan","Boot","Bag of Preparation","Ectoplasm","hubris:Icosahedron"],"acts_visited":["Exordium","TheCity"],"potions_floor_usage":[],"damage_taken":[{"damage":2,"enemies":"2 Louse","floor":1,"turns":3},{"damage":0,"enemies":"Small Slimes","floor":4,"turns":2},{"damage":0,"enemies":"Cultist","floor":11,"turns":2},{"damage":2,"enemies":"Looter","floor":13,"turns":2},{"damage":3,"enemies":"2 Fungi Beasts","floor":14,"turns":4},{"damage":32,"enemies":"Slime Boss","floor":16,"turns":8},{"damage":17,"enemies":"Chosen","floor":18,"turns":5},{"damage":0,"enemies":"Spheric Guardian","floor":21,"turns":3},{"damage":14,"enemies":"Centurion and Healer","floor":24,"turns":6},{"damage":56,"enemies":"Slavers","floor":25,"turns":3}],"seed_played":"1963738480285453785","potions_obtained":[{"floor":4,"key":"ColorlessPotion"},{"floor":14,"key":"BottledSpark"},{"floor":16,"key":"Strength Potion"}],"is_trial":false,"path_per_floor":["M","?","?","M","?","R","?","R","T","R","M","$","M","M","R","B",null,"M","?","?","M","?","R","M","E"],"character_chosen":"MARISA","items_purchased":["Bag of Preparation"],"campfire_rested":3,"item_purchase_floors":[12],"current_hp_per_floor":[73,79,84,84,46,71,71,71,71,86,86,86,84,81,81,49,86,69,69,69,69,69,86,72,16,16],"gold":139,"neow_bonus":"THREE_CARDS","is_daily":false,"chose_seed":false,"campfire_upgraded":2,"win_rate":0.0,"timestamp":1607901674,"path_taken":["M","?","?","M","?","R","?","R","T","R","M","$","?","M","R","BOSS","M","?","?","M","?","R","?","E"],"items_purchased_type":["Relic"],"build_version":"2020-11-30","purchased_purges":0,"victory":false,"max_hp_per_floor":[75,81,86,86,86,86,86,86,86,86,86,86,86,86,86,86,86,86,86,86,86,86,86,86,86,86],"card_choices":[{"not_picked":["GrandCross","DC"],"picked":"MysteriousBeam","floor":0},{"not_picked":["GrandCross","MilkyWay"],"picked":"IllusionStar","floor":1},{"not_picked":["DC","GravityBeat"],"picked":"EnergyFlow","floor":4},{"not_picked":["Robbery","WitchLeyline"],"picked":"DarkMatter","floor":11},{"not_picked":["DC","LuminesStrike"],"picked":"GalacticHalo","floor":13},{"not_picked":["GrandCross","DragonMeteor"],"picked":"BinaryStars","floor":14},{"not_picked":["ManaRampage","BinaryStars"],"picked":"MaximisePower","floor":16},{"not_picked":["6A","PropBag+1"],"picked":"RefractionSpark+1","floor":18},{"not_picked":["ChargingUp","UnstableBomb"],"picked":"Acceleration+1","floor":21},{"not_picked":["DarkSpark","6A"],"picked":"SporeBomb+1","floor":24}],"player_experience":39926,"relics_obtained":[{"floor":9,"key":"Boot"}],"event_choices":[{"damage_healed":0,"gold_gain":0,"player_choice":"RENOUNCE","damage_taken":113,"max_hp_gain":0,"max_hp_loss":0,"event_name":"betterThird:BetterSerpent","floor":2,"gold_loss":113,"cards_obtained":["Enlightenment"]},{"damage_healed":0,"gold_gain":0,"player_choice":"Donut","damage_taken":0,"max_hp_gain":5,"max_hp_loss":0,"event_name":"Big Fish","floor":3,"gold_loss":0},{"damage_healed":0,"gold_gain":1,"player_choice":"Relic Relic Card ","damage_taken":38,"max_hp_gain":0,"max_hp_loss":0,"event_name":"betterThird:BetterScrap","floor":5,"gold_loss":0,"cards_obtained":["hubris:Prefetch","Machine Learning"]},{"cards_removed":["hubris:Prefetch"],"damage_healed":0,"gold_gain":0,"player_choice":"Purged","damage_taken":0,"max_hp_gain":0,"max_hp_loss":0,"event_name":"Purifier","floor":7,"gold_loss":0},{"damage_healed":0,"gold_gain":0,"player_choice":"Simplicity","damage_taken":0,"max_hp_gain":0,"max_hp_loss":7,"event_name":"betterThird:BetterWriting","floor":20,"gold_loss":0},{"damage_healed":0,"gold_gain":0,"player_choice":"Cursed","damage_taken":0,"max_hp_gain":0,"max_hp_loss":0,"event_name":"Wheel of Change","floor":22,"gold_loss":0,"cards_obtained":["Decay"]}],"is_beta":false,"boss_relics":[{"not_picked":["energizedSpire:RedRose","hubris:Stopwatch"],"picked":"Ectoplasm"}],"items_purged_floors":[],"is_endless":false,"potions_floor_spawned":[4,14,16],"killed_by":"Slavers","ascension_level":0}}