{"host":"yb1yv0i4ygq2c9jc","time":1607869052,"event":{"mods":["AchievementEnabler","Act Like it!","Aspiration","Bard","BaseMod","Bestiary","Better Altar","Better Match","Better Note","Better Sensory Stone","Better Skull","Better Third Choice","CCEM","CapriCore","ChefMod","Colored Powertips","Displayed Cursed Tome","Elementarium","Hermit","Luminous","Marked Mod","Mimic Mod","Minty Spire (QoL Compilation)","Pale of the Ancients","Rare Cards Sparkle","Relic Stats","Remilia??????","Replay The Spire","Robot Space Explorer","SOS???????","StSLib","The Clintock","The Edgeheg","The Immortal","The Necromancer","The Problem Sleuth","The Runesmith","The Senshi","The Servant 0.9.4","TheFirefly","TheVacant","Thieving Mod"],"gold_per_floor":[213,213,138,138,152,152,179,179,179,189,205,231,231,246,246,348,348,361,375,375,63,63,63,63],"floor_reached":23,"playtime":1347,"items_purged":["clintock:ClintockStrike","clintock:ClintockStrike"],"score":199,"play_id":"269a96d0-c787-463a-b6b0-4850ebcb8d9b","local_time":"20201213061732","is_ascension_mode":false,"campfire_choices":[{"floor":6.0,"key":"RECALL"},{"floor":8.0,"key":"REST"},{"data":"clintock:SinsheimerT3","floor":13.0,"key":"SMITH"},{"floor":15.0,"key":"REST"}],"circlet_count":0,"master_deck":["clintock:ClintockStrike","clintock:ClintockStrike","clintock:ClintockDefend","clintock:ClintockDefend+1","clintock:ClintockDefend","clintock:ClintockDefend","clintock:BaseSynthesis+1","clintock:Replenish","clintock:PurineMetabolism+1","clintock:Fluorescein","clintock:BruteForce","clintock:SinsheimerT3+1","clintock:DTMP","clintock:DnaMicroarray","clintock:EnergyDrink+1","clintock:Bateson9000","clintock:DnaMicroarray","Shame"],"relics":["clintock:BiomoleculePool","Unceasing Top","Bronze Scales","Regal Pillow","Ring of Chaos","Strawberry"],"acts_visited":["Exordium","TheCity"],"potions_floor_usage":[23],"damage_taken":[{"damage":2.0,"enemies":"Jaw Worm","floor":1.0,"turns":7.0},{"damage":0.0,"enemies":"2 Louse","floor":5.0,"turns":4.0},{"damage":35.0,"enemies":"Gremlin Nob","floor":7.0,"turns":6.0},{"damage":1.0,"enemies":"Cultist","floor":10.0,"turns":4.0},{"damage":5.0,"enemies":"2 Fungi Beasts","floor":11.0,"turns":3.0},{"damage":21.0,"enemies":"Lagavulin","floor":12.0,"turns":17.0},{"damage":14.0,"enemies":"Large Slime","floor":14.0,"turns":9.0},{"damage":24.0,"enemies":"The Guardian","floor":16.0,"turns":14.0},{"damage":29.0,"enemies":"2 Thieves","floor":18.0,"turns":4.0},{"damage":28.0,"enemies":"Shell Parasite","floor":19.0,"turns":9.0},{"damage":21,"enemies":"Slavers","floor":23,"turns":2}],"seed_played":"5593382565212535885","potions_obtained":[{"floor":1.0,"key":"Ancient Potion"},{"floor":7.0,"key":"BlessingOfTheForge"},{"floor":12.0,"key":"Fire Potion"},{"floor":14.0,"key":"Dexterity Potion"},{"floor":19.0,"key":"Strength Potion"}],"is_trial":false,"path_per_floor":["M","?","$","?","M","R","E","R","T","M","M","E","R","M","R","B",null,"M","M","?","$","?","E"],"character_chosen":"CLINTOCK_CLASS","items_purchased":["clintock:Bateson9000","clintock:DnaMicroarray"],"campfire_rested":2,"item_purchase_floors":[21,21],"current_hp_per_floor":[78,62,62,62,62,62,27,51,51,50,45,24,24,10,49,25,80,51,23,23,23,30,9,9],"gold":63,"neow_bonus":"HUNDRED_GOLD","is_daily":false,"chose_seed":false,"campfire_upgraded":1,"win_rate":0.0,"timestamp":1607869052,"path_taken":["M","?","$","?","M","R","E","R","T","M","M","E","R","M","R","BOSS","M","M","?","$","?","E"],"items_purchased_type":["Card","Card"],"build_version":"2020-11-30","purchased_purges":2,"victory":false,"max_hp_per_floor":[80,80,80,80,80,80,80,80,80,80,80,80,80,80,80,80,80,80,80,80,80,87,87,87],"relic_stats":{"Regal Pillow":15,"counters":[11,79],"Bronze Scales":[173],"obtain_stats":[{"Regal Pillow":12,"clintock:BiomoleculePool":0,"Bronze Scales":9,"Strawberry":22,"Ring of Chaos":17,"Unceasing Top":7},{"Regal Pillow":6,"clintock:BiomoleculePool":0,"Bronze Scales":3,"Strawberry":10,"Ring of Chaos":8,"Unceasing Top":3},{"Regal Pillow":41,"clintock:BiomoleculePool":0,"Bronze Scales":17,"Strawberry":77,"Ring of Chaos":64,"Unceasing Top":17}],"Unceasing Top":[3]},"card_choices":[{"not_picked":["clintock:Alkylation","clintock:Obstruct"],"picked":"clintock:PurineMetabolism","floor":1.0},{"not_picked":["clintock:PurineMetabolism","clintock:Miasma","clintock:Jab"],"picked":"SKIP","floor":5.0},{"not_picked":["clintock:Reductase","clintock:DegradedPrimer"],"picked":"clintock:Fluorescein","floor":7.0},{"not_picked":["clintock:Recombination","clintock:Polymerize","clintock:DegradedPrimer"],"picked":"SKIP","floor":10.0},{"not_picked":["clintock:Excavate","clintock:Efflux"],"picked":"clintock:BruteForce","floor":11.0},{"not_picked":["clintock:Deoxycytidine","clintock:Efflux"],"picked":"clintock:SinsheimerT3","floor":12.0},{"not_picked":["clintock:DegradedPrimer","clintock:VectorFlow"],"picked":"clintock:DTMP","floor":14.0},{"not_picked":["clintock:BiolelePrime","clintock:SuspendAnimation"],"picked":"clintock:DnaMicroarray","floor":16.0},{"not_picked":["clintock:ImpulsiveShot","clintock:DegradedPrimer"],"picked":"clintock:EnergyDrink+1","floor":18.0},{"not_picked":["clintock:EnergyDrink","clintock:DTMP","clintock:Centrifuge"],"picked":"SKIP","floor":19.0}],"player_experience":396358,"relics_obtained":[{"floor":7.0,"key":"Unceasing Top"},{"floor":9.0,"key":"Bronze Scales"},{"floor":12.0,"key":"Regal Pillow"}],"event_choices":[{"damage_healed":78.0,"max_hp_gain":0.0,"max_hp_loss":80.0,"gold_gain":0.0,"event_name":"betterThird:BetterShining","player_choice":"Upgrade","floor":2.0,"gold_loss":0.0,"damage_taken":16.0,"cards_upgraded":["clintock:PurineMetabolism","clintock:ClintockDefend"]},{"damage_healed":0.0,"max_hp_gain":0.0,"max_hp_loss":0.0,"gold_gain":0.0,"event_name":"Living Wall","player_choice":"Grow","floor":4.0,"gold_loss":0.0,"damage_taken":0.0,"cards_upgraded":["clintock:BaseSynthesis"]},{"damage_healed":0,"gold_gain":0,"player_choice":"Ignored","damage_taken":0,"max_hp_gain":0,"max_hp_loss":0,"event_name":"betterNote:BetterNote","floor":20,"gold_loss":0,"cards_obtained":["Redorb"]},{"damage_healed":0,"gold_gain":0,"player_choice":"Stole Relic","damage_taken":0,"relics_obtained":["Strawberry"],"max_hp_gain":0,"max_hp_loss":0,"event_name":"Addict","floor":22,"gold_loss":0,"cards_obtained":["Shame"]}],"is_beta":false,"boss_relics":[{"not_picked":["aspiration:WatcherSkillbook","Snecko Eye"],"picked":"Ring of Chaos"}],"items_purged_floors":[3,21],"is_endless":false,"potions_floor_spawned":[1,7,12,14,19],"killed_by":"Slavers","ascension_level":0}}