{"host":"ysalv62a05e493y4","time":1607861222,"event":{"mods":["AchievementEnabler","BaseMod","BetterRewards","Colored Map","Colored Powertips","Hero for Fun","Minty Spire (QoL Compilation)","Quick Restart","Railgun Mod","StSLib","The Necromancer","???????????mod"],"gold_per_floor":[139,152,152,252,265,265,283,283,352,381,55,89,105,119,119,214,264,282,282,29,29,44,73,93,93,93,93,146,146,160,173,173,269,269,280,297,19,69,69,69,85,85,85,111,125,0,0,15,15,15,15],"floor_reached":50,"playtime":2381,"items_purged":[],"score":727,"play_id":"5706867f-4dd0-4d0d-ae27-c596ee3f2c5b","local_time":"20201213130702","is_ascension_mode":false,"campfire_choices":[{"data":"Line_surface_state_purple","floor":6,"key":"SMITH"},{"data":"Bait_HighSpeedFlying_purple","floor":8,"key":"SMITH"},{"floor":15,"key":"REST"},{"floor":27,"key":"REST"},{"floor":32,"key":"REST"},{"floor":40,"key":"REST"},{"floor":49,"key":"REST"}],"circlet_count":0,"master_deck":["AT_purpleEX+1","Defend_purpleEX","Defend_purpleEX","Observe_purple_1+1","Observe_purple_2","ButterflyHabitatTemple_purple","DimensionStaggered_purple+1","Bait_HighSpeedFlying_purple+1","Bait_HighSpeedFlying_purple+1","Line_surface_state_purple+1","Shallow_ocean_purpleEX","Mirror_FourBoundary_purple","StateErode_purple","Worldmountain_purple","Boundary_of_Extermination_purpleEX","Nest_LightFlightworm_purple","Umbrella_purple","Erosivefilter_purple","Know_ledgeAbilityRealm_purple","Worldmountain_purple","Shallow_ocean_purpleEX+1","RitualDagger","MNeedle_purple","UniverseChoice_purple","StateDuplicate_purple","DimensionStaggered_purple","ExternalForce_HighSpeedFlying_purple","Realm_recovery_purpleEX","PurpleNeedle_purple","Mirror_WaveAndshot_purple","SharpContractionReality_purple","WangLiang_OokamiKakushi_purple","Boundary_LifeAndDeath_purple+1","RealityDreamConfluencek_purple+1","DimensionStaggered_purple+1","MNeedle_purple","WatchEChange_purple+1","Charmbait_purple","FragmentationRealm_purple","Boundary_LightAndDark_purple+1","Madness+1","Madness+1","Boundary_DreamRealityDamnation_purple","Boundary_DreamRealityDamnation_purple","Bandage Up+1","StretchesForeverDream_purple+1"],"relics":["Boundary_crack","Memoryfragments_purpleEX","Pocketwatch","MutagenicStrength","Bottled Flame","Whetstone","Omamori","Gambling Chip","Tiny House","Ancient Tea Set","Ornamental Fan","Regal Pillow","Astrolabe","Toxic Egg 2","TungstenRod","StoneCalendar","Peace Pipe","Red Mask"],"acts_visited":["Exordium","TheCity","TheBeyond"],"potions_floor_usage":[7,44,44,44,48,50],"damage_taken":[{"damage":0,"enemies":"Cultist","floor":1,"turns":4},{"damage":0,"enemies":"Small Slimes","floor":2,"turns":3},{"damage":0,"enemies":"2 Louse","floor":5,"turns":1},{"damage":0,"enemies":"Gremlin Gang","floor":7,"turns":2},{"damage":29,"enemies":"Lagavulin","floor":10,"turns":4},{"damage":19,"enemies":"Gremlin Nob","floor":12,"turns":4},{"damage":0,"enemies":"2 Fungi Beasts","floor":13,"turns":1},{"damage":0,"enemies":"Blue Slaver","floor":14,"turns":1},{"damage":10,"enemies":"Slime Boss","floor":16,"turns":7},{"damage":0,"enemies":"Chosen","floor":18,"turns":3},{"damage":2,"enemies":"2 Thieves","floor":22,"turns":2},{"damage":20,"enemies":"Gremlin Leader","floor":23,"turns":1},{"damage":9,"enemies":"Centurion and Healer","floor":24,"turns":3},{"damage":0,"enemies":"Snecko","floor":30,"turns":1},{"damage":0,"enemies":"3 Cultists","floor":31,"turns":2},{"damage":51,"enemies":"Automaton","floor":33,"turns":8},{"damage":0,"enemies":"3 Darklings","floor":35,"turns":1},{"damage":0,"enemies":"Orb Walker","floor":36,"turns":2},{"damage":44,"enemies":"Mind Bloom Boss Battle","floor":38,"turns":6},{"damage":0,"enemies":"Jaw Worm Horde","floor":41,"turns":2},{"damage":54,"enemies":"Giant Head","floor":44,"turns":7},{"damage":0,"enemies":"3 Darklings","floor":45,"turns":2},{"damage":4,"enemies":"4 Shapes","floor":48,"turns":1},{"damage":59,"enemies":"Awakened One","floor":50,"turns":7}],"seed_played":"1538614955992403870","potions_obtained":[{"floor":1,"key":"GamblersBrew"},{"floor":7,"key":"Energy Potion"},{"floor":10,"key":"Ancient Potion"},{"floor":14,"key":"Weak Potion"},{"floor":17,"key":"Energy Potion"},{"floor":44,"key":"Strength Potion"},{"floor":45,"key":"AttackPotion"}],"is_trial":false,"path_per_floor":["M","M","?","?","M","R","M","R","T","E","$","E","M","M","R","B",null,"M","?","$","?","M","E","M","?","T","R","T","?","M","M","R","B",null,"M","M","$","?","?","R","M","?","T","E","M","?","?","M","R","B"],"character_chosen":"Youkari","items_purchased":["DimensionStaggered_purple","StateErode_purple","Worldmountain_purple","Omamori","Boundary_of_Extermination_purpleEX","MNeedle_purple","UniverseChoice_purple","StateDuplicate_purple","Charmbait_purple","Toxic Egg 2"],"campfire_rested":5,"item_purchase_floors":[0,11,11,11,11,20,20,20,37,37],"current_hp_per_floor":[60,63,63,63,63,63,65,65,65,39,39,23,23,23,44,38,75,75,69,69,69,68,48,41,41,41,63,63,63,63,63,75,25,75,75,75,75,31,31,68,69,61,61,7,8,8,8,6,43,0,0],"gold":15,"neow_bonus":"","is_daily":false,"chose_seed":false,"campfire_upgraded":2,"win_rate":0.0,"timestamp":1607861222,"path_taken":["M","?","?","?","M","R","?","R","T","E","$","E","M","M","R","BOSS","M","?","$","?","?","E","M","?","T","R","?","?","M","M","R","BOSS","M","M","$","?","?","R","?","?","T","E","M","?","?","M","R","BOSS"],"items_purchased_type":["Card","Card","Card","Relic","Card","Card","Card","Card","Card","Relic"],"build_version":"2020-11-30","purchased_purges":0,"victory":false,"max_hp_per_floor":[70,70,70,70,70,70,70,70,70,70,70,70,70,70,70,70,75,75,75,75,75,75,75,75,75,75,75,75,75,75,75,75,75,75,75,75,75,75,75,75,75,75,75,75,75,75,75,75,75,75,75],"card_choices":[{"not_picked":["RealityDreamConfluencek_purple","RuleDissolution_purple"],"picked":"Bait_HighSpeedFlying_purple","floor":1},{"not_picked":["Line_surface_state_purple","StateErode_purple"],"picked":"Bait_HighSpeedFlying_purple","floor":2},{"not_picked":["Boundary_ObjectiveBoundary_purple","RealityDreamConfluencek_purple"],"picked":"Line_surface_state_purple","floor":5},{"not_picked":["RuleDissolution_purple","MeetDecomposer_purple"],"picked":"Shallow_ocean_purpleEX","floor":7},{"not_picked":["RealityDreamConfluencek_purple","D_absorption_purple"],"picked":"Mirror_FourBoundary_purple","floor":10},{"not_picked":["WatchEyeChange_purple","Realm_recovery_purpleEX"],"picked":"Nest_LightFlightworm_purple","floor":12},{"not_picked":["Charmbait_purple","OmniscientAndOmnipotent_Monster_purple"],"picked":"Umbrella_purple","floor":13},{"not_picked":["AdvanceAttack_purple","StateErode_purple"],"picked":"Erosivefilter_purple","floor":14},{"not_picked":["Monsters_DoubleDeathButterfly_purple","D_absorption_purple"],"picked":"Know_ledgeAbilityRealm_purple","floor":16},{"not_picked":["Boundary_of_Extermination_purpleEX","SfantasyHide_purple"],"picked":"Worldmountain_purple","floor":17},{"not_picked":["RealityDreamConfluencek_purple","Erosivefilter_purple"],"picked":"Shallow_ocean_purpleEX+1","floor":18},{"not_picked":["Shallow_ocean_purpleEX","RuleDissolution_purple+1"],"picked":"DimensionStaggered_purple","floor":22},{"not_picked":["Yakumo_Ran_purple","ContainerChange_purple"],"picked":"ExternalForce_HighSpeedFlying_purple","floor":23},{"not_picked":["MonsterNeedle_purple","AdvanceAttack_purple"],"picked":"Realm_recovery_purpleEX","floor":24},{"not_picked":["Mirror_Drifter_purple","Worldmountain_purple"],"picked":"Mirror_WaveAndshot_purple","floor":30},{"not_picked":["WeekHit_purple","Worldmountain_purple+1"],"picked":"SharpContractionReality_purple","floor":31},{"not_picked":["D_absorption_purple","Boundary_LifeAndDeath_purple"],"picked":"WangLiang_OokamiKakushi_purple","floor":33},{"not_picked":["RuleDissolution_purple+1","MeetDecomposer_purple+1"],"picked":"MNeedle_purple","floor":35},{"not_picked":["CommonSense_AntiCommonSense_purple","AdvanceAttack_purple"],"picked":"WatchEChange_purple+1","floor":36},{"not_picked":["StateErode_purple+1","Nest_LightFlightworm_purple+1"],"picked":"FragmentationRealm_purple","floor":38},{"not_picked":["DimensionStaggered_purple+1","SharpContractionReality_purple"],"picked":"Boundary_LightAndDark_purple+1","floor":41},{"not_picked":["Realm_recovery_purpleEX+1","Charmbait_purple"],"picked":"Boundary_DreamRealityDamnation_purple","floor":44},{"not_picked":["DimensionStaggered_purple+1","RuleDissolution_purple+1"],"picked":"Boundary_DreamRealityDamnation_purple","floor":45},{"not_picked":["Discovery+1","HandOfGreed"],"picked":"Bandage Up+1","floor":47},{"not_picked":["ExistenceContinue_purple+1","Umbrella_purple"],"picked":"StretchesForeverDream_purple+1","floor":48}],"player_experience":16835,"relics_obtained":[{"floor":9,"key":"Bottled Flame"},{"floor":10,"key":"Whetstone"},{"floor":12,"key":"Gambling Chip"},{"floor":23,"key":"Ancient Tea Set"},{"floor":26,"key":"Ornamental Fan"},{"floor":28,"key":"Regal Pillow"},{"floor":38,"key":"TungstenRod"},{"floor":43,"key":"StoneCalendar"},{"floor":44,"key":"Peace Pipe"}],"event_choices":[{"damage_healed":0,"gold_gain":0,"player_choice":"Grow","damage_taken":0,"max_hp_gain":0,"max_hp_loss":0,"event_name":"Living Wall","floor":3,"gold_loss":0,"cards_upgraded":["Bait_HighSpeedFlying_purple"]},{"damage_healed":0,"gold_gain":100,"player_choice":"Pray","damage_taken":0,"max_hp_gain":0,"max_hp_loss":0,"event_name":"Golden Shrine","floor":4,"gold_loss":0},{"damage_healed":0,"gold_gain":0,"player_choice":"Joined the Cult","damage_taken":6,"max_hp_gain":0,"max_hp_loss":0,"event_name":"Nest","floor":19,"gold_loss":0,"cards_obtained":["RitualDagger"]},{"cards_removed":["Defend_purpleEX"],"damage_healed":0,"gold_gain":0,"player_choice":"Purged","damage_taken":0,"max_hp_gain":0,"max_hp_loss":0,"event_name":"Purifier","floor":21,"gold_loss":0},{"damage_healed":0,"gold_gain":0,"player_choice":"Ignored","damage_taken":0,"max_hp_gain":0,"max_hp_loss":0,"event_name":"Ghosts","floor":25,"gold_loss":0},{"damage_healed":0,"gold_gain":0,"player_choice":"Read","damage_taken":0,"max_hp_gain":0,"max_hp_loss":0,"event_name":"The Library","floor":29,"gold_loss":0,"cards_obtained":["PurpleNeedle_purple"]},{"damage_healed":0,"gold_gain":0,"player_choice":"Fight","damage_taken":0,"max_hp_gain":0,"max_hp_loss":0,"event_name":"MindBloom","floor":38,"gold_loss":0},{"cards_removed":["Defend_purpleEX"],"damage_healed":0,"gold_gain":0,"player_choice":"Offered Basic","damage_taken":0,"max_hp_gain":0,"max_hp_loss":0,"event_name":"Bonfire Elementals","floor":39,"gold_loss":0},{"damage_healed":0,"gold_gain":0,"player_choice":"Embrace Madness","damage_taken":9,"max_hp_gain":0,"max_hp_loss":0,"event_name":"Winding Halls","floor":42,"gold_loss":0,"cards_obtained":["Madness","Madness"]},{"damage_healed":0,"gold_gain":0,"player_choice":"Paid","damage_taken":0,"relics_obtained":["Red Mask"],"max_hp_gain":0,"max_hp_loss":0,"event_name":"Tomb of Lord Red Mask","floor":46,"gold_loss":125},{"damage_healed":0,"gold_gain":0,"player_choice":"Memory 1","damage_taken":0,"max_hp_gain":0,"max_hp_loss":0,"event_name":"SensoryStone","floor":47,"gold_loss":0}],"is_beta":false,"boss_relics":[{"not_picked":["Fusion Hammer","Seventeenyearold_girl_Forever"],"picked":"Tiny House"},{"not_picked":["Busted Crown","Empty Cage"],"picked":"Astrolabe"}],"items_purged_floors":[],"is_endless":false,"potions_floor_spawned":[1,7,10,14,18,24,33,38,44,45],"killed_by":"Awakened One","ascension_level":0}}