{"host":"684z1xpuwaoqmmh1","time":1607860414,"event":{"mods":["BaseMod","Downfall","Hermit","Jorbs\u0027s Wanderer Trilogy","Marisa????????","Minty Spire (QoL Compilation)","StSLib","The Bug Knight","The Hierophant","The Mystic","The Runesmith"],"gold_per_floor":[119,169,94,106,144,144,169,209,255,280,292,308,308,308,308,308,308],"floor_reached":16,"playtime":1016,"items_purged":["stsjorbsmod:Strike_Wanderer"],"score":202,"play_id":"0bc5caaf-8b39-4a5b-a5f6-001e452b6853","local_time":"20201213135334","is_ascension_mode":true,"campfire_choices":[{"data":"stsjorbsmod:RefuseToForget","floor":6,"key":"SMITH"},{"data":"stsjorbsmod:Firebolt","floor":15,"key":"SMITH"}],"circlet_count":0,"master_deck":["AscendersBane","stsjorbsmod:ForbiddenGrimoire+1","stsjorbsmod:Strike_Wanderer","stsjorbsmod:Strike_Wanderer","stsjorbsmod:Strike_Wanderer","stsjorbsmod:Defend_Wanderer","stsjorbsmod:Defend_Wanderer","stsjorbsmod:Defend_Wanderer","stsjorbsmod:Defend_Wanderer","stsjorbsmod:FreshAdventure","stsjorbsmod:EyeOfTheStorm","stsjorbsmod:MagicMirror+1","stsjorbsmod:RefuseToForget+1","stsjorbsmod:BlackTentacles","stsjorbsmod:Thorns","stsjorbsmod:HedgeWizard","stsjorbsmod:FlameWard+1","stsjorbsmod:Mindworm","stsjorbsmod:Message","stsjorbsmod:Firebolt+1"],"relics":["stsjorbsmod:GrimoireRelic","HollowMod:StagPassRelic","Art of War","Omamori","PreservedInsect"],"acts_visited":["Exordium"],"potions_floor_usage":[10,10],"damage_taken":[{"damage":7,"enemies":"Small Slimes","floor":1,"turns":4},{"damage":1,"enemies":"Cultist","floor":4,"turns":5},{"damage":0,"enemies":"2 Louse","floor":5,"turns":3},{"damage":16,"enemies":"3 Sentries","floor":7,"turns":7},{"damage":1,"enemies":"2 Fungi Beasts","floor":8,"turns":4},{"damage":10,"enemies":"Lagavulin","floor":10,"turns":7},{"damage":1,"enemies":"Looter","floor":11,"turns":3},{"damage":8,"enemies":"3 Louse","floor":12,"turns":2},{"damage":20,"enemies":"Slime Boss","floor":16,"turns":7}],"seed_played":"-7421470724526056416","potions_obtained":[{"floor":1,"key":"stsjorbsmod:LiquidClarity"},{"floor":7,"key":"Swift Potion"},{"floor":10,"key":"stsjorbsmod:LiquidClarity"}],"is_trial":false,"path_per_floor":["M","?","$","M","M","R","E","M","T","E","M","M","?","?","R","B"],"character_chosen":"WANDERER","items_purchased":[],"campfire_rested":0,"item_purchase_floors":[],"current_hp_per_floor":[55,49,49,53,55,55,43,46,46,40,41,35,14,14,14,0,0],"gold":308,"neow_bonus":"THREE_CARDS","is_daily":false,"chose_seed":false,"campfire_upgraded":2,"win_rate":0.0,"timestamp":1607860414,"path_taken":["M","?","$","M","M","R","E","M","T","E","?","M","?","?","R","BOSS"],"items_purchased_type":[],"build_version":"2020-11-30","purchased_purges":1,"victory":false,"max_hp_per_floor":[66,66,66,68,68,68,68,70,70,70,70,70,70,70,70,70,70],"card_choices":[{"not_picked":["stsjorbsmod:FracturedMind","stsjorbsmod:Message"],"picked":"stsjorbsmod:MagicMirror","floor":0},{"not_picked":["stsjorbsmod:Message","stsjorbsmod:ColorSpray"],"picked":"stsjorbsmod:RefuseToForget","floor":1},{"not_picked":["stsjorbsmod:ChainLightning","stsjorbsmod:ParryingBlow"],"picked":"stsjorbsmod:BlackTentacles","floor":4},{"not_picked":["stsjorbsmod:Trauma","stsjorbsmod:Prepare"],"picked":"stsjorbsmod:Thorns","floor":5},{"not_picked":["stsjorbsmod:Channel","stsjorbsmod:Message"],"picked":"stsjorbsmod:HedgeWizard","floor":7},{"not_picked":["stsjorbsmod:Message","stsjorbsmod:Prestidigitation"],"picked":"stsjorbsmod:FlameWard","floor":8},{"not_picked":["stsjorbsmod:Hurt","stsjorbsmod:ThirstingSword"],"picked":"stsjorbsmod:Mindworm","floor":10},{"not_picked":["stsjorbsmod:BlackTentacles","stsjorbsmod:Hibernate"],"picked":"stsjorbsmod:Message","floor":11},{"not_picked":["stsjorbsmod:Hibernate","stsjorbsmod:FaerieFire"],"picked":"stsjorbsmod:Firebolt","floor":12}],"player_experience":2310878,"relics_obtained":[{"floor":7,"key":"HollowMod:StagPassRelic"},{"floor":9,"key":"Art of War"},{"floor":10,"key":"Omamori"}],"event_choices":[{"damage_healed":0,"gold_gain":50,"player_choice":"Touch","damage_taken":6,"max_hp_gain":0,"max_hp_loss":0,"event_name":"FaceTrader","floor":2,"gold_loss":0},{"damage_healed":0,"gold_gain":0,"player_choice":"Entered Light","damage_taken":21,"max_hp_gain":0,"max_hp_loss":0,"event_name":"Shining Light","floor":13,"gold_loss":0,"cards_upgraded":["stsjorbsmod:MagicMirror","stsjorbsmod:FlameWard"]},{"damage_healed":0,"gold_gain":0,"player_choice":"Box","damage_taken":0,"relics_obtained":["PreservedInsect"],"max_hp_gain":0,"max_hp_loss":0,"event_name":"Big Fish","floor":14,"gold_loss":0,"cards_obtained":["Regret"]}],"is_beta":false,"boss_relics":[],"items_purged_floors":[3],"is_endless":false,"potions_floor_spawned":[1,7,10],"killed_by":"Slime Boss","ascension_level":16}}