{"host":"63rwe7p34ct1i0qu","time":1607864553,"event":{"mods":["BaseMod","DeckTracker","Minty Spire (QoL Compilation)","Permanent Neow","Quick Restart","StSLib"],"gold_per_floor":[116,116,126,143,143,177,140,157,157,157,122,122,122,133,133,234,284,303,303,287,287,300,300,310,310,310,310,310,310,327,339,339,339,339],"floor_reached":33,"playtime":16234,"items_purged":[],"score":292,"play_id":"d4bdbfaf-3e3f-45dd-b31b-dca50335ff5e","local_time":"20201213220233","is_ascension_mode":false,"campfire_choices":[{"data":"Searing Blow","floor":10,"key":"SMITH"},{"data":"Searing Blow+1","floor":12,"key":"SMITH"},{"data":"Searing Blow+2","floor":15,"key":"SMITH"},{"data":"Searing Blow+3","floor":23,"key":"SMITH"},{"data":"Searing Blow+4","floor":27,"key":"SMITH"},{"data":"Searing Blow+5","floor":29,"key":"SMITH"},{"floor":32,"key":"REST"}],"circlet_count":0,"master_deck":["Strike_R","Strike_R","Strike_R","Strike_R","Defend_R","Defend_R+1","Defend_R","Defend_R","Bash+1","Disarm+1","Cleave","Ghostly Armor","Shrug It Off","Searing Blow+6","Feed","Double Tap+1","Disarm","Demon Form","Anger","True Grit+1","Double Tap"],"relics":["Burning Blood","Juzu Bracelet","Letter Opener","Tiny House","Boot"],"acts_visited":["Exordium","TheCity"],"potions_floor_usage":[16,20,28,33,33],"damage_taken":[{"damage":1,"enemies":"2 Louse","floor":1,"turns":4},{"damage":5,"enemies":"Jaw Worm","floor":3,"turns":3},{"damage":4,"enemies":"Small Slimes","floor":4,"turns":3},{"damage":25,"enemies":"Gremlin Nob","floor":6,"turns":5},{"damage":5,"enemies":"Exordium Thugs","floor":8,"turns":4},{"damage":10,"enemies":"Gremlin Gang","floor":14,"turns":6},{"damage":10,"enemies":"The Guardian","floor":16,"turns":12},{"damage":3,"enemies":"Chosen","floor":18,"turns":6},{"damage":17,"enemies":"2 Thieves","floor":20,"turns":4},{"damage":12,"enemies":"Snecko","floor":22,"turns":4},{"damage":27,"enemies":"Snake Plant","floor":24,"turns":4},{"damage":0,"enemies":"Slavers","floor":28,"turns":1},{"damage":38,"enemies":"Chosen and Byrds","floor":30,"turns":5},{"damage":17,"enemies":"Snecko","floor":31,"turns":5},{"damage":103,"enemies":"Collector","floor":33,"turns":7}],"seed_played":"4180503595993443794","potions_obtained":[{"floor":3,"key":"Swift Potion"},{"floor":4,"key":"Dexterity Potion"},{"floor":8,"key":"CultistPotion"},{"floor":16,"key":"SmokeBomb"},{"floor":18,"key":"Regen Potion"},{"floor":24,"key":"FairyPotion"},{"floor":30,"key":"Explosive Potion"}],"is_trial":false,"path_per_floor":["M","?","M","M","?","E","$","M","T","R","?","R","$","M","R","B",null,"M","$","M","$","M","R","M","?","T","R","E","R","M","M","R","B"],"character_chosen":"IRONCLAD","items_purchased":["Searing Blow"],"campfire_rested":1,"item_purchase_floors":[7],"current_hp_per_floor":[80,64,65,67,67,48,48,49,49,49,69,69,69,65,65,64,88,88,88,88,88,85,85,67,67,67,67,73,73,41,33,62,0,0],"gold":339,"neow_bonus":"UPGRADE_CARD","is_daily":false,"chose_seed":false,"campfire_upgraded":6,"win_rate":0.0,"timestamp":1607864553,"path_taken":["M","?","M","M","?","E","$","M","T","R","?","R","?","M","R","BOSS","M","$","M","$","M","R","M","?","T","R","E","R","M","M","R","BOSS"],"items_purchased_type":["Card"],"build_version":"2020-11-30","purchased_purges":0,"victory":false,"max_hp_per_floor":[80,80,80,80,80,80,80,80,80,80,80,80,80,80,80,83,88,88,88,88,88,91,91,94,94,94,94,94,94,94,97,97,97,97],"card_choices":[{"not_picked":["Heavy Blade","True Grit"],"picked":"Disarm","floor":1},{"not_picked":["Burning Pact","Iron Wave"],"picked":"Cleave","floor":3},{"not_picked":["Dark Embrace","Entrench","Blood for Blood"],"picked":"SKIP","floor":4},{"not_picked":["Wild Strike","Disarm"],"picked":"Shrug It Off","floor":6},{"not_picked":["Cleave","Sentinel","Armaments"],"picked":"SKIP","floor":8},{"not_picked":["Carnage","True Grit"],"picked":"Feed","floor":14},{"not_picked":["Limit Break","Immolate"],"picked":"Double Tap","floor":16},{"not_picked":["Body Slam","Armaments"],"picked":"Disarm","floor":18},{"not_picked":["Shrug It Off","Headbutt+1"],"picked":"Demon Form","floor":20},{"not_picked":["Clothesline","Pommel Strike"],"picked":"Anger","floor":22},{"not_picked":["Sever Soul","Body Slam+1","Anger"],"picked":"SKIP","floor":24},{"not_picked":["Armaments","Whirlwind"],"picked":"True Grit+1","floor":30},{"not_picked":["Intimidate","Dropkick"],"picked":"Double Tap","floor":31}],"player_experience":1285545,"relics_obtained":[{"floor":6,"key":"Juzu Bracelet"},{"floor":9,"key":"Letter Opener"},{"floor":26,"key":"Boot"}],"event_choices":[{"damage_healed":0,"gold_gain":0,"player_choice":"Entered Light","damage_taken":16,"max_hp_gain":0,"max_hp_loss":0,"event_name":"Shining Light","floor":2,"gold_loss":0,"cards_upgraded":["Disarm","Defend_R"]},{"damage_healed":0,"gold_gain":0,"cards_transformed":["Strike_R"],"player_choice":"Change","damage_taken":0,"max_hp_gain":0,"max_hp_loss":0,"event_name":"Living Wall","floor":5,"gold_loss":0,"cards_obtained":["Ghostly Armor"]},{"damage_healed":20,"gold_gain":0,"player_choice":"Healed","damage_taken":0,"max_hp_gain":0,"max_hp_loss":0,"event_name":"The Cleric","floor":11,"gold_loss":35},{"damage_healed":0,"gold_gain":0,"player_choice":"Ignored","damage_taken":0,"max_hp_gain":0,"max_hp_loss":0,"event_name":"Vampires","floor":25,"gold_loss":0}],"is_beta":false,"boss_relics":[{"not_picked":["Philosopher\u0027s Stone","Runic Dome"],"picked":"Tiny House"}],"items_purged_floors":[],"is_endless":false,"potions_floor_spawned":[3,4,8,16,18,24,30,31],"killed_by":"Collector","ascension_level":0}}