{"host":"cjhtzh7tp54jdfyv","time":1607891914,"event":{"mods":["BaseMod","Minty Spire (QoL Compilation)"],"gold_per_floor":[117,136,146,159,175,175,205,220,296,296,323,323,373,406,406,406,406],"floor_reached":16,"playtime":968,"items_purged":[],"score":269,"play_id":"0cb413e2-a2aa-4438-91d1-616dc1963817","local_time":"20201213153834","is_ascension_mode":true,"campfire_choices":[{"data":"Perfected Strike","floor":6.0,"key":"SMITH"},{"data":"Bash","floor":10.0,"key":"SMITH"},{"data":"1","floor":15,"key":"LIFT"}],"circlet_count":0,"master_deck":["AscendersBane","Strike_R","Strike_R","Strike_R","Strike_R","Strike_R","Defend_R","Defend_R","Defend_R","Defend_R","Bash+1","Perfected Strike+1","Perfected Strike","Impervious","Perfected Strike","Exhume","Perfected Strike","Disarm","Iron Wave+1"],"relics":["Burning Blood","Smiling Mask","Molten Egg 2","Girya","Golden Idol","Prayer Wheel"],"acts_visited":["Exordium"],"potions_floor_usage":[],"damage_taken":[{"damage":1.0,"enemies":"Cultist","floor":1.0,"turns":3.0},{"damage":9.0,"enemies":"Jaw Worm","floor":2.0,"turns":5.0},{"damage":9.0,"enemies":"Small Slimes","floor":3.0,"turns":5.0},{"damage":10.0,"enemies":"Gremlin Gang","floor":4.0,"turns":5.0},{"damage":7.0,"enemies":"2 Fungi Beasts","floor":5.0,"turns":4.0},{"damage":4.0,"enemies":"3 Sentries","floor":7.0,"turns":8.0},{"damage":19.0,"enemies":"Exordium Wildlife","floor":8.0,"turns":4.0},{"damage":8,"enemies":"Gremlin Nob","floor":11,"turns":3},{"damage":30,"enemies":"3 Sentries","floor":14,"turns":7},{"damage":26,"enemies":"Hexaghost","floor":16,"turns":10}],"seed_played":"-7953613059620513217","potions_obtained":[{"floor":2.0,"key":"PowerPotion"},{"floor":4.0,"key":"HeartOfIron"},{"floor":7.0,"key":"ColorlessPotion"}],"is_trial":false,"path_per_floor":["M","M","M","M","M","R","E","M","T","R","E","?","?","E","R","B"],"character_chosen":"IRONCLAD","items_purchased":[],"campfire_rested":0,"item_purchase_floors":[],"current_hp_per_floor":[80,77,74,70,69,69,71,58,58,58,56,56,49,25,25,0,0],"gold":406,"neow_bonus":"TEN_PERCENT_HP_BONUS","is_daily":false,"chose_seed":false,"campfire_upgraded":2,"win_rate":0.0,"timestamp":1607891914,"path_taken":["M","M","M","?","M","R","E","M","T","R","E","?","?","E","R","BOSS"],"items_purchased_type":[],"build_version":"2020-11-30","purchased_purges":0,"victory":false,"max_hp_per_floor":[82,82,82,82,82,82,82,82,82,82,82,74,74,74,74,74,74],"card_choices":[{"not_picked":["Iron Wave","Clash","Heavy Blade"],"picked":"SKIP","floor":1.0},{"not_picked":["Body Slam","Reckless Charge"],"picked":"Perfected Strike","floor":2.0},{"not_picked":["Cleave","Rupture"],"picked":"Perfected Strike","floor":3.0},{"not_picked":["Warcry","Searing Blow"],"picked":"Impervious","floor":4.0},{"not_picked":["Headbutt","Pommel Strike"],"picked":"Perfected Strike","floor":5.0},{"not_picked":["Entrench","Wild Strike"],"picked":"Exhume","floor":7.0},{"not_picked":["Clash","Armaments"],"picked":"Perfected Strike","floor":8.0},{"not_picked":["Warcry","Havoc"],"picked":"Disarm","floor":11},{"not_picked":["Second Wind","True Grit"],"picked":"Iron Wave+1","floor":14}],"player_experience":4251838,"relics_obtained":[{"floor":7.0,"key":"Smiling Mask"},{"floor":9.0,"key":"Molten Egg 2"},{"floor":11,"key":"Girya"},{"floor":14,"key":"Prayer Wheel"}],"event_choices":[{"damage_healed":0,"gold_gain":0,"player_choice":"Lose Max HP","damage_taken":0,"relics_obtained":["Golden Idol"],"max_hp_gain":0,"max_hp_loss":8,"event_name":"Golden Idol","floor":12,"gold_loss":0},{"damage_healed":0,"gold_gain":50,"player_choice":"Touch","damage_taken":7,"max_hp_gain":0,"max_hp_loss":0,"event_name":"FaceTrader","floor":13,"gold_loss":0}],"is_beta":false,"boss_relics":[],"items_purged_floors":[],"is_endless":false,"potions_floor_spawned":[2,4,7],"killed_by":"Hexaghost","ascension_level":20}}