{"host":"vmgez208jp8v3hrj","time":1607860617,"event":{"mods":["BaseMod","Downfall","Lobotomy","LobotomyExtend","Minty Spire (QoL Compilation)","Quick Restart","Replay The Spire","StSLib"],"gold_per_floor":[99,118,118,129,62,75,152,171,182,182,280,20,36,55,70,173,173,173,173,1,56,56,56,56,108,109,149,149],"floor_reached":27,"playtime":2536,"items_purged":[],"score":255,"play_id":"9d7a210d-bca7-40ef-895a-f688ee85fc30","local_time":"20201213135657","is_ascension_mode":false,"campfire_choices":[{"data":"Slimebound:Split","floor":1.0,"key":"SMITH"},{"data":"Slimebound:SamplingLick","floor":3.0,"key":"SMITH"},{"data":"Slimebound:DuplicatedForm","floor":10.0,"key":"SMITH"},{"data":"Slimebound:MassFeed","floor":18.0,"key":"SMITH"},{"data":"expansioncontent:QuickStudy","floor":22,"key":"SMITH"}],"circlet_count":0,"master_deck":["Slimebound:Strike_Slimebound","Slimebound:Strike_Slimebound","Slimebound:Strike_Slimebound","Slimebound:Tackle","Slimebound:Defend_Slimebound","Slimebound:Defend_Slimebound","Slimebound:Defend_Slimebound","Slimebound:Defend_Slimebound","Slimebound:Split+1","Slimebound:CorrosiveSpit","Slimebound:SamplingLick+1","Slimebound:GrowthPunch","Slimebound:Schlurp","Slimebound:ItLooksTasty","Slimebound:ItLooksTasty","Slimebound:SlimeTap","Slimebound:DuplicatedForm+1","Slimebound:GrowthPunch","Slimebound:SlimeSpikes","Slimebound:SlimeSpikes","Slimebound:LeechLife","Slimebound:RainOfGoop","Slimebound:GrowthPunch","Metamorphosis","Slimebound:SplitMire","Slimebound:MassFeed+1","Slimebound:RejuvenatingLick","Slimebound:OozeBath","Slimebound:RejuvenatingLick","expansioncontent:QuickStudy+1","Slimebound:Repurpose","Slimebound:SpikyOuterGoop+1","Slimebound:PrepareCrush","Slimebound:GrowthPunch"],"relics":["Slimebound:AbsorbEndCombat","LetterFromLob","ReplayTheSpireMod:Shallot","downfall:KnowingSkull","Replay:Multitool"],"acts_visited":["Exordium","TheCity"],"potions_floor_usage":[20,20,20],"damage_taken":[{"damage":16.0,"enemies":"Jaw Worm","floor":2.0,"turns":4.0},{"damage":9.0,"enemies":"Cultist","floor":4.0,"turns":3.0},{"damage":11.0,"enemies":"downfall:FleeingMerchant","floor":5.0,"turns":4.0},{"damage":19.0,"enemies":"2 Louse","floor":6.0,"turns":3.0},{"damage":20.0,"enemies":"Lots of Slimes","floor":8.0,"turns":4.0},{"damage":29.0,"enemies":"3 Louse","floor":9.0,"turns":3.0},{"damage":8.0,"enemies":"downfall:FleeingMerchant","floor":12.0,"turns":4.0},{"damage":22.0,"enemies":"Exordium Wildlife","floor":13.0,"turns":5.0},{"damage":32.0,"enemies":"Large Slime","floor":14.0,"turns":5.0},{"damage":10.0,"enemies":"Lots of Slimes","floor":15.0,"turns":3.0},{"damage":66.0,"enemies":"downfall:Ironclad","floor":16.0,"turns":7.0},{"damage":13,"enemies":"downfall:FleeingMerchant","floor":20,"turns":4},{"damage":53,"enemies":"3 Byrds","floor":21,"turns":6},{"damage":39,"enemies":"Centurion and Healer","floor":25,"turns":6},{"damage":53,"enemies":"downfall:FleeingMerchant","floor":26,"turns":4},{"damage":65,"enemies":"Slavers","floor":27,"turns":3}],"seed_played":"-8427514159769573305","potions_obtained":[{"floor":8.0,"key":"Strength Potion"},{"floor":13.0,"key":"Elixir"},{"floor":14.0,"key":"FearPotion"},{"floor":15.0,"key":"Swift Potion"},{"floor":16.0,"key":"Strength Potion"}],"is_trial":false,"path_per_floor":["R","M","R","M","$","M","T","M","M","R","?","$","M","M","M","B",null,"R","?","$","M","R","?","T","M","$","E"],"character_chosen":"SLIMEBOUND","items_purchased":["Slimebound:ItLooksTasty","Slimebound:GrowthPunch","Metamorphosis","expansioncontent:QuickStudy","Slimebound:GrowthPunch"],"campfire_rested":0,"item_purchase_floors":[5,12,12,20,26],"current_hp_per_floor":[66,62,62,65,66,59,59,63,53,53,37,45,51,60,59,65,75,75,69,73,47,47,47,47,75,57,0,0],"gold":149,"neow_bonus":"TEN_PERCENT_HP_BONUS","is_daily":false,"chose_seed":false,"campfire_upgraded":5,"win_rate":0.0,"timestamp":1607860617,"path_taken":["R","M","R","M","$","M","T","M","M","R","?","?","M","M","M","BOSS","R","?","?","M","R","?","T","M","$","E"],"items_purchased_type":["Card","Card","Card","Card","Card"],"build_version":"2020-11-30","purchased_purges":0,"victory":false,"max_hp_per_floor":[66,66,66,66,66,66,66,66,66,66,66,66,66,66,75,75,75,75,75,75,75,75,75,75,75,75,75,75],"card_choices":[{"not_picked":["Slimebound:SplitBruiser","Slimebound:Gluttony"],"picked":"Slimebound:SamplingLick","floor":2.0},{"not_picked":["Slimebound:SlimeBrawl","Slimebound:RollThrough"],"picked":"Slimebound:GrowthPunch","floor":4.0},{"not_picked":["Slimebound:ComboTackle","Slimebound:BestDefense"],"picked":"Slimebound:Schlurp","floor":5.0},{"not_picked":["Slimebound:RollThrough","Slimebound:ViciousTackle"],"picked":"Slimebound:SlimeTap","floor":6.0},{"not_picked":["Slimebound:LeadByExample","Slimebound:LevelUp"],"picked":"Slimebound:DuplicatedForm","floor":8.0},{"not_picked":["Slimebound:LeechingTouch","Slimebound:ComboTackle"],"picked":"Slimebound:GrowthPunch","floor":9.0},{"not_picked":["Slimebound:LeechEnergy","Slimebound:LeechingTouch"],"picked":"Slimebound:SlimeSpikes","floor":11.0},{"not_picked":["Slimebound:SplitMire","Slimebound:LivingWall"],"picked":"Slimebound:SlimeSpikes","floor":11.0},{"not_picked":["Slimebound:SplitMire","Slimebound:GoopSpray"],"picked":"Slimebound:LeechLife","floor":11.0},{"not_picked":["Slimebound:DisruptingSlam","Slimebound:LeechEnergy"],"picked":"Slimebound:RainOfGoop","floor":12.0},{"not_picked":["Slimebound:Grow","Slimebound:SplitBruiser"],"picked":"Slimebound:SplitMire","floor":13.0},{"not_picked":["Slimebound:GrowthPunch","Slimebound:ViciousTackle"],"picked":"Slimebound:MassFeed","floor":14.0},{"not_picked":["Slimebound:GrowthPunch","Slimebound:SplitAcid"],"picked":"Slimebound:RejuvenatingLick","floor":15.0},{"not_picked":["Slimebound:LeechLife","Slimebound:MassRepurpose"],"picked":"Slimebound:OozeBath","floor":16.0},{"not_picked":["Slimebound:LevelUp","Slimebound:FinishingTackle"],"picked":"Slimebound:RejuvenatingLick","floor":20},{"not_picked":["Slimebound:SplitAcid","Slimebound:GrowthPunch"],"picked":"Slimebound:Repurpose","floor":21},{"not_picked":["Slimebound:SamplingLick+1","Slimebound:FinishingTackle"],"picked":"Slimebound:SpikyOuterGoop+1","floor":25},{"not_picked":["Slimebound:GoopSpray","Slimebound:SplitMire"],"picked":"Slimebound:PrepareCrush","floor":26}],"player_experience":84283,"relics_obtained":[{"floor":2.0,"key":"LetterFromLob"},{"floor":7.0,"key":"ReplayTheSpireMod:Shallot"},{"floor":24,"key":"Replay:Multitool"}],"event_choices":[{"damage_healed":0,"gold_gain":0,"player_choice":"Ignored","damage_taken":0,"max_hp_gain":0,"max_hp_loss":0,"event_name":"NoteForYourself","floor":23,"gold_loss":0}],"is_beta":false,"boss_relics":[{"not_picked":["Replay:Wanted Poster","Kintsugi","Snecko Eye"]}],"items_purged_floors":[],"is_endless":false,"potions_floor_spawned":[8,13,14,15,16],"killed_by":"Slavers","ascension_level":0}}