{"host":"ilxricga2547gmyy","time":1607818998,"event":{"mods":["AchievementEnabler","BaseMod","Minty Spire (QoL Compilation)","Quick Restart","StSLib"],"gold_per_floor":[115,115,115,131,144,144,174,191,191,191,191,191],"floor_reached":11,"playtime":338,"items_purged":[],"score":80,"play_id":"7c253139-2359-4271-aae3-a4c3c4e65a0d","local_time":"20201213012318","is_ascension_mode":true,"campfire_choices":[{"floor":6,"key":"REST"},{"floor":10,"key":"REST"}],"circlet_count":0,"master_deck":["Strike_B","Strike_B","Strike_B","Strike_B","Defend_B","Defend_B","Defend_B","Defend_B","Zap","Dualcast","Creative AI","Capacitor","Steam","Consume","Amplify"],"relics":["Cracked Core","Cables","Singing Bowl"],"acts_visited":["Exordium"],"potions_floor_usage":[7,7,11],"damage_taken":[{"damage":18,"enemies":"Jaw Worm","floor":1,"turns":5},{"damage":14,"enemies":"2 Louse","floor":4,"turns":3},{"damage":9,"enemies":"Cultist","floor":5,"turns":5},{"damage":28,"enemies":"Gremlin Nob","floor":7,"turns":6},{"damage":17,"enemies":"Red Slaver","floor":8,"turns":4},{"damage":48,"enemies":"Lagavulin","floor":11,"turns":6}],"seed_played":"935677048680283679","potions_obtained":[{"floor":3,"key":"Explosive Potion"},{"floor":3,"key":"Block Potion"},{"floor":3,"key":"CultistPotion"},{"floor":5,"key":"Block Potion"}],"is_trial":false,"path_per_floor":["M","?","?","M","M","R","E","M","T","R","E"],"character_chosen":"DEFECT","items_purchased":[],"campfire_rested":2,"item_purchase_floors":[],"current_hp_per_floor":[57,62,62,48,39,63,35,18,18,42,0,0],"gold":191,"neow_bonus":"ONE_RANDOM_RARE_CARD","is_daily":false,"chose_seed":false,"campfire_upgraded":0,"win_rate":0.0,"timestamp":1607818998,"path_taken":["M","?","?","M","M","R","E","?","T","R","E"],"items_purchased_type":[],"build_version":"2020-11-30","purchased_purges":0,"victory":false,"max_hp_per_floor":[75,80,80,80,80,80,80,80,80,80,80,80],"card_choices":[{"not_picked":["Leap","Heatsinks"],"picked":"Capacitor","floor":1},{"not_picked":["Scrape","Reinforced Body"],"picked":"Steam","floor":4},{"not_picked":["Gash","Doom and Gloom"],"picked":"Consume","floor":5},{"not_picked":["Reprogram","Darkness"],"picked":"Amplify","floor":7},{"not_picked":["Hologram","Go for the Eyes","Beam Cell"],"picked":"SKIP","floor":8}],"player_experience":207311,"relics_obtained":[{"floor":7,"key":"Cables"},{"floor":9,"key":"Singing Bowl"}],"event_choices":[{"damage_healed":0,"gold_gain":0,"player_choice":"Donut","damage_taken":0,"max_hp_gain":5,"max_hp_loss":0,"event_name":"Big Fish","floor":2,"gold_loss":0},{"damage_healed":0,"gold_gain":0,"player_choice":"Got Potions","damage_taken":0,"max_hp_gain":0,"max_hp_loss":0,"event_name":"Lab","floor":3,"gold_loss":0}],"is_beta":false,"boss_relics":[],"items_purged_floors":[],"is_endless":false,"potions_floor_spawned":[4,5],"killed_by":"Lagavulin","ascension_level":2}}