{"host":"2461dio7vetlq1z3","time":1607860164,"event":{"mods":["AchievementEnabler","Aspiration","BaseMod","Hermit","Lobotomy","Minty Spire (QoL Compilation)","Relic Stats","Spicy Shops","StSLib","Waifu the Spire"],"gold_per_floor":[109,119,119,119,136,136,156,156,156,156,186,186,221,221,221,319,319,344,387,412,412,425,425,425],"floor_reached":23,"playtime":993,"items_purged":[],"score":338,"play_id":"c4c61bf2-0f2c-47c0-abff-bf8e2bcc254a","local_time":"20201213124924","is_ascension_mode":true,"campfire_choices":[{"data":"Zap","floor":6,"key":"SMITH"},{"floor":8,"key":"REST"},{"data":"Beam Cell","floor":10,"key":"SMITH"},{"data":"Static Discharge","floor":15,"key":"SMITH"}],"circlet_count":0,"master_deck":["AscendersBane","Strike_B","Strike_B","Strike_B","Defend_B","Defend_B","Defend_B","Defend_B","Zap+1","Dualcast","All For One","Steam Power","Ball Lightning","Beam Cell+1","Undo","Static Discharge+1","Gash","All For One","Glacier","Reprogram","Sweeping Beam"],"relics":["Cracked Core","FossilizedHelix","Mercury Hourglass","aspiration:FetidBarrel","Golden Idol","aspiration:FaultyCoupler","aspiration:PoetsPen_weak","Red Mask","PrismaticShard"],"acts_visited":["Exordium","TheCity"],"potions_floor_usage":[16,19],"damage_taken":[{"damage":8,"enemies":"Jaw Worm","floor":1,"turns":4},{"damage":3,"enemies":"Small Slimes","floor":2,"turns":3},{"damage":0,"enemies":"Cultist","floor":5,"turns":4},{"damage":7,"enemies":"3 Louse","floor":7,"turns":3},{"damage":7,"enemies":"Lagavulin","floor":11,"turns":5},{"damage":5,"enemies":"3 Sentries","floor":13,"turns":5},{"damage":6,"enemies":"Hexaghost","floor":16,"turns":7},{"damage":6,"enemies":"Chosen","floor":18,"turns":2},{"damage":17,"enemies":"Masked Bandits","floor":19,"turns":5},{"damage":0,"enemies":"Shell Parasite","floor":20,"turns":4},{"damage":0,"enemies":"Snake Plant","floor":22,"turns":2},{"damage":17,"enemies":"Book of Stabbing","floor":23,"turns":3}],"seed_played":"81196914224019107","potions_obtained":[{"floor":1,"key":"BlessingOfTheForge"},{"floor":2,"key":"ColorlessPotion"},{"floor":19,"key":"SpeedPotion"},{"floor":20,"key":"PowerPotion"}],"is_trial":false,"path_per_floor":["M","M","?","?","M","R","M","R","T","R","E","?","E","?","R","B",null,"M","?","M","?","M","E"],"character_chosen":"DEFECT","items_purchased":[],"campfire_rested":1,"item_purchase_floors":[],"current_hp_per_floor":[56,53,20,20,20,20,13,32,32,32,25,25,20,20,20,14,48,42,25,25,17,17,0,0],"gold":425,"neow_bonus":"THREE_RARE_CARDS","is_daily":false,"chose_seed":false,"campfire_upgraded":3,"win_rate":0.0,"timestamp":1607860164,"path_taken":["M","M","?","?","M","R","?","R","T","R","E","?","E","?","R","BOSS","M","?","M","?","M","E"],"items_purchased_type":[],"build_version":"2020-11-30","purchased_purges":0,"victory":false,"max_hp_per_floor":[64,64,64,64,64,64,64,64,64,64,64,59,59,59,59,59,59,59,59,59,59,59,59,59],"relic_stats":{"counters":[12,47],"Golden Idol":49,"obtain_stats":[{"aspiration:FetidBarrel":11,"Golden Idol":12,"aspiration:PoetsPen_weak":17,"Red Mask":19,"Cracked Core":0,"PrismaticShard":21,"FossilizedHelix":3,"Mercury Hourglass":9,"aspiration:FaultyCoupler":13},{"aspiration:FetidBarrel":5,"Golden Idol":5,"aspiration:PoetsPen_weak":7,"Red Mask":9,"Cracked Core":0,"PrismaticShard":10,"FossilizedHelix":2,"Mercury Hourglass":4,"aspiration:FaultyCoupler":6},{"aspiration:FetidBarrel":19,"Golden Idol":19,"aspiration:PoetsPen_weak":31,"Red Mask":38,"Cracked Core":0,"PrismaticShard":42,"FossilizedHelix":7,"Mercury Hourglass":14,"aspiration:FaultyCoupler":24}],"Mercury Hourglass":[117]},"card_choices":[{"not_picked":["Core Surge","Seek"],"picked":"All For One","floor":0},{"not_picked":["Hologram","Consume"],"picked":"Steam Power","floor":1},{"not_picked":["Cold Snap","Defragment"],"picked":"Ball Lightning","floor":2},{"not_picked":["Rebound","Stack"],"picked":"Beam Cell","floor":5},{"not_picked":["Blizzard","Defragment"],"picked":"Undo","floor":7},{"not_picked":["Ball Lightning","Loop"],"picked":"Static Discharge","floor":11},{"not_picked":["Glacier","FTL"],"picked":"Gash","floor":13},{"not_picked":["Multi-Cast","Hyperbeam"],"picked":"All For One","floor":16},{"not_picked":["Beam Cell","Force Field"],"picked":"Glacier","floor":18},{"not_picked":["Static Discharge","Steam"],"picked":"Reprogram","floor":19},{"not_picked":["Auto Shields","Steam Power","Steam"],"picked":"SKIP","floor":20},{"not_picked":["Reprogram","Rebound+1"],"picked":"Sweeping Beam","floor":21},{"not_picked":["Steam","hermit:HoleUp","Coolheaded"],"picked":"SKIP","floor":22}],"player_experience":668723,"relics_obtained":[{"floor":9,"key":"Mercury Hourglass"},{"floor":11,"key":"aspiration:FetidBarrel"},{"floor":13,"key":"aspiration:FaultyCoupler"},{"floor":19,"key":"Red Mask"},{"floor":21,"key":"PrismaticShard"}],"event_choices":[{"damage_healed":0,"gold_gain":0,"player_choice":"Success","damage_taken":33,"relics_obtained":["FossilizedHelix"],"max_hp_gain":0,"max_hp_loss":0,"event_name":"Scrap Ooze","floor":3,"gold_loss":0},{"cards_removed":["Strike_B"],"damage_healed":0,"gold_gain":0,"player_choice":"Purged","damage_taken":0,"max_hp_gain":0,"max_hp_loss":0,"event_name":"Purifier","floor":4,"gold_loss":0},{"damage_healed":0,"gold_gain":0,"player_choice":"Lose Max HP","damage_taken":0,"relics_obtained":["Golden Idol"],"max_hp_gain":0,"max_hp_loss":5,"event_name":"Golden Idol","floor":12,"gold_loss":0},{"damage_healed":0,"gold_gain":0,"player_choice":"Ignored","damage_taken":0,"max_hp_gain":0,"max_hp_loss":0,"event_name":"Liars Game","floor":14,"gold_loss":0},{"damage_healed":0,"gold_gain":0,"player_choice":"Fought Bandits","damage_taken":0,"max_hp_gain":0,"max_hp_loss":0,"event_name":"Masked Bandits","floor":19,"gold_loss":0}],"is_beta":false,"boss_relics":[{"not_picked":["Inserter","Calling Bell"],"picked":"aspiration:PoetsPen_weak"}],"items_purged_floors":[],"is_endless":false,"potions_floor_spawned":[1,2,19,20],"killed_by":"Book of Stabbing","ascension_level":14}}