{"host":"f1yp41yk4w46r4xn","time":1607819525,"event":{"mods":["AchievementEnabler","Act Like it!","BaseMod","BetterRewards","Block Reminder","Conspire","Downfall","GifTheSpireLib","Highlight Path","Hubris","Infinite Spire","Jedi Mod","Minty Spire (QoL Compilation)","Pale of the Ancients","Replay The Spire","StSLib","Stuff the Spire"],"gold_per_floor":[112,123,223,239,256,256,285,285,285,285,285,319,319,319,319,319,319],"floor_reached":16,"playtime":847,"items_purged":[],"score":144,"play_id":"25428169-a8ac-408b-a939-41e63c223c7d","local_time":"20201212223205","is_ascension_mode":true,"campfire_choices":[{"data":"FlyingSleeves","floor":6.0,"key":"SMITH"},{"floor":8.0,"key":"REST"},{"floor":10.0,"key":"REST"},{"floor":15,"key":"DIG"}],"circlet_count":0,"master_deck":["Strike_P","Strike_P","Strike_P","Strike_P","Defend_P","Defend_P","Defend_P","Defend_P","Eruption","Vigilance","Replay:Vibes","FlyingSleeves+1","WheelKick","WindmillStrike+1"],"relics":["PureWater","hubris:EmptyBottle","Lizard Tail","Lee\u0027s Waffle","TungstenRod","infinitespire:Bottled Soul","jedi:kaleidoscope"],"acts_visited":["Exordium"],"potions_floor_usage":[12,16,16],"damage_taken":[{"damage":11.0,"enemies":"Small Slimes","floor":1.0,"turns":4.0},{"damage":7.0,"enemies":"Cultist","floor":2.0,"turns":3.0},{"damage":8.0,"enemies":"conspire:RoseBush","floor":4.0,"turns":4.0},{"damage":14.0,"enemies":"Red Slaver","floor":5.0,"turns":3.0},{"damage":31.0,"enemies":"3 Sentries","floor":7.0,"turns":9.0},{"damage":31,"enemies":"Lagavulin","floor":12,"turns":7},{"damage":127,"enemies":"Hexaghost","floor":16,"turns":16}],"seed_played":"-6179685242199072997","potions_obtained":[{"floor":1.0,"key":"StancePotion"},{"floor":4.0,"key":"Swift Potion"},{"floor":5.0,"key":"StancePotion"}],"is_trial":false,"path_per_floor":["M","M","?","M","M","R","E","R","T","R","?","E","?","?","R","B"],"character_chosen":"WATCHER","items_purchased":["hubris:EmptyBottle","Fruit Juice","Lee\u0027s Waffle"],"campfire_rested":2,"item_purchase_floors":[0,0,0],"current_hp_per_floor":[70,63,63,55,41,41,10,36,36,62,62,31,60,60,60,0,0],"gold":319,"neow_bonus":"","is_daily":false,"chose_seed":false,"campfire_upgraded":1,"win_rate":0.0,"timestamp":1607819525,"path_taken":["M","M","?","?","M","R","E","R","T","R","?","E","?","?","R","BOSS"],"items_purchased_type":["Relic","Potion","Relic"],"build_version":"2020-11-30","purchased_purges":0,"victory":false,"max_hp_per_floor":[89,89,89,89,89,89,89,89,89,89,89,89,89,89,89,89,89],"card_choices":[{"not_picked":["MentalFortress","Replay:ManipulateFuture","Replay:BluntJabs"],"picked":"SKIP","floor":1.0},{"not_picked":["ForeignInfluence","FlyingSleeves"],"picked":"Replay:Vibes","floor":2.0},{"not_picked":["Crescendo","Meditate"],"picked":"FlyingSleeves","floor":4.0},{"not_picked":["MentalFortress","Adaptation"],"picked":"WheelKick","floor":5.0},{"not_picked":["EmptyBody","ForeignInfluence","FlurryOfBlows"],"picked":"SKIP","floor":7.0},{"not_picked":["Tantrum","Consecrate"],"picked":"WindmillStrike","floor":12}],"player_experience":198896,"relics_obtained":[{"floor":7.0,"key":"TungstenRod"},{"floor":12,"key":"infinitespire:Bottled Soul"},{"floor":15,"key":"jedi:kaleidoscope"}],"event_choices":[{"damage_healed":0.0,"max_hp_gain":0.0,"max_hp_loss":0.0,"gold_gain":100.0,"event_name":"Golden Shrine","player_choice":"Pray","floor":3.0,"gold_loss":0.0,"damage_taken":0.0},{"damage_healed":0,"gold_gain":0,"player_choice":"Searched \u00270\u0027 times","damage_taken":0,"max_hp_gain":0,"max_hp_loss":0,"event_name":"Dead Adventurer","floor":11,"gold_loss":0},{"damage_healed":29,"gold_gain":0,"player_choice":"Banana","damage_taken":0,"max_hp_gain":0,"max_hp_loss":0,"event_name":"Big Fish","floor":13,"gold_loss":0},{"damage_healed":0,"gold_gain":0,"player_choice":"Upgraded","damage_taken":0,"max_hp_gain":0,"max_hp_loss":0,"event_name":"Upgrade Shrine","floor":14,"gold_loss":0,"cards_upgraded":["WindmillStrike"]}],"is_beta":false,"boss_relics":[],"items_purged_floors":[],"is_endless":false,"potions_floor_spawned":[1,4,5],"killed_by":"Hexaghost","ascension_level":2}}