{"host":"er8s5flrc5z1a07t","time":1607826671,"event":{"mods":["2.2 Compatiblity","Act Like it!","Bard","BaseMod","Better Note","Better Third Choice","Downfall","Duelist Mod","Elementarium","Energized Spire","GifTheSpireLib","Hermit","Hubris","Infinite Spire","Minty Spire (QoL Compilation)","Relic Stats","Replay The Spire","Shop Mod","StSLib","Stuff the Spire","Synergy Search","The Cursed","The Disciple","The Mystic"],"gold_per_floor":[115,130,76,94,108,108,140,140,140,415,415,27,44,73,73,175,175,192,203,157,175,175,194,226,246,273,273,290,309,309,322,322,322,322],"floor_reached":33,"playtime":2226,"items_purged":["Regret"],"score":309,"play_id":"679cb9a2-8bb7-4f37-bec7-59d21fb33186","local_time":"20201212213111","is_ascension_mode":true,"campfire_choices":[{"data":"Keepsakes","floor":6,"key":"SMITH"},{"data":"Parity","floor":8,"key":"SMITH"},{"data":"Engulf","floor":11,"key":"SMITH"},{"data":"ExoVibe","floor":15,"key":"SMITH"},{"floor":27,"key":"REST"},{"floor":30,"key":"REST"},{"floor":32,"key":"REST"}],"circlet_count":0,"master_deck":["Ritenuto+1","Moderato+1","Sospirando+1","Rallentando+1","Strike_Br","Strike_Br","Strike_Br","Strike_Br","Defend_Br","Defend_Br","Defend_Br+1","Defend_Br","SecondHand","PatternShift","WindUp","Parity+1","BlueShift","ReapSow","Keepsakes+1","Engulf+1","BeatsPerMinute+1","BiteCommand","ExoVibe+11","Chronoelasticity","Moderato+1","LockedScales","LockedBlood","LockedPlans","LockedTurtyl","Recurrance","ExoVibe+1","LockedMedicine+1"],"relics":["Chronometer","Toy Ornithopter","StuffTheSpire:PointBlank","SlipperyGoo","Tiny Chest","Snecko Eye","Darkstone Periapt","Replay:Baseball"],"acts_visited":["Exordium","TheCity"],"potions_floor_usage":[7,14,16,18,23,24,29,33],"damage_taken":[{"damage":6,"enemies":"Cultist","floor":1,"turns":5},{"damage":1,"enemies":"Small Slimes","floor":2,"turns":4},{"damage":2,"enemies":"Jaw Worm","floor":4,"turns":3},{"damage":10,"enemies":"Gremlin Gang","floor":5,"turns":3},{"damage":16,"enemies":"Gremlin Nob","floor":7,"turns":4},{"damage":1,"enemies":"Red Slaver","floor":13,"turns":3},{"damage":13,"enemies":"3 Sentries","floor":14,"turns":7},{"damage":3,"enemies":"Hexaghost","floor":16,"turns":9},{"damage":16,"enemies":"3 Byrds","floor":18,"turns":7},{"damage":28,"enemies":"Chosen","floor":19,"turns":7},{"damage":1,"enemies":"Snecko","floor":21,"turns":3},{"damage":13,"enemies":"Shelled Parasite and Fungi","floor":23,"turns":4},{"damage":28,"enemies":"Nightmare","floor":24,"turns":9},{"damage":4,"enemies":"Centurion and Healer","floor":25,"turns":4},{"damage":0,"enemies":"Snake Plant","floor":28,"turns":4},{"damage":25,"enemies":"3 Cultists","floor":29,"turns":6},{"damage":9,"enemies":"Snecko","floor":31,"turns":4},{"damage":10,"enemies":"Collector","floor":33,"turns":5}],"seed_played":"-5296017538372123469","potions_obtained":[{"floor":2,"key":"BlessingOfTheForge"},{"floor":7,"key":"SpeedPotion"},{"floor":13,"key":"Regen Potion"},{"floor":14,"key":"LiquidBronze"},{"floor":19,"key":"Swift Potion"},{"floor":23,"key":"Regen Potion"},{"floor":24,"key":"SkillPotion"},{"floor":31,"key":"ColorlessPotion"}],"is_trial":false,"path_per_floor":["M","M","$","M","M","R","E","R","T","?","R","$","M","E","R","B",null,"M","M","$","M","T","M","NM","M","T","R","M","M","R","M","R","B"],"character_chosen":"CHRONO_CLASS","items_purchased":["BlueShift","BeatsPerMinute+1","SlipperyGoo","LockedBlood"],"campfire_rested":3,"item_purchase_floors":[3,12,12,20],"current_hp_per_floor":[59,58,58,56,46,46,30,30,30,30,30,30,29,35,35,37,65,49,21,21,24,24,18,16,12,12,31,37,17,36,33,52,47,47],"gold":322,"neow_bonus":"RANDOM_EVENT","is_daily":false,"chose_seed":false,"campfire_upgraded":4,"win_rate":0.0,"timestamp":1607826671,"path_taken":["M","M","?","M","M","R","E","R","T","?","R","$","M","E","R","BOSS","M","M","$","?","?","?","NM","M","T","R","M","M","R","M","R","BOSS"],"items_purchased_type":["Card","Card","Relic","Card"],"build_version":"2020-11-30","purchased_purges":1,"victory":false,"max_hp_per_floor":[65,65,65,65,65,65,65,65,65,65,65,65,65,65,65,65,65,65,65,65,65,65,65,65,65,65,65,65,65,65,65,65,65,65],"relic_stats":{"Darkstone Periapt":0,"counters":[18,91],"Snecko Eye":[91,93,88,79],"Tiny Chest":0,"obtain_stats":[{"Darkstone Periapt":22,"Replay:Baseball":24,"SlipperyGoo":12,"Chronometer":0,"Snecko Eye":17,"Tiny Chest":14,"StuffTheSpire:PointBlank":9,"Toy Ornithopter":7},{"Darkstone Periapt":11,"Replay:Baseball":13,"SlipperyGoo":5,"Chronometer":0,"Snecko Eye":8,"Tiny Chest":7,"StuffTheSpire:PointBlank":5,"Toy Ornithopter":5},{"Darkstone Periapt":55,"Replay:Baseball":68,"SlipperyGoo":19,"Chronometer":0,"Snecko Eye":38,"Tiny Chest":29,"StuffTheSpire:PointBlank":19,"Toy Ornithopter":19}],"Toy Ornithopter":30},"card_choices":[{"not_picked":["LockedBlood","BlueShift"],"picked":"WindUp","floor":1},{"not_picked":["Echoward","ShortSighted"],"picked":"Parity","floor":2},{"not_picked":["LockedMercury","WindUp"],"picked":"ReapSow","floor":4},{"not_picked":["LockedMedicine","LockedScales"],"picked":"Keepsakes","floor":5},{"not_picked":["WatchCommand","FormalWear"],"picked":"Engulf","floor":7},{"not_picked":["ReapSow","ShortSighted"],"picked":"BiteCommand","floor":13},{"not_picked":["WindUp","Stagnate"],"picked":"ExoVibe","floor":14},{"not_picked":["OracleForm","MasterKey"],"picked":"Chronoelasticity","floor":16},{"not_picked":["PrimeTime","Cuckoo"],"picked":"Tempo+1","floor":18},{"not_picked":["ExoVibe+1","BiteCommand+1"],"picked":"LockedScales","floor":19},{"not_picked":["Cuckoo","Backlash"],"picked":"LockedPlans","floor":21},{"not_picked":["AlternateTimeline","PrimeTime+1"],"picked":"LockedTurtyl","floor":23},{"not_picked":["OldTimer","ReapSow"],"picked":"Recurrance","floor":24},{"not_picked":["LockedScales","LockedAnchor","CrunchTime"],"picked":"SKIP","floor":25},{"not_picked":["LockedLightning","LockedWarPaint"],"picked":"ExoVibe+1","floor":28},{"not_picked":["HandsUpB","WindUp+1"],"picked":"LockedMedicine+1","floor":29},{"not_picked":["LockedScales+1","Tempo+1","ReapSow+1"],"picked":"SKIP","floor":31}],"player_experience":1142312,"relics_obtained":[{"floor":7,"key":"Toy Ornithopter"},{"floor":9,"key":"StuffTheSpire:PointBlank"},{"floor":14,"key":"Tiny Chest"},{"floor":22,"key":"Darkstone Periapt"},{"floor":24,"key":"Replay:Baseball"}],"event_choices":[{"damage_healed":0,"gold_gain":275,"player_choice":"Desecrate","damage_taken":0,"max_hp_gain":0,"max_hp_loss":0,"event_name":"Golden Shrine","floor":10,"gold_loss":0,"cards_obtained":["Regret"]}],"is_beta":false,"boss_relics":[{"not_picked":["Tiny House","Empty Cage"],"picked":"Snecko Eye"}],"items_purged_floors":[12],"is_endless":true,"potions_floor_spawned":[2,7,13,14,19,23,24,31],"killed_by":"Collector","ascension_level":2}}