{"host":"vmgez208jp8v3hrj","time":1607861673,"event":{"mods":["BaseMod","Downfall","Lobotomy","LobotomyExtend","Minty Spire (QoL Compilation)","Quick Restart","Replay The Spire","StSLib"],"gold_per_floor":[99,99,118,118,118,118,118,118,22,22,39,54,111,51,62,62,62],"floor_reached":16,"playtime":830,"items_purged":[],"score":88,"play_id":"01211674-7b48-47d5-ab9a-8c94736ac802","local_time":"20201213141433","is_ascension_mode":false,"campfire_choices":[{"data":"Guardian:CurlUp","floor":1.0,"key":"SMITH"},{"data":"Guardian:TwinSlam","floor":5.0,"key":"SMITH"},{"floor":8.0,"key":"RECALL"},{"data":"Guardian:WalkerClaw","floor":10.0,"key":"SMITH"}],"circlet_count":0,"master_deck":["Guardian:Strike_Guardian","Guardian:Strike_Guardian","Guardian:Defend_Guardian","Guardian:Defend_Guardian","Guardian:Defend_Guardian","Guardian:CurlUp+1","Guardian:TwinSlam+1","Guardian:GuardianWhirl","Guardian:WalkerClaw+1","Guardian:PrismaticBeam","Guardian:RefractedBeam","Guardian:ArmoredProtocol","Guardian:Gem_Lightblue","Guardian:Gem_Cyan"],"relics":["Guardian:ModeShifter","LetterFromLob","Replay:Bottled Snecko","Art of War"],"acts_visited":["Exordium"],"potions_floor_usage":[],"damage_taken":[{"damage":0.0,"enemies":"Small Slimes","floor":3.0,"turns":3.0},{"damage":10.0,"enemies":"downfall:FleeingMerchant","floor":9.0,"turns":4.0},{"damage":0,"enemies":"2 Louse","floor":11,"turns":1},{"damage":4,"enemies":"Cultist","floor":12,"turns":3},{"damage":40,"enemies":"Lagavulin Event","floor":13,"turns":7},{"damage":1,"enemies":"downfall:FleeingMerchant","floor":14,"turns":4},{"damage":12,"enemies":"3 Louse","floor":15,"turns":2},{"damage":21,"enemies":"downfall:Defect","floor":16,"turns":4}],"seed_played":"2038894490217371789","potions_obtained":[{"floor":12,"key":"Energy Potion"}],"is_trial":false,"path_per_floor":["R","?","M","?","R","?","T","R","$","R","M","M","?","$","M","B"],"character_chosen":"GUARDIAN","items_purchased":["Guardian:WalkerClaw","Guardian:Gem_Red","Guardian:Gem_Lightblue"],"campfire_rested":0,"item_purchase_floors":[9,9,14],"current_hp_per_floor":[88,88,88,88,88,88,88,88,78,78,78,74,34,33,21,0,0],"gold":62,"neow_bonus":"TEN_PERCENT_HP_BONUS","is_daily":false,"chose_seed":false,"campfire_upgraded":3,"win_rate":0.0,"timestamp":1607861673,"path_taken":["R","?","M","?","R","?","T","R","$","R","?","M","?","$","M","BOSS"],"items_purchased_type":["Card","Card","Card"],"build_version":"2020-11-30","purchased_purges":0,"victory":false,"max_hp_per_floor":[88,88,88,88,88,88,88,88,88,88,88,88,88,88,88,88,88],"card_choices":[{"not_picked":["Guardian:PiercingHide","Guardian:Planning"],"picked":"Guardian:Gem_Green","floor":3.0},{"not_picked":["Guardian:TemporalShield","Guardian:BronzeOrb"],"picked":"Guardian:GuardianWhirl","floor":9.0},{"not_picked":["Guardian:ChargeCore","Guardian:PrimingBeam","Guardian:ChargeUp"],"picked":"SKIP","floor":11},{"not_picked":["Guardian:Recover","Guardian:PolyBeam"],"picked":"Guardian:PrismaticBeam","floor":12},{"not_picked":["Guardian:TemporalStrike","Guardian:PrimingBeam"],"picked":"Guardian:RefractedBeam","floor":13},{"not_picked":["Guardian:GuardianWhirl","Guardian:Recover"],"picked":"Guardian:ArmoredProtocol","floor":14},{"not_picked":["Guardian:TemporalStrike","Guardian:MultiBeam"],"picked":"Guardian:Gem_Cyan","floor":15}],"player_experience":86819,"relics_obtained":[{"floor":3.0,"key":"LetterFromLob"},{"floor":7.0,"key":"Replay:Bottled Snecko"},{"floor":13,"key":"Art of War"}],"event_choices":[{"cards_removed":["Guardian:Defend_Guardian"],"damage_healed":0.0,"max_hp_gain":0.0,"max_hp_loss":0.0,"gold_gain":0.0,"event_name":"Bonfire Elementals","player_choice":"Offered Basic","floor":6.0,"gold_loss":0.0,"damage_taken":0.0}],"is_beta":false,"boss_relics":[],"items_purged_floors":[],"is_endless":false,"potions_floor_spawned":[12],"killed_by":"downfall:Defect","ascension_level":0}}