{"host":"jtxptf9isiqyc7jm","time":1607879718,"event":{"mods":["Act Like it!","BaseMod","Bestiary","BetterRewards","Colored Powertips","Custom Start","Downfall","Friendly Minions","Hermit","Hubris","Infinite Spire","Jorbs\u0027s Wanderer Trilogy","Kiyohime????","Koishi","Lobotomy","Marisa????????","Minty Spire (QoL Compilation)","Prisma Mod","Remilia??????","Replay The Spire","Shop Mod","StSLib","The Construct","The Cursed","The Disciple","The Hierophant","The Jungle","The Runesmith","The Senshi","The Servant 0.9.4"],"gold_per_floor":[429,429,435,243,293,382,382,382,382,531,510,652,455,601,601,703,703],"floor_reached":16,"playtime":1975,"items_purged":[],"score":374,"play_id":"0c3cb89b-9dc6-4474-96d0-a120876a510e","local_time":"20201213171518","daily_mods":["Vintage","Heirloom","Time Dilation","DeadlyEvents","Elite Swarm","Lethality","Midas"],"is_ascension_mode":false,"campfire_choices":[{"floor":8,"key":"REST"},{"floor":15,"key":"DIG"}],"circlet_count":0,"master_deck":["Demon Form","Wraith Form v2","Echo Form","DevaForm","stsjorbsmod:ArcaneForm","hexamod:ParanormalForm","construct:SiegeForm","OracleForm","sneckomod:SerpentMind","FlawlessForm","Guardian:ConstructionForm","stsjorbsmod:WastingForm","Slimebound:DuplicatedForm","Runesmith:CreatorForm","BatForm","Panache+1","Runesmith:EnergizedChisel+1","Chaos","hierophant:BulkyChest","Guardian:GemFinder+1","Fire Breathing+1","Fire Breathing+1","Koishi:TerrifyingSpectre+1","Replay:SS_hec_2+1","DevaForm+1","Guardian:Gem_Green","Guardian:Gem_Green","Slimebound:Recycling+1"],"relics":["Runesmith:BrokenRuby","Ring of Chaos","replay:Trail_Library","Du-Vu Doll","Black Star","hierophant:DonationBoxRelic","Runesmith:EmergencyProvisions","Replay:Wax Seal","Replay:WaspNest","hubris:SoftwareUpdate","Question Card","PreservedInsect","hubris:Potato","MysticCrockPot","Runesmith:CoreCrystal","Chemical X","Runesmith:AutoHammer","ReplayTheSpireMod:Onyx Gauntlets","ReplayFunnel","Durian","Mirror","Happy Flower","Ice Cream","King of Hearts","hubris:IronBody","sneckomod:LoadedDie","Runesmith:MiniCore","hubris:ScarierMask","SlipperyGoo","Tiny Chest","Boot","Torii","SlaversCollar","Shuriken","SacredBark","Replay:Rubber Ducky","Quantum Egg","Potion Belt","Pondfish Scales","Pen Nib","Pear","Paper Frog","Paper Crane","Orichalcum","Old Coin","Runesmith:Nanobots","infinitespire:Midas Blood","Membership Card","Medical Kit","hubris:MedicalManual","Mango","Magic Flower","infinitespire:Lucky Rock","Runesmith:Locket","ReplayTheSpireMod:Lightbulb","Lantern","Inserter","Juzu Bracelet","Gremlin Horn","Frozen Eye","FairyMaid","Counterbalance","Calipers","Byrd Skull","Bronze Scales","Replay:Bandana","hubris:64BitClover","White Beast Statue","Unceasing Top","Blue Doll","Strawberry","hermit:Spyglass","m_SpellCore","Strange Spoon","infinitespire:SolderingIron","Solar Panel","m_SnakeBloodCore","Smiling Mask","Sling","hubris:SlimyHat","PrismaMod:PrismaSapphire","PrismaMod:PrismaRuby","stsjorbsmod:ShadowRelic","hubris:RGBLights","Regal Pillow","Raider\u0027s Mask","PrismaticShard","Paper Turtyl","m_GuardianBlood","OrangePellets","Nuclear Battery","hubris:MobiusCoin","Lizard Tail","Lee\u0027s Waffle","PrismaMod:PrismaTraceOn","Iron Core","hermit:Horseshoe","stsjorbsmod:GrimoireRelic","hubris:FunFungus","Geode","Replay:Frozen Program","infinitespire:Freezer","stsjorbsmod:MindPalaceRelic","stsjorbsmod:MindGlassRelic","Cracked Core","stsjorbsmod:BookOfTrialsRelic","hubris:TenFootPole","Replay:Accelerometer","Anchor","Bag of Preparation","Vajra","Pet Ghost","MerchantsRug","Blood Vial","Whetstone","hubris:PeanutButter","m_RuneBlood","Frozen Egg 2","Girya","infinitespire:PuzzleCube","Art of War","Bag of Marbles","DollysMirror","Chameleon Ring","TungstenRod","Guardian:PocketSentry"],"acts_visited":["Exordium"],"potions_floor_usage":[],"damage_taken":[{"damage":0,"enemies":"2 Louse","floor":1,"turns":1},{"damage":0,"enemies":"Jaw Worm","floor":5,"turns":2},{"damage":0,"enemies":"Replay:BlueRogue","floor":6,"turns":2},{"damage":0,"enemies":"3 Sentries","floor":10,"turns":4},{"damage":0,"enemies":"Lagavulin","floor":12,"turns":1},{"damage":0,"enemies":"Replay:BlueRogue","floor":14,"turns":4},{"damage":0,"enemies":"Fading Forest","floor":16,"turns":3}],"seed_played":"8076030113616660510","potions_obtained":[{"floor":1,"key":"Regen Potion"},{"floor":5,"key":"BlessingOfTheForge"},{"floor":6,"key":"SkillPotion"}],"is_trial":true,"path_per_floor":["M","?","?","$","M","E","?","R","T","E","$","E","$","E","R","B"],"character_chosen":"RUNESMITH_CLASS","items_purchased":["Chaos","Pet Ghost","MerchantsRug","Fire Breathing+1","Replay:SS_hec_2+1","Bag of Marbles","DollysMirror"],"campfire_rested":1,"item_purchase_floors":[4,4,4,11,13,13,13],"current_hp_per_floor":[113,113,108,108,113,113,113,113,113,113,113,113,113,113,113,113,113],"gold":703,"neow_bonus":"","is_daily":false,"chose_seed":false,"campfire_upgraded":0,"win_rate":0.0,"timestamp":1607879718,"path_taken":["M","?","?","$","M","E","?","R","T","E","$","E","$","E","R","BOSS"],"items_purchased_type":["Card","Relic","Relic","Card","Card","Relic","Relic"],"build_version":"2020-11-30","purchased_purges":0,"victory":false,"max_hp_per_floor":[113,113,113,113,113,113,113,113,113,113,113,113,113,113,113,113,113],"card_choices":[{"not_picked":["Slimebound:OozeBath","Koishi:ImGoingToCallYouNow","stsjorbsmod:GatherPower"],"picked":"hierophant:BulkyChest","floor":6},{"not_picked":["StarDustReverie","PrismaMod:ChloeUnlimitedBladeWorks","Exhume"],"picked":"Guardian:GemFinder+1","floor":10},{"not_picked":["Guardian:FierceBash","Wraith Form v2+1","hierophant:Levitation"],"picked":"Koishi:TerrifyingSpectre+1","floor":12},{"not_picked":["Guardian:Gem_Cyan","Guardian:Gem_Lightblue"],"picked":"Guardian:Gem_Green","floor":14},{"not_picked":["Guardian:Gem_Red","Guardian:Gem_Lightblue"],"picked":"Guardian:Gem_Green","floor":14},{"not_picked":["TheCursedMod:AntiAging","Runesmith:LastStand","KillingBlow"],"picked":"Slimebound:Recycling+1","floor":14}],"player_experience":79786,"relics_obtained":[{"floor":1,"key":"Bag of Preparation"},{"floor":5,"key":"Blood Vial"},{"floor":6,"key":"Whetstone"},{"floor":6,"key":"hubris:PeanutButter"},{"floor":9,"key":"Frozen Egg 2"},{"floor":10,"key":"Girya"},{"floor":10,"key":"infinitespire:PuzzleCube"},{"floor":12,"key":"Art of War"},{"floor":14,"key":"Chameleon Ring"},{"floor":14,"key":"TungstenRod"},{"floor":15,"key":"Guardian:PocketSentry"}],"event_choices":[{"damage_healed":0,"gold_gain":0,"player_choice":"Success","damage_taken":12,"relics_obtained":["Vajra"],"max_hp_gain":0,"max_hp_loss":0,"event_name":"Scrap Ooze","floor":3,"gold_loss":0}],"is_beta":false,"boss_relics":[],"items_purged_floors":[],"is_endless":false,"potions_floor_spawned":[1,5,6],"killed_by":"Fading Forest","ascension_level":0}}