{"host":"usewcu4ohw2wtmxk","time":1607900908,"event":{"mods":["AchievementEnabler","BaseMod","BetterRewards","Colored Powertips","Minty Spire (QoL Compilation)","Permanent Neow","Quick Restart","Relic Sorter","Relic Stats","Shop Mod","StSLib","UnlockEverythingMod"],"gold_per_floor":[119,139,159,159,159,159,180,221,221,241,241,275,42,81,81,174,174,199,217,217,241,37,37,37],"floor_reached":23,"playtime":401,"items_purged":["Defend_P"],"score":522,"play_id":"5ce0edf6-98e6-494f-a3da-d50f71df19b5","local_time":"20201214070828","is_ascension_mode":true,"campfire_choices":[{"data":"Eruption","floor":6.0,"key":"SMITH"},{"data":"Ragnarok","floor":11.0,"key":"SMITH"},{"data":"Adaptation","floor":15.0,"key":"SMITH"}],"circlet_count":0,"master_deck":["AscendersBane","Strike_P","Strike_P","Strike_P","Strike_P","Defend_P","Eruption+1","Vigilance","Conclude","Ragnarok+1","Adaptation+1","InnerPeace","Halt","ClearTheMind","Apotheosis"],"relics":["Runic Pyramid","Golden Idol","Letter Opener","Pear","Molten Egg 2","Lantern","Bottled Tornado","Fusion Hammer"],"acts_visited":["Exordium","TheCity"],"potions_floor_usage":[],"damage_taken":[{"damage":0.0,"enemies":"Cultist","floor":1.0,"turns":3.0},{"damage":0.0,"enemies":"Jaw Worm","floor":2.0,"turns":3.0},{"damage":5.0,"enemies":"2 Louse","floor":3.0,"turns":2.0},{"damage":0.0,"enemies":"Looter","floor":7.0,"turns":2.0},{"damage":2.0,"enemies":"Lagavulin","floor":8.0,"turns":7.0},{"damage":0.0,"enemies":"Large Slime","floor":10.0,"turns":3.0},{"damage":0.0,"enemies":"Gremlin Nob","floor":12.0,"turns":2.0},{"damage":0.0,"enemies":"Lagavulin","floor":14.0,"turns":4.0},{"damage":23.0,"enemies":"Slime Boss","floor":16.0,"turns":4.0},{"damage":2.0,"enemies":"Chosen","floor":18.0,"turns":3.0},{"damage":0,"enemies":"Spheric Guardian","floor":19,"turns":3},{"damage":0,"enemies":"Chosen and Byrds","floor":21,"turns":3},{"damage":0,"enemies":"Slavers","floor":23,"turns":1}],"seed_played":"7961113375812951267","potions_obtained":[{"floor":1.0,"key":"EntropicBrew"},{"floor":3.0,"key":"Weak Potion"},{"floor":7.0,"key":"ColorlessPotion"},{"floor":8.0,"key":"Block Potion"}],"is_trial":false,"path_per_floor":["M","M","M","?","?","R","M","E","T","M","R","E","$","E","R","B",null,"M","M","?","M","$","E"],"character_chosen":"WATCHER","items_purchased":["Lantern","Apotheosis"],"campfire_rested":0,"item_purchase_floors":[13,22],"current_hp_per_floor":[61,61,56,56,61,61,61,59,69,69,69,69,69,69,69,46,69,67,67,67,67,67,67,67],"gold":37,"neow_bonus":"BOSS_RELIC","is_daily":false,"chose_seed":false,"campfire_upgraded":3,"win_rate":0.0,"timestamp":1607900908,"path_taken":["M","M","M","?","?","R","?","E","T","M","R","E","$","E","R","BOSS","M","M","?","M","$","E"],"items_purchased_type":["Relic","Card"],"build_version":"2020-11-30","purchased_purges":1,"victory":false,"max_hp_per_floor":[68,68,68,62,67,67,67,67,77,77,77,77,77,77,77,77,77,77,77,77,77,77,77,77],"relic_stats":{"counters":[13,39],"Golden Idol":64,"Letter Opener":[5],"obtain_stats":[{"Lantern":13,"Pear":9,"Golden Idol":4,"Molten Egg 2":12,"Fusion Hammer":17,"Letter Opener":8,"PureWater":0,"Bottled Tornado":14,"Runic Pyramid":0},{"Lantern":7,"Pear":5,"Golden Idol":3,"Molten Egg 2":7,"Fusion Hammer":9,"Letter Opener":5,"PureWater":0,"Bottled Tornado":8,"Runic Pyramid":0},{"Lantern":22,"Pear":17,"Golden Idol":8,"Molten Egg 2":22,"Fusion Hammer":30,"Letter Opener":17,"PureWater":0,"Bottled Tornado":26,"Runic Pyramid":0}]},"card_choices":[{"not_picked":["ForeignInfluence","SignatureMove","Worship"],"picked":"SKIP","floor":1.0},{"not_picked":["Consecrate","Worship"],"picked":"Conclude","floor":2.0},{"not_picked":["Nirvana","Crescendo","ThirdEye"],"picked":"SKIP","floor":3.0},{"not_picked":["WindmillStrike","Halt","SashWhip"],"picked":"SKIP","floor":7.0},{"not_picked":["CrushJoints","Vengeance"],"picked":"Ragnarok","floor":8.0},{"not_picked":["Study","JustLucky","Pray"],"picked":"SKIP","floor":10.0},{"not_picked":["FlyingSleeves+1","DeusExMachina"],"picked":"Adaptation","floor":12.0},{"not_picked":["WindmillStrike+1","PathToVictory","ClearTheMind"],"picked":"SKIP","floor":14.0},{"not_picked":["CutThroughFate+1","Consecrate+1"],"picked":"InnerPeace","floor":18.0},{"not_picked":["Perseverance+1","Consecrate+1","Indignation"],"picked":"SKIP","floor":19},{"not_picked":["SashWhip+1","ThirdEye","Indignation"],"picked":"SKIP","floor":21}],"player_experience":252178,"relics_obtained":[{"floor":8.0,"key":"Letter Opener"},{"floor":9.0,"key":"Pear"},{"floor":12.0,"key":"Molten Egg 2"},{"floor":14.0,"key":"Bottled Tornado"}],"event_choices":[{"damage_healed":0.0,"max_hp_gain":0.0,"max_hp_loss":6.0,"gold_gain":0.0,"event_name":"Golden Idol","player_choice":"Lose Max HP","floor":4.0,"gold_loss":0.0,"damage_taken":0.0,"relics_obtained":["Golden Idol"]},{"damage_healed":0.0,"max_hp_gain":5.0,"max_hp_loss":0.0,"gold_gain":0.0,"event_name":"Big Fish","player_choice":"Donut","floor":5.0,"gold_loss":0.0,"damage_taken":0.0},{"damage_healed":0,"gold_gain":0,"cards_transformed":["Defend_P","Defend_P"],"player_choice":"Became Test Subject","damage_taken":0,"max_hp_gain":0,"max_hp_loss":0,"event_name":"Drug Dealer","floor":20,"gold_loss":0,"cards_obtained":["Halt","ClearTheMind"]}],"is_beta":false,"boss_relics":[{"not_picked":["Snecko Eye","Ectoplasm"],"picked":"Fusion Hammer"}],"items_purged_floors":[13],"is_endless":false,"potions_floor_spawned":[1,3,7,8,14,18],"killed_by":"Slavers","ascension_level":20}}