{"host":"9jbduwjxg0e72hbg","time":1607857201,"event":{"mods":["AchievementEnabler","Act Like it!","Aspiration","BaseMod","Better Match","Better Skull","Better Third Choice","BetterRewards","Conspire","Downfall","Elementarium","Energized Spire","Gensokyo","GifTheSpireLib","Gold Saver","GungeonMod","Hallownest","Hubris","Infinite Spire","Jedi Mod","Marisa????????","Menagerie","Minty Spire (QoL Compilation)","Pale of the Ancients","Replay The Spire","SCP261 Mod","Shop Mod","Spicy Shops","StSLib","Stuff the Spire","The Animator","The Blue Laboratory","The Gatherer","Wandering Minibosses","vexMod"],"gold_per_floor":[1584,1683,1764,1863,1788,1872,1872,1971,2076,2169,804,804,804,804,900,1203,1203,1203,1290,1458,628,60,597,597,978,1371,1731,1761,1786,1879,1871,1949,1979,2282,2282,2282,2594,2594,3251,3563,3044,3044,3380,3305,3674,3653,3050,2975,2975,3008,3008],"floor_reached":52,"playtime":7274,"items_purged":["hexamod:Defend","hexamod:Defend+1","hexamod:PhantomCloak","hexamod:GhostShield+1","hexamod:GhostOfSpirePresent+1","hexamod:GhostLash","hexamod:NightmareStrike","hexamod:GhostLash+1","hexamod:Strike+1","hexamod:Defend+1","hexamod:Strike+1","hexamod:Defend+1","hexamod:Strike+1","hexamod:ShieldOfDarkness+1","hexamod:HeatMetal+1"],"score":1888,"play_id":"a5b74f64-46f4-4e8f-aad3-7fd2e4b172ba","local_time":"20201213030001","daily_mods":["Heirloom","Flight","downfall:ChampStances","downfall:Lament","DeadlyEvents","Elite Swarm","Midas","Binary"],"is_ascension_mode":true,"campfire_choices":[{"floor":1,"key":"RECALL"},{"data":"hexamod:Strike","floor":5,"key":"PURGE"},{"data":"vexMod:UltimateCard","floor":14,"key":"PURGE"},{"data":"Voices","floor":36,"key":"PURGE"},{"data":"hexamod:GhostLash","floor":44,"key":"PURGE"}],"circlet_count":0,"master_deck":["hexamod:Sear+1","hexamod:Float+1","hexamod:VolcanoVisage+1","hexamod:ApocalypseNow+1","hexamod:VolcanoVisage+1","hexamod:RadiantFlame+1","hexamod:EmpoweringStance+1","hexamod:SoulSteal+1","hexamod:BurningTouch+1","hexamod:SearingWound+1","animator:Shiro+1","hexamod:VolcanoVisage+1","hexamod:SearingWound+1","hexamod:SixthSeal","hexamod:EmpoweringStance","hexamod:DynamicBlow","hexamod:EmpoweredFlame+1","animator:OrigamiTobiichi+1","animator:Demiurge","hexamod:Toasty+1","hexamod:PhantomFireball+2","hexamod:WildfireWeapon+1","animator:Guren","hexamod:TimeOfNeed+1","hexamod:SixthSeal","animator:Eris+1","hexamod:FourthSeal","hexamod:FifthSeal","animator:Boros+1","hexamod:ShieldOfDarkness+1","hexamod:FirstSeal","hexamod:RainOfEmbers+1","hexamod:ShieldOfDarkness+1","hexamod:SecondSeal","infinitespire:Starlight","hexamod:WildfireWeapon","hexamod:UnlimitedPower+1","hexamod:VolcanoVisage+1","hexamod:Incineration+2","hexamod:VolcanoVisage+1"],"relics":["hexamod:SpiritBrand","Busted Crown","Ring of Chaos","Coffee Dripper","jedi:battlestandard","champ:ChampStancesModRelic","NeowsBlessing","hubris:Teleporter","Question Card","Peace Pipe","Nunchaku","animator:PurgingStone","Replay:Rubber Ducky","Sundial","jedi:maincommand","downfall:HeartBlessingRed","vexMod:HeadHunter","hexamod:InflammatoryLetter","StuffTheSpire:DarkSteelAnvil","aspiration:TomeofQuesting","hexamod:MatchstickCase","Membership Card","Chemical X","Singing Bowl","animator:Hoodie","DemoMod:LamentConfigurum","DemoMod:SilverBullets","hubris:DisguiseKit","jedi:arcanewood","Black Star","Ring of Searing","ReplayTheSpireMod:Ring of Collecting","ReplayTheSpireMod:Ring of Challenge","Mummified Hand","jedi:heavyjacket","DemoMod:GlassGuonStoneRelic","Matryoshka","conspire:Dentures","Frozen Eye","vexMod:Spyglass","conspire:InfiniteJournal","hubris:CrystalStatue","StuffTheSpire:TintedRock","hubris:TenFootPole","MerchantsRug","ReplayTheSpireMod:ShopPack","animator:OldCoffin","hubris:CuriousFeather","Unceasing Top","DemoMod:NanoMachines","Shovel","hexamod:TheBrokenSeal","Blue Candle","Ring of Hypnosis","jedi:cryingmask","HandmadeGrimoire","StuffTheSpire:Tea","Replay:Baseball","Replay:Wax Seal","hubris:TinFlute","Pear","Vampiric Spirits","Chameleon Ring","aspiration:MysteriousAuxiliaryCore","ReplayTheSpireMod:Ring of Exchange","Smiling Mask","Tiny Chest","TungstenRod","hexamod:TheBrokenSeal","energizedSpire:NeverEndingSparkler","aspiration:RunicSpoon","DemoMod:WaxWing","jedi:leech","Whetstone","hubris:FruitBowl","DemoMod:PinkGuonStone","Strange Spoon","ReplayTheSpireMod:EnergyBall","aspiration:HatOfInfinitePower","hubris:KleinBottle","Mirror","Juzu Bracelet","aspiration:HummingbirdHeart","animator:AlchemistGlove","Bottled Lightning","Pen Nib","DemoMod:Metronome","SCP261:SadistsTumblerRelic","Medical Kit","aspiration:EnhancedActuators","StuffTheSpire:Experiment12","Ring of Fangs","infinitespire:Joker Card","aspiration:Legacy_Headhunter","DemoMod:MonsterBlood","downfall:HeartBlessingGreen","hubris:MedicalManual","StuffTheSpire:Mouthbags","Counterbalance","HandDrill","Guide Book","infinitespire:Bottled Soul","Old Coin","aspiration:HiddenCompartment","Toolbox","TheAbacus","Replay:Bottled Snecko","Oddly Smooth Stone","Gatherer:MistGenerator","Omamori"],"acts_visited":["Exordium","Menagerie:Menagerie","TheBeyond"],"potions_floor_usage":[8,8,11,16,16,16,21,25,34,34],"damage_taken":[{"damage":0,"enemies":"Menagerie:VoidReaper","floor":2,"turns":1},{"damage":0,"enemies":"Menagerie:MaskedSummoner","floor":3,"turns":1},{"damage":0,"enemies":"Menagerie:VoidReaper","floor":4,"turns":1},{"damage":0,"enemies":"Menagerie:MaskedSummoner","floor":6,"turns":4},{"damage":0,"enemies":"Menagerie:Hydra","floor":8,"turns":3},{"damage":6,"enemies":"Menagerie:MaskedSummoner","floor":9,"turns":5},{"damage":6,"enemies":"Menagerie:VoidReaper","floor":10,"turns":4},{"damage":6,"enemies":"downfall:FleeingMerchant","floor":11,"turns":4},{"damage":6,"enemies":"Menagerie:Hydra","floor":15,"turns":3},{"damage":6,"enemies":"downfall:Silent","floor":16,"turns":3},{"damage":20,"enemies":"Elementarium:ElementalPortal","floor":19,"turns":5},{"damage":7,"enemies":"Elementarium:FIRE_NOBILITY","floor":20,"turns":6},{"damage":0,"enemies":"downfall:FleeingMerchant","floor":21,"turns":4},{"damage":0,"enemies":"downfall:FleeingMerchant","floor":22,"turns":2},{"damage":0,"enemies":"Elementarium:WarGolem","floor":23,"turns":4},{"damage":10,"enemies":"Elementarium:ElementalPortal","floor":25,"turns":4},{"damage":20,"enemies":"Elementarium:FIRE_NOBILITY","floor":26,"turns":4},{"damage":16,"enemies":"Elementarium:ElementalPortal","floor":27,"turns":5},{"damage":3,"enemies":"Elementarium:2_ELEMENTALS","floor":28,"turns":1},{"damage":5,"enemies":"Menagerie:Chimera","floor":30,"turns":3},{"damage":12,"enemies":"Elementarium:MUD_AND_TAR_GOLEMS","floor":32,"turns":5},{"damage":2,"enemies":"Elementarium:STONE_GOLEMS","floor":33,"turns":1},{"damage":4,"enemies":"downfall:Ironclad","floor":34,"turns":3},{"damage":0,"enemies":"R_Hoarder","floor":37,"turns":1},{"damage":6,"enemies":"Giant Head","floor":39,"turns":3},{"damage":0,"enemies":"R_Hoarder","floor":40,"turns":3},{"damage":0,"enemies":"Reptomancer","floor":43,"turns":1},{"damage":0,"enemies":"R_Hoarder","floor":45,"turns":2},{"damage":2,"enemies":"3 Shapes","floor":50,"turns":1},{"damage":6,"enemies":"downfall:Defect","floor":51,"turns":1}],"seed_played":"8831846186065263885","potions_obtained":[{"floor":2,"key":"Fire Potion"},{"floor":6,"key":"Energy Potion"},{"floor":8,"key":"FearPotion"},{"floor":10,"key":"Swift Potion"},{"floor":11,"key":"Reflective Coating"},{"floor":15,"key":"ColorlessPotion"},{"floor":16,"key":"blueLaboratory:FruitPreserves"},{"floor":20,"key":"Fruit Juice"},{"floor":21,"key":"SCP261:ClockworkPotion"},{"floor":23,"key":"blueLaboratory:FruitPunch"},{"floor":26,"key":"blueLaboratory:EnragingPotion"},{"floor":27,"key":"SCP261:SweetSwarmPotion"},{"floor":27,"key":"blueLaboratory:FruitPreserves"},{"floor":28,"key":"blueLaboratory:ImpenetrablePotion"},{"floor":32,"key":"blueLaboratory:StoneskinPotion"},{"floor":34,"key":"blueLaboratory:BottleOfVodka"},{"floor":34,"key":"SCP261:DietGhostPotion"}],"is_trial":true,"path_per_floor":["R","E","E","E","R","E","T","E","E","E","$","?","?","R","E","B",null,"R","E","E","$","$","E","T","E","E","E","M","T","?","?","M","M","B",null,"R","E","$","E","E","$","T","E","R","E","$","$","?","AVR","M","B",null],"character_chosen":"THE_SPIRIT","items_purchased":["hexamod:BurningTouch","jedi:command_shop","jedi:command_shop","jedi:command_uncommon","jedi:command_uncommon","jedi:command_common","jedi:command_uncommon","hexamod:EmpoweredFlame","hexamod:Incineration","jedi:command_shop","jedi:command_shop","jedi:command_rare","jedi:command_uncommon","jedi:command_common","jedi:command_common","MerchantsRug","jedi:command_shop","jedi:command_shop","hexamod:PhantomCloak","hexamod:NightmareStrike","hexamod:GhostLash","jedi:command_uncommon","jedi:command_rare","jedi:command_rare","jedi:command_rare","hubris:FruitBowl","jedi:command_uncommon","jedi:command_shop","jedi:command_shop","jedi:command_rare","hubris:KleinBottle","hexamod:GhostLash","jedi:command_common","jedi:command_common","jedi:command_shop","jedi:command_shop","jedi:command_common","jedi:command_common","jedi:command_rare","jedi:command_shop","jedi:command_shop","jedi:command_uncommon","jedi:command_rare","jedi:command_common","jedi:command_shop","jedi:command_shop","jedi:command_uncommon","jedi:command_common","jedi:command_common","jedi:command_common"],"campfire_rested":0,"item_purchase_floors":[11,11,11,11,11,11,11,21,21,21,21,21,21,21,21,21,22,22,22,22,22,22,22,22,22,38,38,38,38,38,38,41,41,41,41,41,41,41,46,46,46,46,46,46,47,47,47,47,47,47],"current_hp_per_floor":[70,70,70,70,70,70,70,70,64,58,52,52,12,12,6,8,70,70,52,47,57,66,106,106,107,107,103,114,114,126,126,140,142,146,146,146,153,8,62,116,116,116,133,133,161,161,168,171,171,211,219],"gold":3008,"neow_bonus":"","is_daily":false,"chose_seed":false,"campfire_upgraded":0,"win_rate":0.0,"timestamp":1607857201,"path_taken":["R","E","E","E","R","E","T","E","E","E","$","?","?","?","?","BOSS","R","E","E","$","?","E","T","E","E","E","M","?","?","?","M","M","BOSS","R","E","?","E","E","?","T","E","R","E","?","$","?","AVR","M","BOSS"],"items_purchased_type":["Card","Relic","Relic","Relic","Relic","Relic","Relic","Card","Card","Relic","Relic","Relic","Relic","Relic","Relic","Relic","Relic","Relic","Card","Card","Card","Relic","Relic","Relic","Relic","Relic","Relic","Relic","Relic","Relic","Relic","Card","Relic","Relic","Relic","Relic","Relic","Relic","Relic","Relic","Relic","Relic","Relic","Relic","Relic","Relic","Relic","Relic","Relic","Relic"],"build_version":"2020-11-30","purchased_purges":15,"victory":true,"max_hp_per_floor":[70,70,70,70,70,70,70,70,70,70,70,70,70,70,70,70,70,70,72,74,84,93,106,106,110,120,122,122,122,126,126,140,142,146,146,146,153,163,169,179,179,179,196,196,206,206,213,216,216,219,219],"card_choices":[{"not_picked":[],"picked":"hexamod:VolcanoVisage","floor":2},{"not_picked":[],"picked":"hexamod:SixthSeal","floor":3},{"not_picked":[],"picked":"hexamod:SixthSeal","floor":4},{"not_picked":[],"picked":"hexamod:GhostOfSpirePresent","floor":6},{"not_picked":["hexamod:ParanormalForm"],"picked":"hexamod:ApocalypseNow","floor":8},{"not_picked":[],"picked":"hexamod:VolcanoVisage","floor":8},{"not_picked":["hexamod:ParanormalForm"],"picked":"hexamod:FourthSeal","floor":9},{"not_picked":[],"picked":"hexamod:RadiantFlame","floor":9},{"not_picked":["hexamod:ApocalypseNow"],"picked":"hexamod:EmpoweringStance","floor":10},{"not_picked":[],"picked":"hexamod:HeatMetal","floor":10},{"not_picked":[],"picked":"hexamod:SoulSteal","floor":11},{"not_picked":["hexamod:ApocalypseNow"],"picked":"hexamod:FifthSeal","floor":15},{"not_picked":["animator:Saber"],"picked":"hexamod:SearingWound","floor":15},{"not_picked":["hexamod:SecondSeal"],"picked":"hexamod:FifthSeal","floor":16},{"not_picked":["hexamod:GiftsFromTheDead"],"picked":"animator:Shiro","floor":16},{"not_picked":["hexamod:FirstSeal"],"picked":"hexamod:SecondSeal","floor":19},{"not_picked":["hexamod:FourthSeal"],"picked":"hexamod:ThirdSeal","floor":19},{"not_picked":["hexamod:ParanormalForm","animator:GoblinSlayer"],"picked":"Singing Bowl","floor":19},{"not_picked":["hexamod:FifthSeal"],"picked":"hexamod:VolcanoVisage","floor":19},{"not_picked":["hexamod:UnlimitedPower"],"picked":"hexamod:SearingWound","floor":20},{"not_picked":["hexamod:ThirdSeal"],"picked":"hexamod:SixthSeal","floor":20},{"not_picked":["hexamod:FifthSeal"],"picked":"hexamod:ThirdSeal","floor":20},{"not_picked":["hexamod:GhostflameInferno","hexamod:BurningTouch"],"picked":"Singing Bowl","floor":20},{"not_picked":["animator:Shizu"],"picked":"hexamod:EmpoweringStance","floor":20},{"not_picked":["hexamod:GhostLash","hexamod:CatchUp"],"picked":"Singing Bowl","floor":21},{"not_picked":["animator:Chibimoth"],"picked":"hexamod:DynamicBlow","floor":21},{"not_picked":["hexamod:EmpoweredFlame"],"picked":"animator:OrigamiTobiichi","floor":22},{"not_picked":["hexamod:FifthSeal"],"picked":"hexamod:FirstSeal","floor":22},{"not_picked":["hexamod:AdvancingGuard+1"],"picked":"animator:Demiurge","floor":22},{"not_picked":["ReplayTheSpireMod:Necrogeddon","StuffTheSpire:Recharge"],"picked":"Singing Bowl","floor":22},{"not_picked":["Dramatic Entrance","expansioncontent:ChargeUp"],"picked":"Singing Bowl","floor":22},{"not_picked":["Trip","expansioncontent:Hexaburn"],"picked":"Singing Bowl","floor":22},{"not_picked":["hexamod:CrushingStance"],"picked":"hexamod:Toasty","floor":23},{"not_picked":["hexamod:SecondSeal"],"picked":"hexamod:FirstSeal","floor":23},{"not_picked":["hexamod:TimeWarp"],"picked":"hexamod:PhantomFireball","floor":23},{"not_picked":["hexamod:SearingWound"],"picked":"hexamod:WildfireWeapon","floor":25},{"not_picked":["hexamod:ThirdSeal"],"picked":"hexamod:FourthSeal","floor":25},{"not_picked":["hexamod:EmpoweringStance"],"picked":"animator:Guren","floor":25},{"not_picked":["hexamod:TimeWarp","hexamod:AdvancingGuard"],"picked":"Singing Bowl","floor":25},{"not_picked":["hexamod:ParanormalForm"],"picked":"hexamod:TimeOfNeed","floor":26},{"not_picked":["hexamod:FirstSeal"],"picked":"hexamod:SixthSeal","floor":26},{"not_picked":["hexamod:ParanormalForm"],"picked":"animator:Eris","floor":26},{"not_picked":["hexamod:FifthSeal"],"picked":"hexamod:FourthSeal","floor":26},{"not_picked":["hexamod:GhostflameInferno"],"picked":"hexamod:FifthSeal","floor":27},{"not_picked":["hexamod:EmpoweringStance"],"picked":"animator:Boros","floor":27},{"not_picked":["hexamod:SixthSeal","hexamod:NightmareStrike"],"picked":"Singing Bowl","floor":27},{"not_picked":["animator:SwordMaiden"],"picked":"hexamod:ShieldOfDarkness","floor":27},{"not_picked":["hexamod:FourthSeal"],"picked":"hexamod:FirstSeal","floor":28},{"not_picked":["animator:Mitsuba"],"picked":"hexamod:RainOfEmbers","floor":28},{"not_picked":["hexamod:Firestarter","hexamod:SixthSeal"],"picked":"Singing Bowl","floor":30},{"not_picked":["hexamod:FirstSeal","hexamod:SixthSeal"],"picked":"Singing Bowl","floor":30},{"not_picked":["hexamod:DynamicBlow+1"],"picked":"hexamod:GhostShield","floor":30},{"not_picked":["hexamod:SixthSeal","hexamod:FirstSeal"],"picked":"Singing Bowl","floor":32},{"not_picked":["hexamod:SpectralAdrenaline","hexamod:GhostShield"],"picked":"Singing Bowl","floor":32},{"not_picked":["animator:HighElfArcher"],"picked":"hexamod:ShieldOfDarkness+1","floor":32},{"not_picked":["hexamod:NightmareStrike+1","hexamod:ShieldOfDarkness"],"picked":"Singing Bowl","floor":33},{"not_picked":["hexamod:SixthSeal"],"picked":"hexamod:SecondSeal","floor":34},{"not_picked":["hexamod:FifthSeal","hexamod:FourthSeal"],"picked":"Singing Bowl","floor":34},{"not_picked":["hexamod:GhostflameInferno","animator:Gilgamesh"],"picked":"Singing Bowl","floor":34},{"not_picked":["hexamod:TurnItUp","hexamod:ApocalypseNow"],"picked":"Singing Bowl","floor":37},{"not_picked":["hexamod:SixthSeal","hexamod:SecondSeal"],"picked":"Singing Bowl","floor":37},{"not_picked":["hubris:Rewind","ReplayTheSpireMod:??????????????????????"],"picked":"infinitespire:Starlight","floor":38},{"not_picked":["hexamod:TurnItUp"],"picked":"hexamod:WildfireWeapon","floor":39},{"not_picked":["hexamod:SecondSeal","hexamod:FourthSeal"],"picked":"Singing Bowl","floor":39},{"not_picked":["hexamod:CrushingStance","hexamod:GhostflameBarrier"],"picked":"Singing Bowl","floor":39},{"not_picked":["hexamod:TimeWarp"],"picked":"hexamod:UnlimitedPower","floor":40},{"not_picked":["hexamod:ThirdSeal","hexamod:FourthSeal"],"picked":"Singing Bowl","floor":40},{"not_picked":["hexamod:SecondSeal","hexamod:FourthSeal"],"picked":"Singing Bowl","floor":40},{"not_picked":["animator:AyatoNaoi"],"picked":"hexamod:VolcanoVisage","floor":40},{"not_picked":["hexamod:CrushingStance","hexamod:ParanormalForm"],"picked":"Singing Bowl","floor":43},{"not_picked":["hexamod:FifthSeal"],"picked":"hexamod:ShieldOfDarkness","floor":43},{"not_picked":["hexamod:SearingWound","hexamod:ParanormalForm"],"picked":"Singing Bowl","floor":45},{"not_picked":["hexamod:ParanormalForm","hexamod:NightmareGuise"],"picked":"Singing Bowl","floor":45},{"not_picked":["hexamod:EmpoweringStance+1"],"picked":"hexamod:VolcanoVisage+1","floor":48},{"not_picked":["hexamod:NightmareStrike+1","hexamod:GhostLash+1"],"picked":"Singing Bowl","floor":48},{"not_picked":["hexamod:ShieldOfDarkness","animator:YamaiSisters"],"picked":"Singing Bowl","floor":50}],"player_experience":853907,"relics_obtained":[{"floor":2,"key":"Nunchaku"},{"floor":3,"key":"Replay:Rubber Ducky"},{"floor":4,"key":"Sundial"},{"floor":6,"key":"jedi:command_rare"},{"floor":7,"key":"jedi:command_uncommon"},{"floor":8,"key":"jedi:command_rare"},{"floor":9,"key":"jedi:command_common"},{"floor":10,"key":"jedi:command_common"},{"floor":15,"key":"jedi:command_uncommon"},{"floor":18,"key":"Ring of Searing"},{"floor":19,"key":"jedi:command_uncommon"},{"floor":19,"key":"jedi:command_uncommon"},{"floor":20,"key":"jedi:command_uncommon"},{"floor":20,"key":"jedi:command_uncommon"},{"floor":23,"key":"jedi:command_common"},{"floor":23,"key":"jedi:command_uncommon"},{"floor":24,"key":"Ring of Hypnosis"},{"floor":24,"key":"jedi:command_common"},{"floor":24,"key":"jedi:command_uncommon"},{"floor":25,"key":"jedi:command_uncommon"},{"floor":25,"key":"jedi:command_common"},{"floor":26,"key":"jedi:command_common"},{"floor":26,"key":"jedi:command_uncommon"},{"floor":26,"key":"jedi:command_uncommon"},{"floor":27,"key":"jedi:command_uncommon"},{"floor":27,"key":"jedi:command_rare"},{"floor":29,"key":"ReplayTheSpireMod:Ring of Exchange"},{"floor":29,"key":"jedi:command_common"},{"floor":29,"key":"jedi:command_common"},{"floor":30,"key":"jedi:command_rare"},{"floor":37,"key":"jedi:command_uncommon"},{"floor":37,"key":"jedi:command_common"},{"floor":39,"key":"jedi:command_uncommon"},{"floor":39,"key":"jedi:command_common"},{"floor":40,"key":"jedi:command_rare"},{"floor":40,"key":"jedi:command_uncommon"},{"floor":42,"key":"Ring of Fangs"},{"floor":42,"key":"jedi:command_rare"},{"floor":43,"key":"jedi:command_rare"},{"floor":43,"key":"jedi:command_common"},{"floor":45,"key":"jedi:command_rare"},{"floor":45,"key":"jedi:command_common"}],"event_choices":[{"damage_healed":0,"gold_gain":0,"player_choice":"UP UP RE ","damage_taken":46,"relics_obtained":["jedi:command_common"],"max_hp_gain":0,"max_hp_loss":0,"event_name":"betterSkull:BetterSkull","floor":13,"gold_loss":0,"cards_upgraded":["hexamod:VolcanoVisage","hexamod:BurningTouch"]},{"damage_healed":0,"gold_gain":0,"player_choice":"Follow","damage_taken":0,"max_hp_gain":0,"max_hp_loss":0,"event_name":"Elementarium:BeastsOfTheMenagerie","floor":30,"gold_loss":0},{"damage_healed":0,"gold_gain":0,"player_choice":"2","damage_taken":0,"max_hp_gain":0,"max_hp_loss":0,"event_name":"betterMatch:BetterMatch","floor":48,"gold_loss":0,"cards_obtained":["betterMatch:RareCard","betterMatch:CommonCard"]}],"is_beta":false,"boss_relics":[{"not_picked":["jedi:command_boss","jedi:command_boss"],"picked":"jedi:command_boss"},{"not_picked":["jedi:command_boss","jedi:command_boss"],"picked":"jedi:command_boss"},{"not_picked":["Velvet Choker","hubris:CrackedHourglass"],"picked":"Runic Dome"},{"not_picked":["ReplayTheSpireMod:DimensionalGlitch","energizedSpire:DeadBattery"],"picked":"energizedSpire:NeverEndingSparkler"},{"not_picked":["vexMod:BigBerry","expansioncontent:StudyCardRelic"],"picked":"aspiration:RunicSpoon"},{"not_picked":["hubris:BlackHole","Calling Bell"],"picked":"DemoMod:WaxWing"}],"items_purged_floors":[11,21,22,38,38,38,38,38,38,38,38,38,38,47,47],"is_endless":false,"potions_floor_spawned":[2,6,8,32,33,50],"ascension_level":1}}