{"host":"hn9kwncajibu2nw8","time":1607835536,"event":{"mods":["AchievementEnabler","BaseMod","Block Reminder","Colored Powertips","DeckTracker","Highlight Path","KOR Keyword Fix","Minty Spire (QoL Compilation)","Quick Restart","Rare Cards Sparkle"],"gold_per_floor":[119,138,138,23,23,23,53,69,69,69,88,114,148,174,174,250,250,269,287,43,53,53,82,7,40,90,90,124,150,184,197,197,283,283,307,341,163,185,235,269,269,303,303,338,365,396,444,38,38,38,38],"floor_reached":50,"playtime":2943,"items_purged":["Strike_P","Defend_P","Defend_P"],"score":1785,"play_id":"c80107fe-1b0c-4859-8b4b-c1c833d074a7","local_time":"20201213135856","is_ascension_mode":true,"campfire_choices":[{"data":"Eruption","floor":6.0,"key":"SMITH"},{"data":"Vault","floor":10.0,"key":"SMITH"},{"data":"Crescendo","floor":15.0,"key":"SMITH"},{"data":"ClearTheMind","floor":32,"key":"SMITH"},{"data":"Vault","floor":41,"key":"SMITH"},{"floor":49,"key":"RECALL"}],"circlet_count":0,"master_deck":["AscendersBane","Strike_P+1","Defend_P","Eruption+1","Vigilance","BowlingBash","Adaptation","Wallop","Vault+1","FearNoEvil","FollowUp","Crescendo+1","FlurryOfBlows+1","ClearTheMind+1","Necronomicurse","Scrawl","MentalFortress+1","InnerPeace","EmptyMind","Vault+1","EmptyBody","InnerPeace","Adaptation","ClearTheMind","FlurryOfBlows","EmptyBody","FlurryOfBlows"],"relics":["SlaversCollar","Meat on the Bone","TeardropLocket","WingedGreaves","Bronze Scales","Thread and Needle","Coffee Dripper","Membership Card","Vajra","Necronomicon","Kunai","Whetstone","CeramicFish","Bird Faced Urn","The Courier","Philosopher\u0027s Stone","CaptainsWheel","Strange Spoon","Pen Nib","Juzu Bracelet","Lantern","InkBottle","Nunchaku","Ice Cream","TungstenRod","Anchor","TheAbacus","Bag of Marbles"],"acts_visited":["Exordium","TheCity","TheBeyond"],"potions_floor_usage":[25,30,33,38,45],"damage_taken":[{"damage":4.0,"enemies":"2 Louse","floor":1.0,"turns":3.0},{"damage":2.0,"enemies":"Jaw Worm","floor":2.0,"turns":6.0},{"damage":6.0,"enemies":"Lagavulin","floor":7.0,"turns":9.0},{"damage":4.0,"enemies":"Small Slimes","floor":8.0,"turns":5.0},{"damage":6.0,"enemies":"Gremlin Gang","floor":11.0,"turns":4.0},{"damage":6.0,"enemies":"3 Sentries","floor":12.0,"turns":6.0},{"damage":0.0,"enemies":"Gremlin Nob","floor":13.0,"turns":4.0},{"damage":0.0,"enemies":"Lagavulin","floor":14.0,"turns":4.0},{"damage":0,"enemies":"Slime Boss","floor":16,"turns":6},{"damage":6,"enemies":"3 Byrds","floor":18,"turns":3},{"damage":0,"enemies":"Spheric Guardian","floor":19,"turns":3},{"damage":0,"enemies":"3 Cultists","floor":21,"turns":5},{"damage":0,"enemies":"Book of Stabbing","floor":23,"turns":4},{"damage":0,"enemies":"Slavers","floor":25,"turns":3},{"damage":0,"enemies":"Book of Stabbing","floor":28,"turns":4},{"damage":12,"enemies":"Snake Plant","floor":29,"turns":4},{"damage":0,"enemies":"Slavers","floor":30,"turns":5},{"damage":0,"enemies":"Sentry and Sphere","floor":31,"turns":2},{"damage":11,"enemies":"Automaton","floor":33,"turns":7},{"damage":2,"enemies":"3 Shapes","floor":35,"turns":5},{"damage":0,"enemies":"Mind Bloom Boss Battle","floor":36,"turns":4},{"damage":7,"enemies":"3 Darklings","floor":38,"turns":3},{"damage":0,"enemies":"Reptomancer","floor":40,"turns":4},{"damage":0,"enemies":"Giant Head","floor":42,"turns":5},{"damage":0,"enemies":"Nemesis","floor":44,"turns":5},{"damage":4,"enemies":"4 Shapes","floor":45,"turns":7},{"damage":0,"enemies":"Reptomancer","floor":46,"turns":4},{"damage":0,"enemies":"2 Orb Walkers","floor":47,"turns":4},{"damage":83,"enemies":"Time Eater","floor":50,"turns":11}],"seed_played":"208810518040239110","potions_obtained":[{"floor":11.0,"key":"Dexterity Potion"},{"floor":12.0,"key":"DistilledChaos"},{"floor":13.0,"key":"Swift Potion"},{"floor":16,"key":"AttackPotion"},{"floor":30,"key":"Fruit Juice"},{"floor":31,"key":"Explosive Potion"},{"floor":35,"key":"EssenceOfSteel"},{"floor":38,"key":"DistilledChaos"},{"floor":47,"key":"Energy Potion"}],"is_trial":false,"path_per_floor":["M","M","?","$","?","R","E","M","T","R","M","E","E","E","R","B",null,"M","M","$","M","?","E","?","E","T","?","E","M","E","M","R","B",null,"M","?","$","M","?","E","R","E","T","E","M","E","?","$","R","B"],"character_chosen":"WATCHER","items_purchased":["Wallop","Membership Card","Vajra","Strange Spoon","Pen Nib","FlurryOfBlows","TungstenRod","Anchor","TheAbacus","Bag of Marbles"],"campfire_rested":0,"item_purchase_floors":[4,20,20,37,37,48,48,48,48,48],"current_hp_per_floor":[57,55,55,55,55,55,49,45,45,45,39,45,45,45,45,45,62,56,56,56,56,35,35,35,35,35,35,35,39,48,52,52,45,66,68,72,72,69,69,73,73,73,73,73,69,73,73,73,73,0,0],"gold":38,"neow_bonus":"BOSS_RELIC","is_daily":false,"chose_seed":false,"campfire_upgraded":5,"win_rate":0.0,"timestamp":1607835536,"path_taken":["M","M","?","$","?","R","E","M","T","R","M","E","E","E","R","BOSS","M","M","$","M","?","E","?","E","T","?","E","M","E","?","R","BOSS","M","?","$","M","?","E","R","E","T","E","M","E","?","$","R","BOSS"],"items_purchased_type":["Card","Relic","Relic","Relic","Relic","Card","Relic","Relic","Relic","Relic"],"build_version":"2020-11-30","purchased_purges":3,"victory":false,"max_hp_per_floor":[68,68,68,68,68,68,68,68,68,68,68,68,68,68,68,68,68,68,68,68,68,68,68,68,68,68,68,68,68,73,73,73,73,73,73,73,73,73,73,73,73,73,73,73,73,73,73,73,73,73,73],"card_choices":[{"not_picked":["Prostrate","SashWhip"],"picked":"BowlingBash","floor":1.0},{"not_picked":["SignatureMove","FlyingSleeves"],"picked":"Adaptation","floor":2.0},{"not_picked":["Fasting2","CutThroughFate"],"picked":"FearNoEvil","floor":7.0},{"not_picked":["Wireheading","Perseverance"],"picked":"FollowUp","floor":8.0},{"not_picked":["Meditate","FlyingSleeves","BowlingBash"],"picked":"SKIP","floor":11.0},{"not_picked":["CrushJoints","Perseverance"],"picked":"Crescendo","floor":12.0},{"not_picked":["BowlingBash","MasterReality"],"picked":"FlurryOfBlows","floor":13.0},{"not_picked":["Indignation","CutThroughFate","Consecrate"],"picked":"SKIP","floor":14.0},{"not_picked":["CarveReality","Pray+1","DeceiveReality"],"picked":"SKIP","floor":18},{"not_picked":["Evaluate","WreathOfFlame","Consecrate"],"picked":"SKIP","floor":19},{"not_picked":["DeceiveReality","SandsOfTime"],"picked":"ClearTheMind","floor":21},{"not_picked":["Evaluate","ForeignInfluence","FollowUp"],"picked":"SKIP","floor":23},{"not_picked":["JustLucky","Omniscience"],"picked":"Scrawl","floor":25},{"not_picked":["Protect","FollowUp"],"picked":"MentalFortress+1","floor":28},{"not_picked":["LikeWater","ThirdEye"],"picked":"InnerPeace","floor":29},{"not_picked":["CarveReality","Evaluate"],"picked":"EmptyMind","floor":30},{"not_picked":["Conclude","SashWhip","BowlingBash+1"],"picked":"SKIP","floor":31},{"not_picked":["Blasphemy","Ragnarok"],"picked":"Vault","floor":33},{"not_picked":["CrushJoints","Halt"],"picked":"EmptyBody","floor":35},{"not_picked":["JustLucky","CarveReality+1"],"picked":"InnerPeace","floor":36},{"not_picked":["LikeWater","Worship"],"picked":"Adaptation","floor":38},{"not_picked":["Meditate","Judgement","CutThroughFate"],"picked":"SKIP","floor":40},{"not_picked":["BowlingBash","Nirvana+1"],"picked":"ClearTheMind","floor":42},{"not_picked":["ForeignInfluence","ThirdEye"],"picked":"FlurryOfBlows","floor":44},{"not_picked":["ClearTheMind+1","Consecrate+1"],"picked":"EmptyBody","floor":45},{"not_picked":["BattleHymn+1","Wireheading","Protect"],"picked":"SKIP","floor":46}],"player_experience":461696,"relics_obtained":[{"floor":7.0,"key":"Meat on the Bone"},{"floor":9.0,"key":"TeardropLocket"},{"floor":12.0,"key":"WingedGreaves"},{"floor":13.0,"key":"Bronze Scales"},{"floor":14.0,"key":"Thread and Needle"},{"floor":22,"key":"Necronomicon"},{"floor":23,"key":"Kunai"},{"floor":25,"key":"Whetstone"},{"floor":26,"key":"CeramicFish"},{"floor":28,"key":"Bird Faced Urn"},{"floor":30,"key":"The Courier"},{"floor":36,"key":"CaptainsWheel"},{"floor":40,"key":"Juzu Bracelet"},{"floor":42,"key":"Lantern"},{"floor":44,"key":"InkBottle"},{"floor":46,"key":"Nunchaku"},{"floor":47,"key":"Ice Cream"}],"event_choices":[{"damage_healed":0.0,"max_hp_gain":0.0,"max_hp_loss":0.0,"gold_gain":0.0,"event_name":"The Cleric","player_choice":"Leave","floor":3.0,"gold_loss":0.0,"damage_taken":0.0},{"damage_healed":0.0,"max_hp_gain":0.0,"max_hp_loss":0.0,"gold_gain":0.0,"cards_transformed":["Strike_P"],"event_name":"Living Wall","player_choice":"Change","floor":5.0,"gold_loss":0.0,"damage_taken":0.0,"cards_obtained":["Vault"]},{"damage_healed":0,"gold_gain":0,"player_choice":"Obtained Book","damage_taken":21,"max_hp_gain":0,"max_hp_loss":0,"event_name":"Cursed Tome","floor":22,"gold_loss":0},{"cards_removed":["Strike_P"],"damage_healed":0,"gold_gain":0,"player_choice":"Gave Gold","damage_taken":0,"max_hp_gain":0,"max_hp_loss":0,"event_name":"Beggar","floor":24,"gold_loss":75},{"cards_removed":["Defend_P"],"damage_healed":0,"gold_gain":0,"player_choice":"Offered Basic","damage_taken":0,"max_hp_gain":0,"max_hp_loss":0,"event_name":"Bonfire Elementals","floor":27,"gold_loss":0},{"damage_healed":0,"gold_gain":0,"player_choice":"Fight","damage_taken":0,"max_hp_gain":0,"max_hp_loss":0,"event_name":"MindBloom","floor":36,"gold_loss":0},{"damage_healed":0,"gold_gain":50,"player_choice":"Pray","damage_taken":0,"max_hp_gain":0,"max_hp_loss":0,"event_name":"Golden Shrine","floor":39,"gold_loss":0},{"damage_healed":0,"gold_gain":0,"player_choice":"Fight","damage_taken":0,"max_hp_gain":0,"max_hp_loss":0,"event_name":"Mysterious Sphere","floor":47,"gold_loss":0}],"is_beta":false,"boss_relics":[{"not_picked":["Velvet Choker","Empty Cage"],"picked":"Coffee Dripper"},{"not_picked":["Black Star","Pandora\u0027s Box"],"picked":"Philosopher\u0027s Stone"}],"items_purged_floors":[4,37,48],"is_endless":false,"potions_floor_spawned":[11,12,13,16,21,23,30,31,35,38,44,47],"killed_by":"Time Eater","ascension_level":16}}