{"host":"9tzam4717zt8ei1o","time":1607875623,"event":{"mods":["BaseMod","Colored Map","Keyboard Shortcuts","Minty Spire (QoL Compilation)","Quick Restart","StSLib","SuperFastMode"],"gold_per_floor":[116,66,78,27,27,27,45,76,122,151,163,163,176,176,176,249,249,261,311,329,14,30,30,58,58,81,93,109,41,51,65,65,137,137,153,153,171,171,186,186,4,4,4,39,39,68,9,21,21,21],"floor_reached":51,"playtime":988,"items_purged":["Strike_G"],"score":1303,"play_id":"dfa90831-d928-4077-b791-0e1adcc75621","local_time":"20201214010703","is_ascension_mode":true,"campfire_choices":[{"data":"Catalyst","floor":6.0,"key":"SMITH"},{"data":"Neutralize","floor":15.0,"key":"SMITH"},{"data":"A Thousand Cuts","floor":23.0,"key":"SMITH"},{"floor":25.0,"key":"REST"},{"floor":32.0,"key":"REST"},{"data":"Bouncing Flask","floor":40,"key":"SMITH"},{"data":"Backflip","floor":42,"key":"SMITH"},{"data":"Blur","floor":45,"key":"SMITH"},{"floor":49,"key":"REST"}],"circlet_count":0,"master_deck":["AscendersBane","Defend_G","Defend_G","Defend_G","Defend_G","Defend_G","Survivor","Neutralize+1","Catalyst+1","Dagger Throw","Deadly Poison+1","Blur+1","Deadly Poison","Bouncing Flask+1","Noxious Fumes+1","Backflip+1","Corpse Explosion","Wraith Form v2+1","Prepared+1","Blur"],"relics":["Ring of the Snake","Happy Flower","Potion Belt","Regal Pillow","Sozu","Paper Crane","Centennial Puzzle","Blood Vial","The Courier","Astrolabe","Membership Card","Bag of Preparation","Bottled Tornado","Letter Opener","Omamori","Bag of Marbles"],"acts_visited":["Exordium","TheCity","TheBeyond"],"potions_floor_usage":[],"damage_taken":[{"damage":2.0,"enemies":"2 Louse","floor":1.0,"turns":4.0},{"damage":6.0,"enemies":"Small Slimes","floor":3.0,"turns":5.0},{"damage":0.0,"enemies":"Cultist","floor":7.0,"turns":2.0},{"damage":24.0,"enemies":"Gremlin Nob","floor":8.0,"turns":4.0},{"damage":10.0,"enemies":"Lagavulin","floor":10.0,"turns":4.0},{"damage":1.0,"enemies":"Large Slime","floor":11.0,"turns":8.0},{"damage":0.0,"enemies":"2 Fungi Beasts","floor":13.0,"turns":3.0},{"damage":11.0,"enemies":"Hexaghost","floor":16.0,"turns":9.0},{"damage":10.0,"enemies":"Spheric Guardian","floor":18.0,"turns":4.0},{"damage":5.0,"enemies":"Shell Parasite","floor":20.0,"turns":6.0},{"damage":16.0,"enemies":"Shelled Parasite and Fungi","floor":22.0,"turns":4.0},{"damage":25.0,"enemies":"Slavers","floor":24.0,"turns":6.0},{"damage":10.0,"enemies":"Snake Plant","floor":27.0,"turns":3.0},{"damage":5.0,"enemies":"Snecko","floor":28.0,"turns":3.0},{"damage":14.0,"enemies":"Cultist and Chosen","floor":30.0,"turns":4.0},{"damage":20.0,"enemies":"Centurion and Healer","floor":31.0,"turns":7.0},{"damage":27.0,"enemies":"Champ","floor":33.0,"turns":8.0},{"damage":8.0,"enemies":"3 Darklings","floor":35.0,"turns":6.0},{"damage":0,"enemies":"Orb Walker","floor":37,"turns":4},{"damage":20,"enemies":"3 Darklings","floor":39,"turns":4},{"damage":1,"enemies":"Reptomancer","floor":44,"turns":6},{"damage":0,"enemies":"Giant Head","floor":46,"turns":6},{"damage":4,"enemies":"Sphere and 2 Shapes","floor":48,"turns":4},{"damage":50,"enemies":"Donu and Deca","floor":50,"turns":7}],"seed_played":"-420611504956975304","potions_obtained":[{"floor":1.0,"key":"Explosive Potion"},{"floor":11.0,"key":"CunningPotion"},{"floor":16.0,"key":"SkillPotion"}],"is_trial":false,"path_per_floor":["M","?","M","$","?","R","M","E","T","E","M","?","M","?","R","B",null,"M","?","M","$","M","R","E","R","T","M","M","?","M","M","R","B",null,"M","?","M","?","M","R","$","R","T","E","R","E","$","M","R","B",null],"character_chosen":"THE_SILENT","items_purchased":["Deadly Poison","Paper Crane","Membership Card","Bag of Preparation","Bag of Marbles"],"campfire_rested":3,"item_purchase_floors":[4,21,41,41,47],"current_hp_per_floor":[63,63,57,57,57,57,57,33,33,23,22,27,27,27,27,16,62,52,52,47,47,31,31,6,44,44,36,33,33,21,3,41,16,62,56,56,58,77,57,57,57,57,57,58,58,60,60,58,77,27],"gold":21,"neow_bonus":"TEN_PERCENT_HP_BONUS","is_daily":false,"chose_seed":false,"campfire_upgraded":6,"win_rate":0.0,"timestamp":1607875623,"path_taken":["M","?","M","$","?","R","M","E","T","E","?","?","M","?","R","BOSS","M","?","?","$","M","R","E","R","T","M","M","?","?","M","R","BOSS","M","?","M","?","M","R","$","R","T","E","R","E","$","M","R","BOSS"],"items_purchased_type":["Card","Relic","Relic","Relic","Relic"],"build_version":"2020-11-30","purchased_purges":1,"victory":true,"max_hp_per_floor":[72,72,72,72,72,72,72,72,72,72,72,77,77,77,77,77,77,77,77,77,77,77,77,77,77,77,77,77,77,77,77,77,77,77,77,77,77,77,77,77,77,77,77,77,77,77,77,77,77,77],"card_choices":[{"not_picked":["Caltrops","Slice"],"picked":"Catalyst","floor":1.0},{"not_picked":["Underhanded Strike","Quick Slash"],"picked":"Dagger Throw","floor":3.0},{"not_picked":["Storm of Steel","Blade Dance","Acrobatics"],"picked":"SKIP","floor":7.0},{"not_picked":["Quick Slash","Calculated Gamble"],"picked":"Blur","floor":8.0},{"not_picked":["Flying Knee","Predator","Prepared"],"picked":"SKIP","floor":10.0},{"not_picked":["Heel Hook","Flying Knee","Concentrate"],"picked":"SKIP","floor":11.0},{"not_picked":["Bane","Underhanded Strike","Dagger Throw"],"picked":"SKIP","floor":13.0},{"not_picked":["Unload","Phantasmal Killer"],"picked":"A Thousand Cuts","floor":16.0},{"not_picked":["Cloak And Dagger","Dagger Throw","Distraction"],"picked":"SKIP","floor":18.0},{"not_picked":["Dodge and Roll","Cloak And Dagger"],"picked":"Deadly Poison","floor":20.0},{"not_picked":["Dodge and Roll","Blade Dance+1","Outmaneuver"],"picked":"SKIP","floor":22.0},{"not_picked":["Tactician","Flechettes"],"picked":"Bouncing Flask","floor":24.0},{"not_picked":["Bane+1","Grand Finale"],"picked":"Noxious Fumes+1","floor":27.0},{"not_picked":["Caltrops","Outmaneuver","Distraction+1"],"picked":"SKIP","floor":28.0},{"not_picked":["Blur","Caltrops"],"picked":"Backflip","floor":30.0},{"not_picked":["Sucker Punch","Bane","Dagger Spray"],"picked":"SKIP","floor":31.0},{"not_picked":["Night Terror","Glass Knife"],"picked":"Corpse Explosion","floor":33.0},{"not_picked":["Underhanded Strike","Dagger Throw+1"],"picked":"Blur","floor":35.0},{"not_picked":["Leg Sweep","Quick Slash+1","Heel Hook+1"],"picked":"SKIP","floor":37},{"not_picked":["Poisoned Stab","Blade Dance+1","Noxious Fumes"],"picked":"SKIP","floor":39},{"not_picked":["Predator+1","Caltrops","Deflect+1"],"picked":"SKIP","floor":44},{"not_picked":["Flechettes","Terror","Slice"],"picked":"SKIP","floor":46},{"not_picked":["Deadly Poison","Dagger Throw","Bane"],"picked":"SKIP","floor":48}],"player_experience":73597,"relics_obtained":[{"floor":8.0,"key":"Happy Flower"},{"floor":9.0,"key":"Potion Belt"},{"floor":10.0,"key":"Regal Pillow"},{"floor":24.0,"key":"Centennial Puzzle"},{"floor":26.0,"key":"Blood Vial"},{"floor":43,"key":"Bottled Tornado"},{"floor":44,"key":"Letter Opener"},{"floor":46,"key":"Omamori"}],"event_choices":[{"cards_removed":["Strike_G"],"damage_healed":0.0,"max_hp_gain":0.0,"max_hp_loss":0.0,"gold_gain":0.0,"event_name":"The Cleric","player_choice":"Card Removal","floor":2.0,"gold_loss":50.0,"damage_taken":0.0},{"damage_healed":0.0,"max_hp_gain":0.0,"max_hp_loss":0.0,"gold_gain":0.0,"event_name":"Accursed Blacksmith","player_choice":"Forge","floor":5.0,"gold_loss":0.0,"damage_taken":0.0,"cards_upgraded":["Deadly Poison"]},{"damage_healed":0.0,"max_hp_gain":5.0,"max_hp_loss":0.0,"gold_gain":0.0,"event_name":"Big Fish","player_choice":"Donut","floor":12.0,"gold_loss":0.0,"damage_taken":0.0},{"damage_healed":0.0,"max_hp_gain":0.0,"max_hp_loss":0.0,"gold_gain":0.0,"event_name":"Shining Light","player_choice":"Ignored","floor":14.0,"gold_loss":0.0,"damage_taken":0.0},{"damage_healed":0.0,"max_hp_gain":0.0,"max_hp_loss":0.0,"gold_gain":100.0,"event_name":"The Joust","player_choice":"Bet on Murderer","floor":19.0,"gold_loss":50.0,"damage_taken":0.0},{"damage_healed":0.0,"max_hp_gain":0.0,"max_hp_loss":0.0,"gold_gain":0.0,"event_name":"WeMeetAgain","player_choice":"Paid Gold","floor":29.0,"gold_loss":68.0,"damage_taken":0.0,"relics_obtained":["The Courier"]},{"cards_removed":["A Thousand Cuts"],"damage_healed":0.0,"max_hp_gain":0.0,"max_hp_loss":0.0,"gold_gain":0.0,"event_name":"Falling","player_choice":"Removed Power","floor":36.0,"gold_loss":0.0,"damage_taken":0.0},{"cards_removed":["Terror"],"damage_healed":19,"gold_gain":0,"player_choice":"Offered Uncommon","damage_taken":0,"max_hp_gain":0,"max_hp_loss":0,"event_name":"Bonfire Elementals","floor":38,"gold_loss":0}],"is_beta":false,"boss_relics":[{"not_picked":["Tiny House","Runic Pyramid"],"picked":"Sozu"},{"not_picked":["Ring of the Serpent","Cursed Key"],"picked":"Astrolabe"}],"items_purged_floors":[21],"is_endless":false,"potions_floor_spawned":[1,11,16,18,20,30,33,46,48],"ascension_level":14}}