{"host":"kntpungskobv1jqb","time":1607861779,"event":{"mods":["BaseMod","Minty Spire (QoL Compilation)","Replay The Spire","StSLib","SuperFastMode"],"gold_per_floor":[218,218,232,245,89,89,119,135,135,135,135,150,160,171,171,246,246,256,270,286,286,165,165,179,193,238,238,238,124,156,167,167,167,167],"floor_reached":33,"playtime":1285,"items_purged":["Decay"],"score":461,"play_id":"2ca3f2f7-194e-45d3-b5aa-0601155090c6","local_time":"20201213201619","is_ascension_mode":true,"campfire_choices":[{"data":"Demon Form","floor":6,"key":"SMITH"},{"data":"Inflame","floor":10,"key":"SMITH"},{"floor":15,"key":"REST"},{"floor":23,"key":"REST"},{"floor":27,"key":"REST"},{"floor":32,"key":"REST"}],"circlet_count":0,"master_deck":["AscendersBane","Strike_R+1","Strike_R","Defend_R+1","Defend_R","Defend_R+1","Bash","Thunderclap","Twin Strike","Spot Weakness","Demon Form+1","ReplayTheSpireMod:Muscle Training+1","Blood for Blood","Pummel","Offering","Inflame+1","Rupture","Twin Strike","Limit Break","CurseOfTheBell","Immolate+1","Metallicize+1","Dropkick+1","Heavy Blade","Thunderclap","ReplayTheSpireMod:Limb From Limb","Twin Strike","Immolate","Flex","Regret","Double Tap+1","Blood for Blood+1"],"relics":["Burning Blood","Orrery","Matryoshka","Pet Ghost","Mummified Hand","Replay:Grab Bag","Cursed Key","Ooze Armor","Calling Bell","Astrolabe","Simple Rune","Frozen Egg 2","Unceasing Top","Kunai","Lantern","CultistMask","War Paint"],"acts_visited":["Exordium","TheCity"],"potions_floor_usage":[7,31,33],"damage_taken":[{"damage":3,"enemies":"Jaw Worm","floor":1,"turns":5},{"damage":10,"enemies":"Cultist","floor":3,"turns":5},{"damage":0,"enemies":"Small Slimes","floor":4,"turns":3},{"damage":21,"enemies":"Gremlin Nob","floor":7,"turns":3},{"damage":16,"enemies":"Gremlin Gang","floor":8,"turns":3},{"damage":20,"enemies":"Exordium Wildlife","floor":12,"turns":3},{"damage":7,"enemies":"3 Louse","floor":13,"turns":2},{"damage":11,"enemies":"Looter","floor":14,"turns":2},{"damage":39,"enemies":"Fading Forest","floor":16,"turns":11},{"damage":26,"enemies":"2 Thieves","floor":18,"turns":2},{"damage":33,"enemies":"3 Byrds","floor":19,"turns":3},{"damage":7,"enemies":"Centurion and Healer","floor":20,"turns":2},{"damage":6,"enemies":"Sentry and Sphere","floor":24,"turns":2},{"damage":12,"enemies":"Snecko","floor":25,"turns":3},{"damage":48,"enemies":"Slavers","floor":30,"turns":5},{"damage":0,"enemies":"Snake Plant","floor":31,"turns":2},{"damage":54,"enemies":"Collector","floor":33,"turns":3}],"seed_played":"934731428134011922","potions_obtained":[{"floor":3,"key":"Cursed Concoction"},{"floor":12,"key":"FearPotion"},{"floor":13,"key":"Weak Potion"},{"floor":20,"key":"Venom Potion"},{"floor":24,"key":"Adrenaline Potion"},{"floor":25,"key":"Adrenaline Potion"}],"is_trial":false,"path_per_floor":["M","?","M","M","$","R","E","M","T","R","$","M","M","M","R","B",null,"M","M","M","?","$","R","M","M","T","R","?","$","E","M","R","B"],"character_chosen":"IRONCLAD","items_purchased":["Orrery","Twin Strike","Double Tap+1"],"campfire_rested":4,"item_purchase_floors":[5,22,29],"current_hp_per_floor":[71,71,67,73,73,73,58,48,48,48,48,34,33,28,50,39,66,46,19,18,18,18,40,40,34,34,56,56,56,14,20,42,0,0],"gold":167,"neow_bonus":"HUNDRED_GOLD","is_daily":false,"chose_seed":false,"campfire_upgraded":2,"win_rate":0.0,"timestamp":1607861779,"path_taken":["M","?","?","M","$","R","E","M","T","R","$","M","?","M","R","BOSS","M","M","M","?","$","R","M","M","T","R","?","$","E","?","R","BOSS"],"items_purchased_type":["Relic","Card","Card"],"build_version":"2020-11-30","purchased_purges":1,"victory":false,"max_hp_per_floor":[75,75,75,75,75,75,75,75,75,75,75,75,75,75,75,75,75,75,75,75,75,75,75,75,75,75,75,75,75,75,75,75,75,75],"card_choices":[{"not_picked":["True Grit","Havoc"],"picked":"Thunderclap","floor":1},{"not_picked":["Headbutt","Clash"],"picked":"Twin Strike","floor":3},{"not_picked":["Warcry","Flex"],"picked":"Spot Weakness","floor":4},{"not_picked":["Perfected Strike","Iron Wave"],"picked":"Demon Form","floor":5},{"not_picked":["Clash","Body Slam"],"picked":"ReplayTheSpireMod:Muscle Training","floor":5},{"not_picked":["Shrug It Off","Body Slam"],"picked":"Blood for Blood","floor":5},{"not_picked":["Metallicize","Massacre"],"picked":"Pummel","floor":5},{"not_picked":["Run Through","Clothesline"],"picked":"Offering","floor":5},{"not_picked":["Sentinel","Thunderclap","Clash"],"picked":"SKIP","floor":7},{"not_picked":["Sword Boomerang","Perfected Strike"],"picked":"Inflame","floor":8},{"not_picked":["Sever Soul","Perfected Strike","Entrench"],"picked":"SKIP","floor":12},{"not_picked":["Iron Wave","Ghostly Armor"],"picked":"Rupture","floor":13},{"not_picked":["Pommel Strike","ReplayTheSpireMod:Strike From Hell"],"picked":"Twin Strike","floor":14},{"not_picked":["Barricade","Demon Form"],"picked":"Limit Break","floor":16},{"not_picked":["Clothesline","Shrug It Off"],"picked":"Heavy Blade","floor":18},{"not_picked":["True Grit","Life Link+1"],"picked":"Thunderclap","floor":19},{"not_picked":["Warcry","Anger"],"picked":"ReplayTheSpireMod:Limb From Limb","floor":20},{"not_picked":["Body Slam","Pommel Strike"],"picked":"Immolate","floor":24},{"not_picked":["Anger","ReplayTheSpireMod:Strike From Hell"],"picked":"Flex","floor":25},{"not_picked":["Body Slam","Shrug It Off"],"picked":"Blood for Blood+1","floor":30},{"not_picked":["Anger","Shrug It Off","Combust+1"],"picked":"SKIP","floor":31}],"player_experience":453112,"relics_obtained":[{"floor":7,"key":"Matryoshka"},{"floor":9,"key":"Pet Ghost"},{"floor":9,"key":"Mummified Hand"},{"floor":17,"key":"Simple Rune"},{"floor":17,"key":"Frozen Egg 2"},{"floor":17,"key":"Unceasing Top"},{"floor":26,"key":"Kunai"},{"floor":26,"key":"Lantern"},{"floor":30,"key":"War Paint"}],"event_choices":[{"cards_removed":["Strike_R"],"damage_healed":0,"gold_gain":0,"player_choice":"Offered Basic","damage_taken":0,"max_hp_gain":0,"max_hp_loss":0,"event_name":"Bonfire Elementals","floor":2,"gold_loss":0},{"damage_healed":0,"gold_gain":0,"player_choice":"Smashed Altar","damage_taken":0,"max_hp_gain":0,"max_hp_loss":0,"event_name":"Forgotten Altar","floor":21,"gold_loss":0,"cards_obtained":["Decay"]},{"damage_healed":0,"gold_gain":0,"player_choice":"Trade","damage_taken":0,"relics_obtained":["CultistMask"],"max_hp_gain":0,"max_hp_loss":0,"event_name":"FaceTrader","floor":28,"gold_loss":0}],"is_beta":false,"boss_relics":[{"not_picked":["Black Blood","Velvet Choker"],"picked":"Replay:Grab Bag"},{"not_picked":["SlaversCollar","Coffee Dripper"],"picked":"Cursed Key"},{"not_picked":["Runic Dome","Fusion Hammer"],"picked":"Ooze Armor"},{"not_picked":["Runic Pyramid","Ring of Chaos"],"picked":"Calling Bell"},{"not_picked":["Pandora\u0027s Box","Snecko Heart"],"picked":"Astrolabe"}],"items_purged_floors":[22],"is_endless":false,"potions_floor_spawned":[3,12,13,20,24,25],"killed_by":"Collector","ascension_level":14}}