{"host":"solomon","time":1607868465,"event":{"mods":["Act Like it!","BaseMod","Downfall","Library of Ruina","Library of Ruina Extra","Luminous","Minty Spire (QoL Compilation)","Robot Space Explorer","StSLib","The Dragon Tamer","【东方二次创作】八云紫mod"],"gold_per_floor":[0,15,15,165,165,179,206,234,259,304,37,57,57,71,84,186,186,111,111,111,111,111,111,111,111,111,111,111,111,111,111,111,111,111,111],"floor_reached":34,"playtime":3738,"items_purged":["Slimebound:Icky"],"score":404,"play_id":"7021a8a3-6bfc-40be-8460-f7ef1a68d119","local_time":"20201213220745","is_ascension_mode":false,"campfire_choices":[{"data":"champ:CrownThrow","floor":1.0,"key":"SMITH"},{"data":"champ:StanceDance","floor":3.0,"key":"SMITH"},{"floor":18.0,"key":"RECALL"}],"circlet_count":0,"master_deck":["champ:Strike","champ:Strike","champ:Strike","champ:Defend","champ:Defend","champ:Defend","champ:Defend","champ:Execute","champ:Taunt","champ:CrownThrow+1","champ:StanceDance+1","champ:Backstep","champ:BringItOn","champ:MurderStrike","champ:ArenaPreparation","champ:SkillfulDodge","champ:ShieldThrow","Defend_R","champ:FocusedDefense","champ:Circumvent+1","champ:LastStand"],"relics":["champ:ChampionCrown","Bag of Preparation","MawBank","Bag of Marbles","Membership Card","Strawberry","Ectoplasm","downfall:HeartBlessingGreen","PageOfSingingMachine","champ:GladiatorsBookOfMartialProwess","Letter Opener","Enchiridion","Runic Dome"],"acts_visited":["Exordium","TheCity","TheBeyond"],"potions_floor_usage":[26,26,33],"damage_taken":[{"damage":4.0,"enemies":"Jaw Worm","floor":2.0,"turns":5.0},{"damage":5.0,"enemies":"Small Slimes","floor":6.0,"turns":3.0},{"damage":36.0,"enemies":"Lagavulin","floor":8.0,"turns":5.0},{"damage":0.0,"enemies":"2 Louse","floor":9.0,"turns":3.0},{"damage":36.0,"enemies":"Gremlin Nob","floor":10.0,"turns":5.0},{"damage":5.0,"enemies":"downfall:FleeingMerchant","floor":11.0,"turns":4.0},{"damage":10.0,"enemies":"Exordium Wildlife","floor":12.0,"turns":3.0},{"damage":5.0,"enemies":"2 Fungi Beasts","floor":14.0,"turns":2.0},{"damage":5.0,"enemies":"Blue Slaver","floor":15.0,"turns":2.0},{"damage":42.0,"enemies":"downfall:Watcher","floor":16.0,"turns":13.0},{"damage":10.0,"enemies":"3 Byrds","floor":19.0,"turns":5.0},{"damage":30.0,"enemies":"Book of Stabbing","floor":20.0,"turns":5.0},{"damage":5.0,"enemies":"Centurion and Healer","floor":21.0,"turns":4.0},{"damage":21,"enemies":"Sentry and Sphere","floor":26,"turns":7},{"damage":28,"enemies":"Slavers","floor":27,"turns":8},{"damage":30,"enemies":"Shelled Parasite and Fungi","floor":30,"turns":2},{"damage":33,"enemies":"Cultist and Chosen","floor":31,"turns":3},{"damage":30,"enemies":"3 Cultists","floor":32,"turns":4},{"damage":33,"enemies":"downfall:Defect","floor":33,"turns":9}],"seed_played":"-7268989156324662195","potions_obtained":[{"floor":2.0,"key":"PowerPotion"},{"floor":8.0,"key":"Dexterity Potion"},{"floor":14.0,"key":"AttackPotion"},{"floor":21.0,"key":"SkillPotion"},{"floor":27,"key":"LiquidMemories"},{"floor":32,"key":"Regen Potion"}],"is_trial":false,"path_per_floor":["R","M","R","?","?","M","T","E","M","E","$","M","?","M","M","B",null,"R","M","E","M","?","?","T","?","M","E","?","?","M","M","M","B",null],"character_chosen":"THE_CHAMP","items_purchased":["Membership Card","Strawberry"],"campfire_rested":0,"item_purchase_floors":[11,11],"current_hp_per_floor":[90,86,86,86,91,91,91,70,70,44,51,51,51,51,51,39,102,102,102,88,88,88,88,88,88,72,59,59,43,43,38,29,35,102,102],"gold":111,"neow_bonus":"THREE_RARE_CARDS","is_daily":false,"chose_seed":false,"campfire_upgraded":2,"win_rate":0.0,"timestamp":1607868465,"path_taken":["R","M","R","?","?","M","T","E","M","E","$","M","?","M","M","BOSS","R","M","E","M","?","?","T","?","?","E","?","?","M","M","M","BOSS"],"items_purchased_type":["Relic","Relic"],"build_version":"2020-12-07","purchased_purges":1,"victory":false,"max_hp_per_floor":[90,90,90,90,95,95,95,95,95,95,102,102,102,102,102,102,102,102,102,102,102,102,102,102,102,102,102,102,102,102,102,102,102,102,102],"card_choices":[{"not_picked":["champ:SwordThrow","champ:HoldFirm"],"picked":"champ:CrownThrow","floor":0.0},{"not_picked":["champ:GladiatorsShout","champ:FaceSlap"],"picked":"champ:StanceDance","floor":2.0},{"not_picked":["champ:PerfectedStrike","champ:HeartStrike"],"picked":"champ:Backstep","floor":6.0},{"not_picked":["champ:GladiatorStyle","champ:ShieldWall"],"picked":"champ:BringItOn","floor":8.0},{"not_picked":["champ:FocusedDefense","champ:HeartStrike","champ:AdrenalArmor"],"picked":"SKIP","floor":9.0},{"not_picked":["champ:FocusedDefense","champ:BerserkerStyle"],"picked":"champ:MurderStrike","floor":10.0},{"not_picked":["champ:PerfectedStrike","champ:Circumvent"],"picked":"champ:ArenaPreparation","floor":11.0},{"not_picked":["champ:FocusedBerserking","champ:Haymaker","champ:BringItOn"],"picked":"SKIP","floor":12.0},{"not_picked":["champ:FlashCut","champ:TornadoPunch","champ:DefensiveShout"],"picked":"SKIP","floor":14.0},{"not_picked":["champ:DefensiveShout","champ:Encircle"],"picked":"champ:SkillfulDodge","floor":15.0},{"not_picked":["champ:StrikeOfGenius","champ:PerfectForm"],"picked":"champ:ShieldThrow","floor":16.0},{"not_picked":["champ:Duel+1","champ:Encircle","champ:FocusedBerserking"],"picked":"SKIP","floor":19.0},{"not_picked":["champ:BringItOn+1","champ:RisingSlash","champ:CrookedStrike"],"picked":"SKIP","floor":20.0},{"not_picked":["champ:AdrenalArmor","champ:DeathBlow","champ:BladeFlurry"],"picked":"SKIP","floor":21.0},{"not_picked":["champ:GladiatorsShout","champ:RecklessLeap+1","champ:BladeFlurry"],"picked":"SKIP","floor":26},{"not_picked":["champ:PerfectedStrike","champ:DeathBlow","champ:BladeFlurry"],"picked":"SKIP","floor":27},{"not_picked":["champ:RisingSlash","champ:FalseCounter+1"],"picked":"champ:FocusedDefense","floor":30},{"not_picked":["champ:BringItOn","champ:PerfectForm","champ:BladeFlurry"],"picked":"SKIP","floor":31},{"not_picked":["champ:GutPunch","champ:RapidStrikes"],"picked":"champ:Circumvent+1","floor":32},{"not_picked":["champ:IgnorePain","champ:VampiricStrike"],"picked":"champ:LastStand","floor":33}],"player_experience":429096,"relics_obtained":[{"floor":7.0,"key":"Bag of Preparation"},{"floor":8.0,"key":"MawBank"},{"floor":10.0,"key":"Bag of Marbles"},{"floor":20.0,"key":"PageOfSingingMachine"},{"floor":27,"key":"Letter Opener"},{"floor":29,"key":"Enchiridion"}],"event_choices":[{"damage_healed":0.0,"max_hp_gain":5.0,"max_hp_loss":0.0,"gold_gain":0.0,"event_name":"Big Fish","player_choice":"Donut","floor":5.0,"gold_loss":0.0,"damage_taken":0.0},{"cards_removed":["champ:Strike"],"damage_healed":0,"gold_gain":0,"player_choice":"Took Card","damage_taken":0,"max_hp_gain":0,"max_hp_loss":0,"event_name":"NoteForYourself","floor":25,"gold_loss":0,"cards_obtained":["Defend_R"]}],"is_beta":true,"boss_relics":[{"not_picked":["SacredBark","Busted Crown"],"picked":"Ectoplasm"},{"not_picked":["Pandora\u0027s Box","Astrolabe"],"picked":"Runic Dome"}],"items_purged_floors":[11],"is_endless":false,"potions_floor_spawned":[2,8,14,15,16,20,21,27,32],"ascension_level":0}}