{"host":"69rply1jf2d1wbmp","time":1607896716,"event":{"mods":["BaseMod","Minty Spire (QoL Compilation)","Quick Restart"],"gold_per_floor":[109,124,140,25,25,60,87,99,187,210,233,274,298,343,355,471,483,509,540,330,347,360,387,387,397,450,485,485,485,502,502,502],"floor_reached":31,"playtime":1662,"items_purged":["Strike_G"],"score":353,"play_id":"3a0ee88f-afeb-42f5-9b83-caa00fcb6a2c","local_time":"20201213165836","is_ascension_mode":false,"campfire_choices":[{"data":"Accuracy","floor":8,"key":"SMITH"},{"floor":15,"key":"REST"},{"data":"Accuracy","floor":24,"key":"SMITH"},{"floor":28,"key":"REST"}],"circlet_count":0,"master_deck":["Strike_G","Defend_G","Defend_G","Defend_G","Defend_G","Defend_G","Survivor","Neutralize+1","Dagger Spray+1","Accuracy+1","Infinite Blades","Blade Dance","Accuracy+1","Blade Dance","Infinite Blades","Backstab","Blur","Footwork","Deflect","After Image","Finisher+1","Deadly Poison+1","Riddle With Holes+1","Terror","Footwork+1","After Image","Blur"],"relics":["Ring of the Snake","Dead Branch","MawBank","Blue Candle","Omamori","Dream Catcher","Astrolabe","Bag of Preparation","Art of War","Whetstone","Girya"],"acts_visited":["Exordium","TheCity"],"potions_floor_usage":[18,21,29,30],"damage_taken":[{"damage":1,"enemies":"2 Louse","floor":1,"turns":4},{"damage":1,"enemies":"Cultist","floor":2,"turns":4},{"damage":7,"enemies":"Jaw Worm","floor":3,"turns":4},{"damage":13,"enemies":"3 Sentries","floor":6,"turns":7},{"damage":4,"enemies":"Blue Slaver","floor":7,"turns":3},{"damage":0,"enemies":"Looter","floor":10,"turns":1},{"damage":1,"enemies":"2 Fungi Beasts","floor":11,"turns":2},{"damage":16,"enemies":"Gremlin Nob","floor":12,"turns":3},{"damage":4,"enemies":"3 Louse","floor":13,"turns":3},{"damage":13,"enemies":"Lagavulin","floor":14,"turns":5},{"damage":0,"enemies":"Slime Boss","floor":16,"turns":6},{"damage":2,"enemies":"Spheric Guardian","floor":18,"turns":3},{"damage":12,"enemies":"Shell Parasite","floor":19,"turns":5},{"damage":1,"enemies":"3 Cultists","floor":21,"turns":6},{"damage":5,"enemies":"Sentry and Sphere","floor":22,"turns":4},{"damage":10,"enemies":"Book of Stabbing","floor":23,"turns":5},{"damage":2,"enemies":"Cultist and Chosen","floor":25,"turns":5},{"damage":36,"enemies":"Slavers","floor":27,"turns":8},{"damage":0,"enemies":"Snake Plant","floor":29,"turns":1},{"damage":5,"enemies":"Shelled Parasite and Fungi","floor":30,"turns":5},{"damage":24,"enemies":"Gremlin Leader","floor":31,"turns":5}],"seed_played":"-6932878704479877065","potions_obtained":[{"floor":1,"key":"SpeedPotion"},{"floor":3,"key":"SmokeBomb"},{"floor":11,"key":"SpeedPotion"},{"floor":18,"key":"Fruit Juice"},{"floor":22,"key":"FearPotion"},{"floor":27,"key":"Energy Potion"},{"floor":30,"key":"GamblersBrew"}],"is_trial":false,"path_per_floor":["M","M","M","$","?","E","M","R","T","M","M","E","M","E","R","B",null,"M","M","$","M","M","E","R","M","T","E","R","M","M","E"],"character_chosen":"THE_SILENT","items_purchased":["Blade Dance","Accuracy","Bag of Preparation"],"campfire_rested":2,"item_purchase_floors":[4,4,20],"current_hp_per_floor":[69,68,61,61,61,48,44,44,44,44,43,27,23,10,31,31,70,73,61,61,60,55,45,45,43,43,7,29,29,24,0,0],"gold":502,"neow_bonus":"THREE_CARDS","is_daily":false,"chose_seed":false,"campfire_upgraded":2,"win_rate":0.0,"timestamp":1607896716,"path_taken":["M","M","M","$","?","E","M","R","T","M","M","E","?","E","R","BOSS","M","?","$","M","M","E","R","M","T","E","R","M","?","E"],"items_purchased_type":["Card","Card","Relic"],"build_version":"2020-11-30","purchased_purges":1,"victory":false,"max_hp_per_floor":[70,70,70,70,70,70,70,70,70,70,70,70,70,70,70,70,70,75,75,75,75,75,75,75,75,75,75,75,75,75,75,75],"card_choices":[{"not_picked":["Dagger Throw","Cloak And Dagger"],"picked":"Dagger Spray","floor":0},{"not_picked":["Dagger Throw","Riddle With Holes"],"picked":"Accuracy","floor":1},{"not_picked":["Flechettes","Prepared"],"picked":"Infinite Blades","floor":2},{"not_picked":["Tactician","Well Laid Plans","Dodge and Roll"],"picked":"SKIP","floor":3},{"not_picked":["PiercingWail","Caltrops"],"picked":"Blade Dance","floor":6},{"not_picked":["Dodge and Roll","Predator"],"picked":"Infinite Blades","floor":7},{"not_picked":["Sucker Punch","Flechettes"],"picked":"Backstab","floor":10},{"not_picked":["Dagger Throw","Skewer","Setup"],"picked":"SKIP","floor":11},{"not_picked":["Acrobatics","Venomology"],"picked":"Blur","floor":12},{"not_picked":["Quick Slash","Dodge and Roll","Acrobatics"],"picked":"SKIP","floor":13},{"not_picked":["Backstab","Outmaneuver"],"picked":"Footwork","floor":14},{"not_picked":["Masterful Stab","Quick Slash"],"picked":"Deflect","floor":15},{"not_picked":["Night Terror","Envenom"],"picked":"After Image","floor":16},{"not_picked":["Dash+1","Bane"],"picked":"Terror","floor":18},{"not_picked":["Calculated Gamble","Finisher"],"picked":"Footwork+1","floor":19},{"not_picked":["Outmaneuver","Bane","PiercingWail+1"],"picked":"SKIP","floor":21},{"not_picked":["PiercingWail+1","Setup"],"picked":"After Image","floor":22},{"not_picked":["Underhanded Strike","Doppelganger","Acrobatics"],"picked":"SKIP","floor":23},{"not_picked":["Escape Plan","Outmaneuver","Accuracy"],"picked":"SKIP","floor":25},{"not_picked":["Masterful Stab","Deflect","Underhanded Strike"],"picked":"SKIP","floor":27},{"not_picked":["Deflect","Dagger Spray"],"picked":"Blur","floor":28},{"not_picked":["Outmaneuver","Cloak And Dagger","Doppelganger"],"picked":"SKIP","floor":30}],"player_experience":338414,"relics_obtained":[{"floor":5,"key":"Dead Branch"},{"floor":6,"key":"MawBank"},{"floor":9,"key":"Blue Candle"},{"floor":12,"key":"Omamori"},{"floor":14,"key":"Dream Catcher"},{"floor":23,"key":"Art of War"},{"floor":26,"key":"Whetstone"},{"floor":27,"key":"Girya"}],"event_choices":[{"damage_healed":0,"gold_gain":0,"player_choice":"Relic","damage_taken":0,"max_hp_gain":0,"max_hp_loss":0,"event_name":"Wheel of Change","floor":5,"gold_loss":0}],"is_beta":false,"boss_relics":[{"not_picked":["Pandora\u0027s Box","SacredBark"],"picked":"Astrolabe"}],"items_purged_floors":[20],"is_endless":false,"potions_floor_spawned":[1,3,11,18,22,27,30],"killed_by":"Gremlin Leader","ascension_level":0}}