{"host":"rmsq46plbpwfbxcc","time":1607831725,"event":{"mods":["AchievementEnabler","BaseMod","Colored Map","DeckTracker","Minty Spire (QoL Compilation)","Permanent Neow","SuperFastMode"],"gold_per_floor":[113,113,127,50,50,84,84,114,114,128,11,11,24,35,35,113,113,124,143,155,175,175,175,88,99,99,109,128,128,161,161,161,161,161],"floor_reached":33,"playtime":895,"items_purged":["Strike_G"],"score":547,"play_id":"84af3e6e-1026-4e5f-982a-34fed77ea063","local_time":"20201213125525","is_ascension_mode":true,"campfire_choices":[{"data":"Neutralize","floor":7.0,"key":"SMITH"},{"data":"Dash","floor":12.0,"key":"SMITH"},{"data":"Cloak And Dagger","floor":15.0,"key":"SMITH"},{"data":"Blur","floor":23.0,"key":"SMITH"},{"data":"Footwork","floor":29.0,"key":"SMITH"},{"data":"Catalyst","floor":32,"key":"SMITH"}],"circlet_count":0,"master_deck":["AscendersBane","Strike_G","Strike_G","Strike_G","Strike_G","Defend_G","Defend_G","Defend_G","Defend_G","Survivor","Neutralize+1","Cloak And Dagger+1","Backflip","Dash+1","Backstab","Blur+1","PiercingWail","Deadly Poison+1","Footwork+1","Parasite","Crippling Poison","Bane","Burst","Catalyst+1"],"relics":["Ring of the Snake","NeowsBlessing","Du-Vu Doll","The Specimen","StrikeDummy","Cursed Key","Eternal Feather","HornCleat"],"acts_visited":["Exordium","TheCity"],"potions_floor_usage":[33],"damage_taken":[{"damage":0.0,"enemies":"Cultist","floor":1.0,"turns":1.0},{"damage":0.0,"enemies":"Jaw Worm","floor":3.0,"turns":1.0},{"damage":0.0,"enemies":"Lagavulin","floor":6.0,"turns":1.0},{"damage":11.0,"enemies":"3 Sentries","floor":8.0,"turns":10.0},{"damage":0.0,"enemies":"Small Slimes","floor":10.0,"turns":2.0},{"damage":0.0,"enemies":"Gremlin Gang","floor":13.0,"turns":5.0},{"damage":0.0,"enemies":"Blue Slaver","floor":14.0,"turns":3.0},{"damage":42.0,"enemies":"Slime Boss","floor":16.0,"turns":13.0},{"damage":0.0,"enemies":"Chosen","floor":18.0,"turns":5.0},{"damage":13.0,"enemies":"Spheric Guardian","floor":19.0,"turns":4.0},{"damage":3.0,"enemies":"Centurion and Healer","floor":20.0,"turns":7.0},{"damage":4.0,"enemies":"Shelled Parasite and Fungi","floor":21.0,"turns":5.0},{"damage":10.0,"enemies":"3 Cultists","floor":25.0,"turns":7.0},{"damage":3.0,"enemies":"Centurion and Healer","floor":27.0,"turns":6.0},{"damage":4.0,"enemies":"Cultist and Chosen","floor":28.0,"turns":7.0},{"damage":4.0,"enemies":"Book of Stabbing","floor":30.0,"turns":6.0},{"damage":39,"enemies":"Champ","floor":33,"turns":14}],"seed_played":"6915785269146120856","potions_obtained":[{"floor":3.0,"key":"SteroidPotion"},{"floor":6.0,"key":"Swift Potion"},{"floor":8.0,"key":"SpeedPotion"},{"floor":10.0,"key":"Dexterity Potion"},{"floor":18.0,"key":"EntropicBrew"}],"is_trial":false,"path_per_floor":["M","?","M","$","?","E","R","E","T","M","$","R","M","M","R","B",null,"M","M","M","M","?","R","$","M","T","M","M","R","E","?","R","B"],"character_chosen":"THE_SILENT","items_purchased":["Dash","Blur","Footwork"],"campfire_rested":0,"item_purchase_floors":[4,11,24],"current_hp_per_floor":[59,64,64,64,64,64,64,53,53,53,53,53,53,53,53,11,56,56,43,40,36,36,36,36,26,26,23,19,31,27,27,39,0,0],"gold":161,"neow_bonus":"THREE_ENEMY_KILL","is_daily":false,"chose_seed":false,"campfire_upgraded":6,"win_rate":0.0,"timestamp":1607831725,"path_taken":["M","?","M","?","?","E","R","E","T","M","$","R","M","?","R","BOSS","M","M","M","?","?","R","$","M","T","?","M","R","E","?","R","BOSS"],"items_purchased_type":["Card","Card","Card"],"build_version":"2020-11-30","purchased_purges":1,"victory":false,"max_hp_per_floor":[66,71,71,71,71,71,71,71,71,71,71,71,71,71,71,71,71,71,71,71,71,71,71,71,71,71,71,71,71,71,71,71,71,71],"card_choices":[{"not_picked":["Backflip","Bane"],"picked":"Cloak And Dagger","floor":1.0},{"not_picked":["All Out Attack","Eviscerate"],"picked":"Backflip","floor":3.0},{"not_picked":["Prepared","Eviscerate","Endless Agony"],"picked":"SKIP","floor":6.0},{"not_picked":["Doppelganger","Heel Hook","Flying Knee"],"picked":"SKIP","floor":8.0},{"not_picked":["Noxious Fumes","Backflip"],"picked":"Backstab","floor":10.0},{"not_picked":["Bouncing Flask","Quick Slash","Dodge and Roll"],"picked":"SKIP","floor":13.0},{"not_picked":["Flying Knee","Dagger Throw","Cloak And Dagger"],"picked":"SKIP","floor":14.0},{"not_picked":["Acrobatics","Sucker Punch"],"picked":"PiercingWail","floor":18.0},{"not_picked":["Accuracy","Prepared"],"picked":"Deadly Poison","floor":19.0},{"not_picked":["All Out Attack+1","Outmaneuver","Caltrops"],"picked":"SKIP","floor":20.0},{"not_picked":["Underhanded Strike","Flechettes","Wraith Form v2"],"picked":"SKIP","floor":21.0},{"not_picked":["Sucker Punch+1","Predator+1","Deflect"],"picked":"SKIP","floor":25.0},{"not_picked":["Dagger Throw","Dash+1"],"picked":"Crippling Poison","floor":27.0},{"not_picked":["Slice","Underhanded Strike"],"picked":"Bane","floor":28.0},{"not_picked":["Choke","Blade Dance"],"picked":"Burst","floor":30.0}],"player_experience":1326335,"relics_obtained":[{"floor":6.0,"key":"Du-Vu Doll"},{"floor":8.0,"key":"The Specimen"},{"floor":9.0,"key":"StrikeDummy"},{"floor":26.0,"key":"Eternal Feather"},{"floor":30.0,"key":"HornCleat"}],"event_choices":[{"damage_healed":0.0,"max_hp_gain":5.0,"max_hp_loss":0.0,"gold_gain":0.0,"event_name":"Big Fish","player_choice":"Donut","floor":2.0,"gold_loss":0.0,"damage_taken":0.0},{"cards_removed":["Defend_G"],"damage_healed":0.0,"max_hp_gain":0.0,"max_hp_loss":0.0,"gold_gain":0.0,"event_name":"Bonfire Elementals","player_choice":"Offered Basic","floor":5.0,"gold_loss":0.0,"damage_taken":0.0},{"damage_healed":0.0,"max_hp_gain":0.0,"max_hp_loss":0.0,"gold_gain":0.0,"event_name":"Upgrade Shrine","player_choice":"Upgraded","floor":22.0,"gold_loss":0.0,"damage_taken":0.0,"cards_upgraded":["Deadly Poison"]},{"damage_healed":0,"gold_gain":0,"player_choice":"1 cards matched","damage_taken":0,"max_hp_gain":0,"max_hp_loss":0,"event_name":"Match and Keep!","floor":31,"gold_loss":0,"cards_obtained":["Catalyst"]}],"is_beta":false,"boss_relics":[{"not_picked":["Calling Bell","Ring of the Serpent"],"picked":"Cursed Key"}],"items_purged_floors":[11],"is_endless":false,"potions_floor_spawned":[3,6,8,10,18,19,28],"killed_by":"Champ","ascension_level":16}}