{"host":"w6oy2nru13p3os12","time":1607901010,"event":{"mods":["BaseMod","BetterRewards","Colored Powertips","Conspire","Energized Spire","GungeonMod","Halation","Hubris","Mimic Mod","Minty Spire (QoL Compilation)","Permanent Neow","Quick Restart","Replay The Spire","Reworked Bosses","Spikes Relics","StSLib","The Jungle","Wandering Minibosses"],"gold_per_floor":[113,132,58,58,72,100,100,176,176,226,226,238,272,285,285,285,285],"floor_reached":16,"playtime":445,"items_purged":[],"score":209,"play_id":"64c6b69e-5d74-43c4-8e4c-d5f82c850fc4","local_time":"20201213181010","is_ascension_mode":true,"campfire_choices":[{"data":"Consume","floor":7,"key":"SMITH"},{"floor":11,"key":"REST"},{"data":"Self Repair","floor":15,"key":"SMITH"}],"circlet_count":0,"master_deck":["AscendersBane","Strike_B","Strike_B","Strike_B","Strike_B","Defend_B","Defend_B","Defend_B","Defend_B","Zap","Dualcast","Ball Lightning","Consume+1","FIFO Queue","Self Repair+1","Sweeping Beam","Go for the Eyes","Go for the Eyes"],"relics":["Cracked Core","hubris:Metronome","conspire:Dentures","Du-Vu Doll","DemoMod:Metronome"],"acts_visited":["Exordium"],"potions_floor_usage":[6,6,13,14],"damage_taken":[{"damage":7,"enemies":"2 Louse","floor":1,"turns":3},{"damage":0,"enemies":"Cultist","floor":2,"turns":3},{"damage":11,"enemies":"Jaw Worm","floor":5,"turns":2},{"damage":32,"enemies":"Lagavulin","floor":6,"turns":8},{"damage":13,"enemies":"Blue Slaver","floor":12,"turns":4},{"damage":5,"enemies":"3 Sentries","floor":13,"turns":5},{"damage":0,"enemies":"Gremlin Gang","floor":14,"turns":1},{"damage":48,"enemies":"Fading Forest","floor":16,"turns":9}],"seed_played":"8540601200937439521","potions_obtained":[{"floor":1,"key":"Strength Potion"},{"floor":2,"key":"DemoMod:LeadSkinPotion"},{"floor":12,"key":"EssenceOfSteel"},{"floor":13,"key":"Toxic Potion"}],"is_trial":false,"path_per_floor":["M","M","?","?","M","E","R","T","T","?","R","M","E","M","R","B"],"character_chosen":"DEFECT","items_purchased":[],"campfire_rested":1,"item_purchase_floors":[],"current_hp_per_floor":[57,57,57,57,46,21,21,21,21,21,42,36,38,38,38,2,2],"gold":285,"neow_bonus":"ONE_RANDOM_RARE_CARD","is_daily":false,"chose_seed":false,"campfire_upgraded":2,"win_rate":0.0,"timestamp":1607901010,"path_taken":["M","M","?","?","?","E","R","?","T","?","R","M","E","?","R","BOSS"],"items_purchased_type":[],"build_version":"2020-11-30","purchased_purges":0,"victory":false,"max_hp_per_floor":[71,71,71,71,71,71,71,71,71,71,71,71,71,71,71,71,71],"card_choices":[{"not_picked":["Sweeping Beam","Turbo"],"picked":"Ball Lightning","floor":1},{"not_picked":["Compile Driver","Hello World"],"picked":"Consume","floor":2},{"not_picked":["Streamline","BootSequence"],"picked":"Self Repair","floor":5},{"not_picked":["Rebound","Recycle"],"picked":"Sweeping Beam","floor":6},{"not_picked":["Echo Form","ReplayTheSpireMod:System Scan"],"picked":"Go for the Eyes","floor":12},{"not_picked":["Stack","ReplayTheSpireMod:System Scan","ReplayTheSpireMod:Calculation Training"],"picked":"SKIP","floor":13},{"not_picked":["White Noise","Stack"],"picked":"Go for the Eyes","floor":14}],"player_experience":335974,"relics_obtained":[{"floor":6,"key":"hubris:Metronome"},{"floor":8,"key":"conspire:Dentures"},{"floor":9,"key":"Du-Vu Doll"},{"floor":13,"key":"DemoMod:Metronome"}],"event_choices":[{"damage_healed":0,"gold_gain":0,"player_choice":"Left Gold","damage_taken":0,"max_hp_gain":0,"max_hp_loss":0,"event_name":"World of Goop","floor":3,"gold_loss":74},{"damage_healed":0,"gold_gain":0,"cards_transformed":["hubris:DoWhile"],"player_choice":"Transformed","damage_taken":0,"max_hp_gain":0,"max_hp_loss":0,"event_name":"Transmorgrifier","floor":4,"gold_loss":0,"cards_obtained":["FIFO Queue"]},{"damage_healed":0,"gold_gain":50,"player_choice":"Pray","damage_taken":0,"max_hp_gain":0,"max_hp_loss":0,"event_name":"Golden Shrine","floor":10,"gold_loss":0}],"is_beta":false,"boss_relics":[],"items_purged_floors":[],"is_endless":false,"potions_floor_spawned":[1,2,12,13],"killed_by":"Fading Forest","ascension_level":18}}