{"host":"y56d1fjpgcjsodvy","time":1607850993,"event":{"mods":["BaseMod","Colored Powertips","GifTheSpireLib","Highlight Path","Minty Spire (QoL Compilation)","StSLib","SuperFastMode","everything is the same but u backflip on backflip"],"gold_per_floor":[113,123,123,140,140,140,154,154,181,199,215,215,15,29,29,108,108,124,139,158,158,158,189,208,208,208,208,220,220,234,244,244,321,321,336,42,54,54,0,0,30,30,55,86,86,104,104,151,151,151,151],"floor_reached":50,"playtime":1733,"items_purged":["FollowUp"],"score":1378,"play_id":"1ca2fbf9-e5a5-4608-a3a3-b8ea264c804e","local_time":"20201213181633","is_ascension_mode":true,"campfire_choices":[{"data":"Scrawl","floor":6.0,"key":"SMITH"},{"data":"Eruption","floor":12.0,"key":"SMITH"},{"data":"Tantrum","floor":15.0,"key":"SMITH"},{"floor":25.0,"key":"REST"},{"data":"Adaptation","floor":27.0,"key":"SMITH"},{"floor":32.0,"key":"REST"},{"data":"Omniscience","floor":40.0,"key":"SMITH"},{"data":"Adaptation","floor":42,"key":"SMITH"},{"data":"Apotheosis","floor":47,"key":"SMITH"},{"floor":49,"key":"RECALL"}],"circlet_count":0,"master_deck":["AscendersBane","Vigilance","Scrawl+1","FearNoEvil","Tantrum+1","Devotion","Indignation+1","Collect+1","Protect+1","Adaptation+1","Halt","Prostrate","Ghostly","Ghostly","Ghostly","Prostrate","TalkToTheHand+1","Omniscience+1","Adaptation+1","InnerPeace","Vengeance","Apotheosis+1","Good Instincts"],"relics":["PureWater","Strawberry","TheAbacus","Astrolabe","Smiling Mask","Empty Cage","Membership Card","Red Mask","Toy Ornithopter","Anchor","Meat on the Bone","Unceasing Top"],"acts_visited":["Exordium","TheCity","TheBeyond"],"potions_floor_usage":[50,50],"damage_taken":[{"damage":0.0,"enemies":"2 Louse","floor":1.0,"turns":3.0},{"damage":5.0,"enemies":"Small Slimes","floor":2.0,"turns":4.0},{"damage":1.0,"enemies":"Cultist","floor":4.0,"turns":4.0},{"damage":8.0,"enemies":"Exordium Wildlife","floor":7.0,"turns":6.0},{"damage":8.0,"enemies":"Large Slime","floor":10.0,"turns":6.0},{"damage":0.0,"enemies":"2 Fungi Beasts","floor":11.0,"turns":2.0},{"damage":0.0,"enemies":"Looter","floor":14.0,"turns":2.0},{"damage":0.0,"enemies":"Slime Boss","floor":16.0,"turns":3.0},{"damage":16.0,"enemies":"Shell Parasite","floor":18.0,"turns":4.0},{"damage":0.0,"enemies":"Chosen","floor":19.0,"turns":2.0},{"damage":6.0,"enemies":"Sentry and Sphere","floor":20.0,"turns":4.0},{"damage":21.0,"enemies":"Slavers","floor":23.0,"turns":5.0},{"damage":13.0,"enemies":"Snake Plant","floor":24.0,"turns":3.0},{"damage":25.0,"enemies":"Chosen and Byrds","floor":28.0,"turns":4.0},{"damage":0.0,"enemies":"Centurion and Healer","floor":30.0,"turns":4.0},{"damage":0.0,"enemies":"Shelled Parasite and Fungi","floor":31.0,"turns":4.0},{"damage":0.0,"enemies":"Automaton","floor":33.0,"turns":10.0},{"damage":0.0,"enemies":"Orb Walker","floor":35.0,"turns":5.0},{"damage":0.0,"enemies":"3 Darklings","floor":37.0,"turns":4.0},{"damage":0,"enemies":"Nemesis","floor":41,"turns":5},{"damage":0,"enemies":"Giant Head","floor":44,"turns":4},{"damage":0,"enemies":"Sphere and 2 Shapes","floor":46,"turns":4},{"damage":0,"enemies":"2 Orb Walkers","floor":48,"turns":5},{"damage":35,"enemies":"Time Eater","floor":50,"turns":9}],"seed_played":"8722539725938877987","potions_obtained":[{"floor":4.0,"key":"Fire Potion"},{"floor":7.0,"key":"Explosive Potion"},{"floor":11.0,"key":"Swift Potion"},{"floor":19.0,"key":"BottledMiracle"},{"floor":20.0,"key":"AttackPotion"},{"floor":30.0,"key":"DuplicationPotion"},{"floor":31.0,"key":"EntropicBrew"},{"floor":44,"key":"GamblersBrew"},{"floor":46,"key":"DistilledChaos"}],"is_trial":false,"path_per_floor":["M","M","?","M","?","R","M","?","T","M","M","R","$","M","R","B",null,"M","M","M","?","?","E","M","R","T","R","M","?","M","M","R","B",null,"M","$","M","?","?","R","E","R","T","E","?","M","R","?","R","B"],"character_chosen":"WATCHER","items_purchased":["TheAbacus","FollowUp","Membership Card","Adaptation","InnerPeace"],"campfire_rested":2,"item_purchase_floors":[13,13,36,36,36],"current_hp_per_floor":[61,56,49,48,48,48,40,40,47,39,39,39,39,39,39,39,66,50,50,44,44,44,23,10,32,32,32,7,7,7,7,18,18,32,32,32,32,32,32,32,32,32,32,32,22,22,22,22,22,0,0],"gold":151,"neow_bonus":"ONE_RANDOM_RARE_CARD","is_daily":false,"chose_seed":false,"campfire_upgraded":7,"win_rate":0.0,"timestamp":1607850993,"path_taken":["M","M","?","M","?","R","M","?","T","M","?","R","$","M","R","BOSS","M","M","M","?","?","E","M","R","T","R","M","?","M","M","R","BOSS","M","$","M","?","?","R","E","R","T","E","?","M","R","?","R","BOSS"],"items_purchased_type":["Relic","Card","Relic","Card","Card"],"build_version":"2020-11-30","purchased_purges":1,"victory":false,"max_hp_per_floor":[68,68,68,68,68,68,68,68,75,75,75,75,75,75,75,75,75,75,75,75,75,75,75,75,75,75,75,75,37,37,37,37,37,37,37,37,37,37,37,37,37,37,37,37,37,37,37,37,37,37,37],"card_choices":[{"not_picked":["SashWhip","Wireheading"],"picked":"FearNoEvil","floor":1.0},{"not_picked":["BowlingBash","Consecrate","ReachHeaven"],"picked":"SKIP","floor":2.0},{"not_picked":["Protect","SashWhip","EmptyBody"],"picked":"SKIP","floor":4.0},{"not_picked":["EmptyBody","Halt","JustLucky"],"picked":"SKIP","floor":7.0},{"not_picked":["Swivel","ForeignInfluence"],"picked":"Tantrum","floor":10.0},{"not_picked":["FlyingSleeves","Study","Meditate"],"picked":"SKIP","floor":11.0},{"not_picked":["JustLucky","Fasting2"],"picked":"Devotion","floor":14.0},{"not_picked":["ForeignInfluence+1","Collect","FollowUp"],"picked":"SKIP","floor":18.0},{"not_picked":["WreathOfFlame","ReachHeaven"],"picked":"Adaptation","floor":19.0},{"not_picked":["ThirdEye","Swivel+1","ForeignInfluence"],"picked":"SKIP","floor":20.0},{"not_picked":["Tantrum","Consecrate","Nirvana"],"picked":"SKIP","floor":23.0},{"not_picked":["SashWhip","FlurryOfBlows","Protect"],"picked":"SKIP","floor":24.0},{"not_picked":["Evaluate","WheelKick"],"picked":"Prostrate","floor":28.0},{"not_picked":["Conclude","SashWhip"],"picked":"Prostrate","floor":30.0},{"not_picked":["ClearTheMind","SignatureMove"],"picked":"TalkToTheHand+1","floor":31.0},{"not_picked":["Alpha","Judgement"],"picked":"Omniscience","floor":33.0},{"not_picked":["ClearTheMind","Crescendo+1","CrushJoints"],"picked":"SKIP","floor":35.0},{"not_picked":["Halt","Perseverance","Crescendo"],"picked":"SKIP","floor":37.0},{"not_picked":["Evaluate","JustLucky+1","Conclude"],"picked":"SKIP","floor":41},{"not_picked":["Protect","WindmillStrike+1"],"picked":"Vengeance","floor":44},{"not_picked":["Flash of Steel","Swift Strike"],"picked":"Apotheosis","floor":45},{"not_picked":["Impatience","Trip"],"picked":"Good Instincts","floor":45},{"not_picked":["ThirdEye","WheelKick","EmptyBody"],"picked":"SKIP","floor":46}],"player_experience":1159475,"relics_obtained":[{"floor":9.0,"key":"Strawberry"},{"floor":23.0,"key":"Smiling Mask"},{"floor":41,"key":"Toy Ornithopter"},{"floor":43,"key":"Anchor"},{"floor":44,"key":"Meat on the Bone"},{"floor":48,"key":"Unceasing Top"}],"event_choices":[{"cards_removed":["Defend_P"],"damage_healed":0.0,"max_hp_gain":0.0,"max_hp_loss":0.0,"gold_gain":0.0,"event_name":"Golden Wing","player_choice":"Card Removal","floor":3.0,"gold_loss":0.0,"damage_taken":7.0},{"damage_healed":0.0,"max_hp_gain":0.0,"max_hp_loss":0.0,"gold_gain":0.0,"event_name":"Liars Game","player_choice":"Ignored","floor":5.0,"gold_loss":0.0,"damage_taken":0.0},{"cards_removed":["Strike_P"],"damage_healed":0.0,"max_hp_gain":0.0,"max_hp_loss":0.0,"gold_gain":0.0,"event_name":"Bonfire Elementals","player_choice":"Offered Basic","floor":8.0,"gold_loss":0.0,"damage_taken":0.0},{"cards_removed":["Strike_P"],"damage_healed":0.0,"max_hp_gain":0.0,"max_hp_loss":0.0,"gold_gain":0.0,"event_name":"Back to Basics","player_choice":"Elegance","floor":21.0,"gold_loss":0.0,"damage_taken":0.0},{"damage_healed":0.0,"max_hp_gain":0.0,"max_hp_loss":0.0,"gold_gain":0.0,"event_name":"The Library","player_choice":"Read","floor":22.0,"gold_loss":0.0,"damage_taken":0.0,"cards_obtained":["Halt"]},{"damage_healed":0.0,"max_hp_gain":0.0,"max_hp_loss":38.0,"gold_gain":0.0,"event_name":"Ghosts","player_choice":"Became a Ghost","floor":29.0,"gold_loss":0.0,"damage_taken":0.0,"cards_obtained":["Ghostly","Ghostly","Ghostly"]},{"cards_removed":["Eruption"],"damage_healed":0.0,"max_hp_gain":0.0,"max_hp_loss":0.0,"gold_gain":0.0,"event_name":"Falling","player_choice":"Removed Attack","floor":38.0,"gold_loss":0.0,"damage_taken":0.0},{"damage_healed":0.0,"max_hp_gain":0.0,"max_hp_loss":0.0,"gold_gain":0.0,"event_name":"Tomb of Lord Red Mask","player_choice":"Paid","floor":39.0,"gold_loss":54.0,"damage_taken":0.0,"relics_obtained":["Red Mask"]},{"damage_healed":0,"gold_gain":0,"player_choice":"Memory 3","damage_taken":10,"max_hp_gain":0,"max_hp_loss":0,"event_name":"SensoryStone","floor":45,"gold_loss":0},{"damage_healed":0,"gold_gain":0,"player_choice":"Fight","damage_taken":0,"max_hp_gain":0,"max_hp_loss":0,"event_name":"Mysterious Sphere","floor":48,"gold_loss":0}],"is_beta":false,"boss_relics":[{"not_picked":["Snecko Eye","Tiny House"],"picked":"Astrolabe"},{"not_picked":["Black Star","Philosopher\u0027s Stone"],"picked":"Empty Cage"}],"items_purged_floors":[36],"is_endless":false,"potions_floor_spawned":[4,7,11,19,20,30,31,44,46],"killed_by":"Time Eater","ascension_level":20}}