{"host":"63rwe7p34ct1i0qu","time":1607877346,"event":{"mods":["BaseMod","DeckTracker","Minty Spire (QoL Compilation)","Permanent Neow","Quick Restart","StSLib"],"gold_per_floor":[116,132,143,143,143,143,173,173,173,208,208,280,308,328,328,430,430,441,441,441,461,481,481,481,42,97,97,128,128,138,63,63,160,160,172,191,191,211,136,136,146,70,70,97,7,7,27,54,54,54],"floor_reached":51,"playtime":2432,"items_purged":["Hello World"],"score":1136,"play_id":"13e599d4-be59-41ac-baba-bc9af13b39d4","local_time":"20201214013546","is_ascension_mode":true,"campfire_choices":[{"floor":6,"key":"REST"},{"floor":8,"key":"REST"},{"floor":11,"key":"REST"},{"floor":15,"key":"REST"},{"floor":23,"key":"REST"},{"data":"Zap","floor":27,"key":"SMITH"},{"floor":29,"key":"REST"},{"data":"Hologram","floor":32,"key":"SMITH"},{"data":"Loop","floor":40,"key":"SMITH"},{"data":"Meteor Strike","floor":46,"key":"SMITH"},{"data":"Sunder","floor":49,"key":"SMITH"}],"circlet_count":0,"master_deck":["Dualcast+1","Chill+1","Streamline+1","Recycle+1","Hologram+1","Sunder+1","Coolheaded+1","Loop+1","Capacitor","Coolheaded+1","Echo Form","Capacitor","Necronomicurse","White Noise+1","Go for the Eyes+1","Recycle+1","Meteor Strike+1","Meteor Strike+1","Hologram+1","Coolheaded+1","Skim+1","All For One","Glacier+1","Steam+1","Streamline","Fission+1","White Noise+1","Glacier+1","Coolheaded+1","Tempest+1","Skim+1"],"relics":["Black Star","Pear","MealTicket","Bag of Marbles","Toxic Egg 2","Letter Opener","Dream Catcher","Art of War","Whetstone","Snecko Eye","Necronomicon","MutagenicStrength","DollysMirror","Bag of Preparation","Tiny Chest","Darkstone Periapt","Kunai","Pandora\u0027s Box","Bottled Flame","Symbiotic Virus","Molten Egg 2","DataDisk","War Paint"],"acts_visited":["Exordium","TheCity","TheBeyond"],"potions_floor_usage":[7,10,13,22,41,50],"damage_taken":[{"damage":1,"enemies":"Cultist","floor":1,"turns":3},{"damage":7,"enemies":"Jaw Worm","floor":2,"turns":6},{"damage":13,"enemies":"Small Slimes","floor":3,"turns":4},{"damage":36,"enemies":"Lagavulin","floor":7,"turns":6},{"damage":10,"enemies":"3 Sentries","floor":10,"turns":8},{"damage":22,"enemies":"Lagavulin","floor":13,"turns":6},{"damage":3,"enemies":"Exordium Wildlife","floor":14,"turns":3},{"damage":13,"enemies":"The Guardian","floor":16,"turns":10},{"damage":0,"enemies":"3 Byrds","floor":18,"turns":5},{"damage":14,"enemies":"Spheric Guardian","floor":21,"turns":4},{"damage":14,"enemies":"3 Cultists","floor":22,"turns":4},{"damage":16,"enemies":"Book of Stabbing","floor":28,"turns":4},{"damage":10,"enemies":"Snake Plant","floor":30,"turns":2},{"damage":24,"enemies":"Champ","floor":33,"turns":4},{"damage":0,"enemies":"Orb Walker","floor":35,"turns":1},{"damage":0,"enemies":"3 Darklings","floor":36,"turns":1},{"damage":0,"enemies":"Spire Growth","floor":38,"turns":2},{"damage":0,"enemies":"Transient","floor":41,"turns":5},{"damage":0,"enemies":"Giant Head","floor":44,"turns":3},{"damage":0,"enemies":"Writhing Mass","floor":47,"turns":1},{"damage":0,"enemies":"Reptomancer","floor":48,"turns":1},{"damage":0,"enemies":"Donu and Deca","floor":50,"turns":3}],"seed_played":"-1248267868619129122","potions_obtained":[{"floor":1,"key":"PowerPotion"},{"floor":3,"key":"PowerPotion"},{"floor":7,"key":"LiquidBronze"},{"floor":14,"key":"SpeedPotion"},{"floor":16,"key":"FearPotion"},{"floor":18,"key":"DistilledChaos"},{"floor":33,"key":"SteroidPotion"},{"floor":44,"key":"Swift Potion"}],"is_trial":false,"path_per_floor":["M","M","M","T","?","R","E","R","T","E","R","?","E","M","R","B",null,"M","?","?","M","M","R","?","$","T","R","E","R","M","?","R","B",null,"M","M","?","M","$","R","M","$","T","E","?","R","M","E","R","B",null],"character_chosen":"DEFECT","items_purchased":["Meteor Strike","DollysMirror","Bag of Preparation","Tempest+1"],"campfire_rested":6,"item_purchase_floors":[25,25,25,42],"current_hp_per_floor":[67,60,47,57,40,65,29,54,54,44,69,69,47,44,69,56,78,78,62,62,48,34,59,59,74,74,74,58,83,73,73,73,49,76,76,76,76,76,85,85,85,85,85,85,85,85,85,85,85,85],"gold":54,"neow_bonus":"BOSS_RELIC","is_daily":false,"chose_seed":false,"campfire_upgraded":5,"win_rate":0.0,"timestamp":1607877346,"path_taken":["M","M","M","?","?","R","E","R","T","E","R","?","E","?","R","BOSS","M","?","?","M","M","R","?","?","T","R","E","R","M","?","R","BOSS","M","M","?","M","$","R","M","$","T","E","?","R","M","E","R","BOSS"],"items_purchased_type":["Card","Relic","Relic","Card"],"build_version":"2020-11-30","purchased_purges":1,"victory":true,"max_hp_per_floor":[75,75,75,85,85,85,85,85,85,85,85,85,85,85,85,85,85,85,85,85,85,85,85,85,85,85,85,85,85,85,85,85,85,85,85,85,85,85,85,85,85,85,85,85,85,85,85,85,85,85],"card_choices":[{"not_picked":["Auto Shields","Steam"],"picked":"Chill","floor":1},{"not_picked":["Stack","Ball Lightning"],"picked":"Streamline","floor":2},{"not_picked":["Beam Cell","Hologram"],"picked":"Recycle","floor":3},{"not_picked":["Gash","Go for the Eyes"],"picked":"Hologram","floor":7},{"not_picked":["Cold Snap","Hologram+1"],"picked":"Sunder","floor":10},{"not_picked":["Rip and Tear","Hologram+1"],"picked":"Coolheaded+1","floor":11},{"not_picked":["Streamline","Compile Driver"],"picked":"Loop","floor":13},{"not_picked":["Blizzard","Hello World"],"picked":"Capacitor","floor":14},{"not_picked":["Cold Snap","Core Surge"],"picked":"Coolheaded+1","floor":15},{"not_picked":["Hyperbeam","Reboot+1"],"picked":"Echo Form","floor":16},{"not_picked":["Conserve Battery+1","Aggregate+1"],"picked":"Capacitor","floor":18},{"not_picked":["Redo+1","Sweeping Beam"],"picked":"White Noise+1","floor":21},{"not_picked":["Steam+1","Genetic Algorithm+1"],"picked":"Go for the Eyes+1","floor":22},{"not_picked":["Steam+1","Conserve Battery+1"],"picked":"Recycle+1","floor":23},{"not_picked":["Electrodynamics","Beam Cell"],"picked":"Hologram+1","floor":28},{"not_picked":["Hologram+1","Sweeping Beam"],"picked":"Coolheaded+1","floor":29},{"not_picked":["Force Field+1","Static Discharge"],"picked":"Skim+1","floor":30},{"not_picked":["Electrodynamics","Fission+1"],"picked":"All For One","floor":33},{"not_picked":["Streamline","Fusion+1","Go for the Eyes+1"],"picked":"SKIP","floor":35},{"not_picked":["Scrape+1","BootSequence+1","Heatsinks+1"],"picked":"SKIP","floor":36},{"not_picked":["Static Discharge","Blizzard+1"],"picked":"Coolheaded+1","floor":38},{"not_picked":["Turbo+1","Genetic Algorithm+1","Streamline"],"picked":"SKIP","floor":41},{"not_picked":["Creative AI","Leap+1"],"picked":"Skim+1","floor":44},{"not_picked":["Melter+1","Gash+1","Streamline+1"],"picked":"SKIP","floor":47},{"not_picked":["Conserve Battery+1","Compile Driver+1","Biased Cognition"],"picked":"SKIP","floor":48}],"player_experience":749070,"relics_obtained":[{"floor":4,"key":"Pear"},{"floor":7,"key":"MealTicket"},{"floor":7,"key":"Bag of Marbles"},{"floor":9,"key":"Toxic Egg 2"},{"floor":10,"key":"Letter Opener"},{"floor":10,"key":"Dream Catcher"},{"floor":13,"key":"Art of War"},{"floor":13,"key":"Whetstone"},{"floor":19,"key":"Necronomicon"},{"floor":26,"key":"Tiny Chest"},{"floor":28,"key":"Darkstone Periapt"},{"floor":28,"key":"Kunai"},{"floor":43,"key":"Bottled Flame"},{"floor":44,"key":"Symbiotic Virus"},{"floor":44,"key":"Molten Egg 2"},{"floor":48,"key":"DataDisk"},{"floor":48,"key":"War Paint"}],"event_choices":[{"damage_healed":0,"gold_gain":0,"player_choice":"Entered Light","damage_taken":17,"max_hp_gain":0,"max_hp_loss":0,"event_name":"Shining Light","floor":5,"gold_loss":0,"cards_upgraded":["Recycle","Dualcast"]},{"damage_healed":0,"gold_gain":72,"player_choice":"Gained Gold","damage_taken":0,"max_hp_gain":0,"max_hp_loss":0,"event_name":"Golden Wing","floor":12,"gold_loss":0},{"damage_healed":0,"gold_gain":0,"player_choice":"Obtained Book","damage_taken":16,"max_hp_gain":0,"max_hp_loss":0,"event_name":"Cursed Tome","floor":19,"gold_loss":0},{"damage_healed":0,"gold_gain":0,"player_choice":"Ignored","damage_taken":0,"max_hp_gain":0,"max_hp_loss":0,"event_name":"Vampires","floor":20,"gold_loss":0},{"damage_healed":0,"gold_gain":0,"player_choice":"Inject Mutagens","damage_taken":0,"relics_obtained":["MutagenicStrength"],"max_hp_gain":0,"max_hp_loss":0,"event_name":"Drug Dealer","floor":24,"gold_loss":0},{"cards_removed":["Strike_B"],"damage_healed":0,"gold_gain":0,"player_choice":"Gave Gold","damage_taken":0,"max_hp_gain":0,"max_hp_loss":0,"event_name":"Beggar","floor":31,"gold_loss":75},{"damage_healed":0,"gold_gain":0,"player_choice":"Ignored","damage_taken":0,"max_hp_gain":0,"max_hp_loss":0,"event_name":"Tomb of Lord Red Mask","floor":37,"gold_loss":0},{"cards_removed":["Zap"],"damage_healed":0,"gold_gain":0,"player_choice":"Upgrade and Remove","damage_taken":0,"max_hp_gain":0,"max_hp_loss":0,"event_name":"Designer","floor":45,"gold_loss":90,"cards_upgraded":["Meteor Strike"]}],"is_beta":false,"boss_relics":[{"not_picked":["Busted Crown","Nuclear Battery"],"picked":"Snecko Eye"},{"not_picked":["Fusion Hammer","Inserter"],"picked":"Pandora\u0027s Box"}],"items_purged_floors":[39],"is_endless":false,"potions_floor_spawned":[1,3,7,14,16,18,33,44,47,48],"ascension_level":6}}