{"host":"kda2p2afd6bvz6qo","time":1607890662,"event":{"mods":["BaseMod","Colored Map","Minty Spire (QoL Compilation)","Relic Stats"],"gold_per_floor":[112,0,20,39,39,72,84,84,161,161,161,161],"floor_reached":11,"playtime":572,"items_purged":["Strike_G"],"score":88,"play_id":"e05acebc-663d-4460-ba89-20396a7c7f89","local_time":"20201213201742","is_ascension_mode":true,"campfire_choices":[{"data":"Footwork","floor":10,"key":"SMITH"}],"circlet_count":0,"master_deck":["Strike_G","Strike_G","Strike_G","Defend_G","Defend_G","Defend_G","Defend_G","Defend_G","Survivor","Neutralize","Bouncing Flask","Footwork+1","Bane","Catalyst","All Out Attack"],"relics":["Ring of the Snake","NeowsBlessing","Mango","Vajra","Mummified Hand"],"acts_visited":["Exordium"],"potions_floor_usage":[6,11],"damage_taken":[{"damage":0,"enemies":"Cultist","floor":1,"turns":1},{"damage":0,"enemies":"Small Slimes","floor":3,"turns":1},{"damage":0,"enemies":"2 Louse","floor":4,"turns":1},{"damage":28,"enemies":"3 Sentries","floor":6,"turns":14},{"damage":17,"enemies":"Blue Slaver","floor":7,"turns":3},{"damage":26,"enemies":"Gremlin Nob","floor":11,"turns":3}],"seed_played":"1462990061606295471","potions_obtained":[{"floor":3,"key":"Fire Potion"},{"floor":6,"key":"PowerPotion"},{"floor":7,"key":"FearPotion"}],"is_trial":false,"path_per_floor":["M","$","M","M","?","E","M","?","T","R","E"],"character_chosen":"THE_SILENT","items_purchased":["Footwork"],"campfire_rested":0,"item_purchase_floors":[2],"current_hp_per_floor":[70,70,70,70,77,49,32,25,25,25,0,0],"gold":161,"neow_bonus":"THREE_ENEMY_KILL","is_daily":false,"chose_seed":false,"campfire_upgraded":1,"win_rate":0.0,"timestamp":1607890662,"path_taken":["M","$","M","?","?","E","M","?","T","R","E"],"items_purchased_type":["Card"],"build_version":"2020-11-30","purchased_purges":1,"victory":false,"max_hp_per_floor":[70,70,70,70,84,84,84,84,84,84,84,84],"relic_stats":{"counters":[6,23],"Mummified Hand":[2],"obtain_stats":[{"NeowsBlessing":0,"Mummified Hand":9,"Vajra":6,"Mango":5,"Ring of the Snake":0},{"NeowsBlessing":0,"Mummified Hand":5,"Vajra":4,"Mango":3,"Ring of the Snake":0},{"NeowsBlessing":0,"Mummified Hand":20,"Vajra":17,"Mango":3,"Ring of the Snake":0}],"Ring of the Snake":[12]},"card_choices":[{"not_picked":["Deadly Poison","Bane"],"picked":"Bouncing Flask","floor":1},{"not_picked":["Heel Hook","Well Laid Plans"],"picked":"Bane","floor":3},{"not_picked":["Sucker Punch","Outmaneuver"],"picked":"Catalyst","floor":4},{"not_picked":["Footwork","Acrobatics"],"picked":"All Out Attack","floor":6},{"not_picked":["Acrobatics","Blade Dance","Bouncing Flask"],"picked":"SKIP","floor":7}],"player_experience":35584,"relics_obtained":[{"floor":6,"key":"Vajra"},{"floor":9,"key":"Mummified Hand"}],"event_choices":[{"damage_healed":0,"gold_gain":0,"player_choice":"Success","damage_taken":7,"relics_obtained":["Mango"],"max_hp_gain":0,"max_hp_loss":0,"event_name":"Scrap Ooze","floor":5,"gold_loss":0},{"cards_removed":["Strike_G"],"damage_healed":0,"gold_gain":0,"player_choice":"Card Removal","damage_taken":7,"max_hp_gain":0,"max_hp_loss":0,"event_name":"Golden Wing","floor":8,"gold_loss":0}],"is_beta":false,"boss_relics":[],"items_purged_floors":[2],"is_endless":false,"potions_floor_spawned":[3,6,7],"killed_by":"Gremlin Nob","ascension_level":4}}