{"host":"ow9msrs9p2ctkx99","time":1607898592,"event":{"mods":["AchievementEnabler","BaseMod","Colored Map","Colored Powertips","Minty Spire (QoL Compilation)","Permanent Neow","Quick Restart","SuperFastMode"],"gold_per_floor":[112,112,112,129,129,129,143,163,188,66,66,134,169,169,169,298,298,313,122,122,122,137,137,147,147,147,147,165,165,184,199,199,303,303,323,167,177,127,127,156,175,175,175,202,202,202,218,218,218,218,218],"floor_reached":50,"playtime":901,"items_purged":["Strike_B"],"score":772,"play_id":"1989b194-83ef-4815-9890-63ed1753e874","local_time":"20201213232952","is_ascension_mode":true,"campfire_choices":[{"data":"Dualcast","floor":6.0,"key":"SMITH"},{"floor":11.0,"key":"REST"},{"data":"Defragment","floor":15,"key":"SMITH"},{"data":"Darkness","floor":23,"key":"SMITH"},{"data":"Sunder","floor":25,"key":"SMITH"},{"data":"Coolheaded","floor":29,"key":"SMITH"},{"data":"Redo","floor":32,"key":"SMITH"},{"floor":42,"key":"RECALL"},{"floor":46,"key":"REST"},{"floor":49,"key":"DIG"}],"circlet_count":0,"master_deck":["AscendersBane","Strike_B+1","Strike_B+1","Defend_B+1","Defend_B+1","Defend_B+1","Defend_B+1","Dualcast+1","Doom and Gloom","Rip and Tear","Defragment+1","Redo+1","Compile Driver","Hyperbeam","Coolheaded","Darkness+1","Coolheaded+1","Skim","Seek","BootSequence+1","Beam Cell+1","Hologram","Sweeping Beam+1","Go for the Eyes+1","Buffer"],"relics":["Cracked Core","Pen Nib","Bloody Idol","Regal Pillow","Cables","Oddly Smooth Stone","Nuclear Battery","Bronze Scales","Fusion Hammer","OrangePellets","Nunchaku","Bottled Flame","Shovel","Bag of Marbles"],"acts_visited":["Exordium","TheCity","TheBeyond"],"potions_floor_usage":[16,16,31,37,40,50,50],"damage_taken":[{"damage":0.0,"enemies":"Cultist","floor":1.0,"turns":4.0},{"damage":7.0,"enemies":"Jaw Worm","floor":4.0,"turns":3.0},{"damage":6.0,"enemies":"2 Louse","floor":7.0,"turns":3.0},{"damage":18.0,"enemies":"Gremlin Gang","floor":8.0,"turns":3.0},{"damage":36,"enemies":"Lagavulin","floor":13,"turns":6},{"damage":26,"enemies":"Hexaghost","floor":16,"turns":6},{"damage":6,"enemies":"3 Byrds","floor":18,"turns":3},{"damage":24,"enemies":"2 Thieves","floor":22,"turns":3},{"damage":5,"enemies":"3 Cultists","floor":24,"turns":3},{"damage":2,"enemies":"Snake Plant","floor":28,"turns":3},{"damage":0,"enemies":"Centurion and Healer","floor":30,"turns":4},{"damage":9,"enemies":"Sentry and Sphere","floor":31,"turns":3},{"damage":28,"enemies":"Collector","floor":33,"turns":6},{"damage":2,"enemies":"Orb Walker","floor":35,"turns":2},{"damage":3,"enemies":"3 Darklings","floor":37,"turns":3},{"damage":17,"enemies":"Reptomancer","floor":40,"turns":6},{"damage":0,"enemies":"Jaw Worm Horde","floor":41,"turns":1},{"damage":54,"enemies":"Giant Head","floor":44,"turns":7},{"damage":5,"enemies":"Transient","floor":47,"turns":5},{"damage":56,"enemies":"Donu and Deca","floor":50,"turns":8}],"seed_played":"-6307364809602115529","potions_obtained":[{"floor":1.0,"key":"Energy Potion"},{"floor":4.0,"key":"Weak Potion"},{"floor":7.0,"key":"Block Potion"},{"floor":18,"key":"Fruit Juice"},{"floor":22,"key":"Swift Potion"},{"floor":31,"key":"SkillPotion"},{"floor":41,"key":"FearPotion"},{"floor":44,"key":"ColorlessPotion"}],"is_trial":false,"path_per_floor":["M","?","?","M","?","R","M","M","T","$","R","T","E","?","R","B",null,"M","$","?","?","M","R","M","R","T","?","M","R","M","M","R","B",null,"M","$","M","$","?","E","M","R","T","E","?","R","M","?","R","B"],"character_chosen":"DEFECT","items_purchased":["Redo","Bronze Scales","Darkness","OrangePellets","Hologram"],"campfire_rested":2,"item_purchase_floors":[10,19,19,36,38],"current_hp_per_floor":[68,53,46,39,39,39,33,15,15,15,50,50,14,37,37,11,55,49,49,49,49,35,35,35,35,35,35,38,38,43,44,44,21,61,64,64,66,66,66,54,59,59,59,10,10,47,47,47,47,0,0],"gold":218,"neow_bonus":"RANDOM_COMMON_RELIC","is_daily":false,"chose_seed":false,"campfire_upgraded":6,"win_rate":0.0,"timestamp":1607898592,"path_taken":["M","?","?","M","?","R","?","M","T","$","R","?","E","?","R","BOSS","M","$","?","?","M","R","M","R","T","?","?","R","M","M","R","BOSS","M","$","?","$","?","E","M","R","T","E","?","R","M","?","R","BOSS"],"items_purchased_type":["Card","Relic","Card","Relic","Card"],"build_version":"2020-11-30","purchased_purges":1,"victory":false,"max_hp_per_floor":[75,75,75,75,69,69,69,69,69,69,69,69,69,69,69,69,69,69,69,69,69,69,69,69,69,69,69,69,69,69,74,74,74,74,74,74,74,74,74,74,74,74,74,74,74,74,74,74,74,74,74],"card_choices":[{"not_picked":["Chaos","Hologram"],"picked":"Doom and Gloom","floor":1.0},{"not_picked":["Storm","Capacitor"],"picked":"Rip and Tear","floor":4.0},{"not_picked":["Ball Lightning","Loop"],"picked":"Sunder","floor":7.0},{"not_picked":["Sweeping Beam","Rip and Tear"],"picked":"Defragment","floor":8.0},{"not_picked":["Aggregate","Gash"],"picked":"Compile Driver","floor":13},{"not_picked":["Buffer","Amplify"],"picked":"Hyperbeam","floor":16},{"not_picked":["Rebound","Rip and Tear+1"],"picked":"Coolheaded","floor":18},{"not_picked":["Ball Lightning","Force Field"],"picked":"Coolheaded","floor":22},{"not_picked":["Coolheaded","Heatsinks","Recycle"],"picked":"SKIP","floor":24},{"not_picked":["Sunder","Go for the Eyes","Stack"],"picked":"SKIP","floor":28},{"not_picked":["Reprogram","Ball Lightning","Compile Driver"],"picked":"SKIP","floor":30},{"not_picked":["Steam+1","Auto Shields"],"picked":"Skim","floor":31},{"not_picked":["Core Surge","Buffer"],"picked":"Seek","floor":33},{"not_picked":["Barrage+1","Leap"],"picked":"BootSequence+1","floor":35},{"not_picked":["Ball Lightning+1","Heatsinks+1"],"picked":"Beam Cell+1","floor":37},{"not_picked":["Force Field+1","Coolheaded"],"picked":"Sweeping Beam+1","floor":40},{"not_picked":["Gash","Auto Shields","Barrage"],"picked":"SKIP","floor":41},{"not_picked":["Reprogram+1","Static Discharge"],"picked":"Go for the Eyes+1","floor":44},{"not_picked":["Redo","Coolheaded"],"picked":"Buffer","floor":47}],"player_experience":1045205,"relics_obtained":[{"floor":9.0,"key":"Regal Pillow"},{"floor":12.0,"key":"Cables"},{"floor":13,"key":"Oddly Smooth Stone"},{"floor":40,"key":"Nunchaku"},{"floor":43,"key":"Bottled Flame"},{"floor":44,"key":"Shovel"},{"floor":49,"key":"Bag of Marbles"}],"event_choices":[{"damage_healed":0.0,"max_hp_gain":0.0,"max_hp_loss":0.0,"gold_gain":0.0,"event_name":"Shining Light","player_choice":"Entered Light","floor":2.0,"gold_loss":0.0,"damage_taken":15.0,"cards_upgraded":["Strike_B","Defend_B"]},{"cards_removed":["Strike_B"],"damage_healed":0.0,"max_hp_gain":0.0,"max_hp_loss":0.0,"gold_gain":0.0,"event_name":"Golden Wing","player_choice":"Card Removal","floor":3.0,"gold_loss":0.0,"damage_taken":7.0},{"damage_healed":0.0,"max_hp_gain":0.0,"max_hp_loss":6.0,"gold_gain":0.0,"event_name":"Golden Idol","player_choice":"Lose Max HP","floor":5.0,"gold_loss":0.0,"damage_taken":0.0,"relics_obtained":["Golden Idol"]},{"damage_healed":23,"gold_gain":0,"player_choice":"Banana","damage_taken":0,"max_hp_gain":0,"max_hp_loss":0,"event_name":"Big Fish","floor":14,"gold_loss":0},{"damage_healed":0,"gold_gain":0,"player_choice":"Gave Idol","damage_taken":0,"relics_obtained":["Bloody Idol"],"max_hp_gain":0,"max_hp_loss":0,"event_name":"Forgotten Altar","floor":20,"relics_lost":["Golden Idol"],"gold_loss":0},{"damage_healed":0,"gold_gain":0,"player_choice":"Simplicity","damage_taken":0,"max_hp_gain":0,"max_hp_loss":0,"event_name":"Back to Basics","floor":21,"gold_loss":0,"cards_upgraded":["Strike_B","Defend_B","Defend_B","Defend_B"]},{"cards_removed":["Zap"],"damage_healed":0,"gold_gain":0,"player_choice":"Purged","damage_taken":0,"max_hp_gain":0,"max_hp_loss":0,"event_name":"Purifier","floor":27,"gold_loss":0},{"cards_removed":["Sunder"],"damage_healed":0,"gold_gain":0,"player_choice":"Removed Attack","damage_taken":0,"max_hp_gain":0,"max_hp_loss":0,"event_name":"Falling","floor":39,"gold_loss":0},{"damage_healed":0,"gold_gain":0,"player_choice":"Ignored","damage_taken":0,"max_hp_gain":0,"max_hp_loss":0,"event_name":"Tomb of Lord Red Mask","floor":45,"gold_loss":0},{"damage_healed":0,"gold_gain":0,"player_choice":"Ignored","damage_taken":0,"max_hp_gain":0,"max_hp_loss":0,"event_name":"Mysterious Sphere","floor":48,"gold_loss":0}],"is_beta":false,"boss_relics":[{"not_picked":["SlaversCollar","Coffee Dripper"],"picked":"Nuclear Battery"},{"not_picked":["Busted Crown","Black Star"],"picked":"Fusion Hammer"}],"items_purged_floors":[10],"is_endless":false,"potions_floor_spawned":[1,4,7,18,22,31,35,41,44],"killed_by":"Donu and Deca","ascension_level":11}}