{"host":"msmkw03x1o7nq45i","time":1607860229,"event":{"mods":["AchievementEnabler","BaseMod","Bestiary","Colored Powertips","GifTheSpireLib","Highlight Path","Minty Spire (QoL Compilation)","Random Character Button","StSLib","everything is the same but u backflip on backflip"],"gold_per_floor":[112,112,123,141,153,153,186,199,199,231,231,243,271,271,271,345,345,360,135,150,164,178,178,178],"floor_reached":23,"playtime":1358,"items_purged":[],"score":451,"play_id":"cd282c10-e7fe-4307-8e6d-5faf9916f0cb","local_time":"20201213135029","is_ascension_mode":true,"campfire_choices":[{"data":"Immolate","floor":6,"key":"SMITH"},{"data":"Whirlwind","floor":11,"key":"SMITH"},{"data":"Evolve","floor":15,"key":"SMITH"}],"circlet_count":0,"master_deck":["AscendersBane","Strike_R","Strike_R","Defend_R","Defend_R","Defend_R","Bash+1","Fire Breathing+1","True Grit+1","Headbutt+1","Twin Strike","Disarm","Immolate+1","Whirlwind+1","Ghostly Armor","Evolve+1","Impervious","Intimidate","Shrug It Off+1"],"relics":["Astrolabe","Meat on the Bone","Paper Frog","Incense Burner","Shuriken","Black Star","Centennial Puzzle"],"acts_visited":["Exordium","TheCity"],"potions_floor_usage":[7,20,22,23],"damage_taken":[{"damage":0,"enemies":"2 Louse","floor":1,"turns":3},{"damage":7,"enemies":"Small Slimes","floor":3,"turns":3},{"damage":0,"enemies":"Cultist","floor":4,"turns":3},{"damage":19,"enemies":"Exordium Wildlife","floor":5,"turns":6},{"damage":10,"enemies":"Lagavulin","floor":7,"turns":3},{"damage":0,"enemies":"3 Louse","floor":8,"turns":1},{"damage":11,"enemies":"3 Sentries","floor":10,"turns":4},{"damage":0,"enemies":"Exordium Thugs","floor":12,"turns":2},{"damage":13,"enemies":"Gremlin Nob","floor":13,"turns":3},{"damage":0,"enemies":"Slime Boss","floor":16,"turns":4},{"damage":1,"enemies":"3 Byrds","floor":18,"turns":3},{"damage":0,"enemies":"2 Thieves","floor":20,"turns":2},{"damage":2,"enemies":"Chosen and Byrds","floor":21,"turns":6},{"damage":17,"enemies":"Shelled Parasite and Fungi","floor":22,"turns":7},{"damage":50,"enemies":"Gremlin Leader","floor":23,"turns":4}],"seed_played":"-4454203593386139433","potions_obtained":[{"floor":5,"key":"AttackPotion"},{"floor":12,"key":"Energy Potion"},{"floor":16,"key":"Fire Potion"},{"floor":22,"key":"HeartOfIron"}],"is_trial":false,"path_per_floor":["M","?","M","M","M","R","E","M","T","E","R","M","E","?","R","B",null,"M","$","M","M","M","E"],"character_chosen":"IRONCLAD","items_purchased":["Intimidate","Centennial Puzzle"],"campfire_rested":0,"item_purchase_floors":[19,19],"current_hp_per_floor":[68,68,61,61,42,42,32,44,44,45,45,45,44,44,44,44,67,66,66,66,64,47,0,0],"gold":178,"neow_bonus":"BOSS_RELIC","is_daily":false,"chose_seed":false,"campfire_upgraded":3,"win_rate":0.0,"timestamp":1607860229,"path_taken":["M","?","M","M","M","R","E","M","T","E","R","M","E","?","R","BOSS","M","$","M","M","M","E"],"items_purchased_type":["Card","Relic"],"build_version":"2020-11-30","purchased_purges":0,"victory":false,"max_hp_per_floor":[75,75,75,75,75,75,75,75,75,75,75,75,75,75,75,75,75,75,75,75,75,75,75,75],"card_choices":[{"not_picked":["Shrug It Off","Rupture"],"picked":"Twin Strike","floor":1},{"not_picked":["Body Slam","Wild Strike"],"picked":"Disarm","floor":3},{"not_picked":["Havoc","Rampage","Heavy Blade"],"picked":"SKIP","floor":4},{"not_picked":["Headbutt","Havoc"],"picked":"Immolate","floor":5},{"not_picked":["Havoc","Body Slam"],"picked":"Whirlwind","floor":7},{"not_picked":["Flex","Sever Soul"],"picked":"Ghostly Armor","floor":8},{"not_picked":["Carnage","Rampage","Wild Strike"],"picked":"SKIP","floor":10},{"not_picked":["Seeing Red","Thunderclap","Cleave"],"picked":"SKIP","floor":12},{"not_picked":["Armaments","Seeing Red"],"picked":"Evolve","floor":13},{"not_picked":["Immolate","Corruption"],"picked":"Impervious","floor":16},{"not_picked":["Heavy Blade","Twin Strike","Iron Wave"],"picked":"SKIP","floor":18},{"not_picked":["Anger+1","Blood for Blood"],"picked":"Shrug It Off+1","floor":20},{"not_picked":["Warcry","Wild Strike","Heavy Blade"],"picked":"SKIP","floor":21},{"not_picked":["Twin Strike+1","Havoc","Body Slam"],"picked":"SKIP","floor":22}],"player_experience":285266,"relics_obtained":[{"floor":7,"key":"Meat on the Bone"},{"floor":9,"key":"Paper Frog"},{"floor":10,"key":"Incense Burner"},{"floor":13,"key":"Shuriken"}],"event_choices":[{"damage_healed":0,"gold_gain":0,"player_choice":"Grow","damage_taken":0,"max_hp_gain":0,"max_hp_loss":0,"event_name":"Living Wall","floor":2,"gold_loss":0,"cards_upgraded":["Bash"]},{"cards_removed":["Strike_R"],"damage_healed":0,"gold_gain":0,"player_choice":"Purged","damage_taken":0,"max_hp_gain":0,"max_hp_loss":0,"event_name":"Purifier","floor":14,"gold_loss":0}],"is_beta":false,"boss_relics":[{"not_picked":["SlaversCollar","SacredBark"],"picked":"Black Star"}],"items_purged_floors":[],"is_endless":false,"potions_floor_spawned":[5,12,16,22],"killed_by":"Gremlin Leader","ascension_level":14}}