{"host":"6hzrz31j95f2y1pa","time":1607834961,"event":{"mods":["BaseMod","Colored Map","Downfall","Minty Spire (QoL Compilation)","StSLib"],"gold_per_floor":[99,119,153,167,167,178,233,233,265,265,285,305,305,319,335,439,439,439,471,471,471,504,454,508,535,270,270,270],"floor_reached":27,"playtime":1282,"items_purged":["hexamod:FlamesFromBeyond"],"score":293,"play_id":"dd4b613f-466f-43e2-9e62-fefa0d3ca08c","local_time":"20201212234921","is_ascension_mode":true,"campfire_choices":[{"data":"expansioncontent:BronzeBeam","floor":1.0,"key":"SMITH"},{"data":"hexamod:ShieldOfDarkness","floor":5.0,"key":"SMITH"},{"data":"hexamod:ThermalTransfer","floor":8.0,"key":"SMITH"},{"data":"hexamod:HexaLevel","floor":10.0,"key":"SMITH"},{"data":"hexamod:DynamicBlow","floor":18.0,"key":"SMITH"},{"data":"hexamod:TimeOfNeed","floor":21.0,"key":"SMITH"}],"circlet_count":0,"master_deck":["hexamod:Sear","hexamod:Float","expansioncontent:BronzeBeam+1","hexamod:ThermalTransfer+1","hexamod:Firestarter","hexamod:ShieldOfDarkness+1","hexamod:SpectersWail","hexamod:HexaLevel+1","hexamod:FastForward","hexamod:FastForward+1","hexamod:ParanormalForm","hexamod:AdvancingGuard","hexamod:Hexaguard","hexamod:TimeOfNeed+1","hexamod:SixthSeal","hexamod:ChargedBarrage","hexamod:FastForward","hexamod:DynamicBlow+1","hexamod:GiftsFromTheDead","hexamod:FourthSeal","hexamod:Rewind","hexamod:NecessarySacrifice+1","hexamod:Hexaguard","hexamod:ThermalTransfer","Apotheosis"],"relics":["hexamod:SpiritBrand","Anchor","Nunchaku","Pandora\u0027s Box","Potion Belt","hexamod:CandleOfCauterizing","hexamod:BolsterEngine","Centennial Puzzle"],"acts_visited":["Exordium","TheCity"],"potions_floor_usage":[],"damage_taken":[{"damage":0.0,"enemies":"Small Slimes","floor":2.0,"turns":3.0},{"damage":21.0,"enemies":"3 Sentries","floor":3.0,"turns":10.0},{"damage":0.0,"enemies":"Cultist","floor":4.0,"turns":3.0},{"damage":0.0,"enemies":"2 Louse","floor":6.0,"turns":2.0},{"damage":12.0,"enemies":"Gremlin Nob","floor":9.0,"turns":4.0},{"damage":2.0,"enemies":"2 Fungi Beasts","floor":11.0,"turns":4.0},{"damage":4.0,"enemies":"Exordium Wildlife","floor":12.0,"turns":3.0},{"damage":3.0,"enemies":"3 Louse","floor":14.0,"turns":2.0},{"damage":0.0,"enemies":"2 Fungi Beasts","floor":15.0,"turns":4.0},{"damage":9.0,"enemies":"downfall:Silent","floor":16.0,"turns":9.0},{"damage":26.0,"enemies":"Slavers","floor":19.0,"turns":6.0},{"damage":5.0,"enemies":"Book of Stabbing","floor":22.0,"turns":6.0},{"damage":35.0,"enemies":"Slavers","floor":25.0,"turns":8.0},{"damage":4.0,"enemies":"downfall:FleeingMerchant","floor":26.0,"turns":4.0},{"damage":31,"enemies":"Gremlin Leader","floor":27,"turns":4}],"seed_played":"5685057626546918119","potions_obtained":[{"floor":2.0,"key":"FearPotion"},{"floor":4.0,"key":"Dexterity Potion"},{"floor":9.0,"key":"SteroidPotion"},{"floor":25.0,"key":"Strength Potion"}],"is_trial":false,"path_per_floor":["R","M","E","M","R","M","T","R","E","R","M","M","?","M","M","B",null,"R","E","?","R","E","?","T","E","$","E"],"character_chosen":"THE_SPIRIT","items_purchased":["Apotheosis"],"campfire_rested":0,"item_purchase_floors":[26],"current_hp_per_floor":[70,70,49,49,49,49,49,49,37,37,35,31,31,28,28,19,70,70,44,44,44,39,67,67,32,28,0,0],"gold":270,"neow_bonus":"RANDOM_COLORLESS","is_daily":false,"chose_seed":false,"campfire_upgraded":6,"win_rate":0.0,"timestamp":1607834961,"path_taken":["R","M","E","M","R","M","T","R","E","R","M","M","?","M","M","BOSS","R","E","?","R","E","?","T","E","$","E"],"items_purchased_type":["Card"],"build_version":"2020-11-30","purchased_purges":1,"victory":false,"max_hp_per_floor":[70,70,70,70,70,70,70,70,70,70,70,70,70,70,70,70,70,70,70,70,70,70,70,70,70,70,70,70],"card_choices":[{"not_picked":["expansioncontent:FaceSlap","expansioncontent:DarkVoid"],"picked":"expansioncontent:BronzeBeam","floor":0.0},{"not_picked":["hexamod:FirstSeal","hexamod:GhostShield"],"picked":"hexamod:ThermalTransfer","floor":2.0},{"not_picked":["hexamod:BurningTouch","hexamod:GiftsFromTheDead"],"picked":"hexamod:Firestarter","floor":3.0},{"not_picked":["hexamod:ThermalTransfer","hexamod:DynamicBlow"],"picked":"hexamod:ShieldOfDarkness","floor":4.0},{"not_picked":["hexamod:BacktrackSmack","hexamod:SwordOfDarkness"],"picked":"hexamod:SpectersWail","floor":6.0},{"not_picked":["hexamod:DynamicBlow","hexamod:GhostLash"],"picked":"hexamod:HexaLevel","floor":9.0},{"not_picked":["hexamod:GhostLash","hexamod:AdvancingGuard"],"picked":"hexamod:FastForward","floor":11.0},{"not_picked":["hexamod:InspiringFlames","hexamod:RainOfEmbers"],"picked":"hexamod:FastForward","floor":12.0},{"not_picked":["hexamod:ThermalTransfer","hexamod:TurnItUp"],"picked":"hexamod:AdvancingGuard","floor":14.0},{"not_picked":["hexamod:ShieldOfDarkness","hexamod:FourthSeal"],"picked":"hexamod:Hexaguard","floor":15.0},{"not_picked":["hexamod:ApocalypseNow","hexamod:VolcanoVisage"],"picked":"hexamod:TimeOfNeed","floor":16.0},{"not_picked":["hexamod:SwordOfDarkness","hexamod:GhostShield"],"picked":"hexamod:NecessarySacrifice+1","floor":19.0},{"not_picked":["hexamod:SpectersWail","hexamod:RetreatToShadows"],"picked":"hexamod:Hexaguard","floor":22.0},{"not_picked":["hexamod:GhostflameBarrier+1","hexamod:ExtraCrispy"],"picked":"hexamod:ThermalTransfer","floor":25.0},{"not_picked":["hexamod:SpectralSpark","hexamod:AdvancingGuard+1","hexamod:PhantomCloak+1"],"picked":"SKIP","floor":26.0}],"player_experience":1177790,"relics_obtained":[{"floor":3.0,"key":"Anchor"},{"floor":7.0,"key":"Nunchaku"},{"floor":9.0,"key":"InkBottle"},{"floor":19.0,"key":"Potion Belt"},{"floor":22.0,"key":"hexamod:CandleOfCauterizing"},{"floor":24.0,"key":"hexamod:BolsterEngine"},{"floor":25.0,"key":"Centennial Puzzle"}],"event_choices":[{"damage_healed":0.0,"max_hp_gain":0.0,"max_hp_loss":0.0,"gold_gain":0.0,"event_name":"Vampires","player_choice":"Ignored","floor":20.0,"gold_loss":0.0,"damage_taken":0.0}],"is_beta":false,"boss_relics":[{"not_picked":["Snecko Eye","Coffee Dripper"],"picked":"Pandora\u0027s Box"}],"items_purged_floors":[26],"is_endless":false,"potions_floor_spawned":[2,4,9,12,14,25],"killed_by":"Gremlin Leader","ascension_level":1}}