{"host":"x205naxbihvu3p76","time":1607826165,"event":{"mods":["AchievementEnabler","BaseMod","Minty Spire (QoL Compilation)","StSLib","SuperFastMode"],"gold_per_floor":[368,155,168,23,43,43,43,60,84,84,118,118,145,162,162,236,236,251,251,35,49,62,87,87,98,98,131,131,163,177,177,177,256,256,268,168,178,188,208,243,62,97,175,175,195,212,212,241,241,241],"floor_reached":51,"playtime":1476,"items_purged":["Strike_B","Writhe","Strike_B"],"score":1531,"play_id":"9e1e609b-96a6-4381-9eff-c4b24b7ad2e9","local_time":"20201213112245","is_ascension_mode":true,"campfire_choices":[{"floor":6.0,"key":"REST"},{"data":"Defragment","floor":10.0,"key":"SMITH"},{"data":"Coolheaded","floor":15,"key":"SMITH"},{"data":"Loop","floor":24,"key":"SMITH"},{"floor":28,"key":"REST"},{"data":"Defragment","floor":32,"key":"SMITH"},{"data":"Coolheaded","floor":44,"key":"SMITH"},{"floor":49,"key":"REST"}],"circlet_count":0,"master_deck":["AscendersBane","Strike_B+1","Defend_B+1","Defend_B+1","Defend_B+1","Defend_B+1","Zap+1","Dualcast+1","Leap+1","Electrodynamics+1","Ball Lightning+1","Defragment+1","Steam+1","Coolheaded+1","Cold Snap+1","Core Surge+1","White Noise+1","Glacier+1","Loop+1","Self Repair+1","BootSequence+1","Defragment+1","Conserve Battery+1","Echo Form+1","Redo+1","Glacier+1","Undo+1","Capacitor+1","Coolheaded+1","Barrage+1","Defragment+1"],"relics":["Cracked Core","Potion Belt","Blood Vial","Bottled Tornado","Sozu","Runic Capacitor","Whetstone","Darkstone Periapt","HornCleat","Red Mask","Toy Ornithopter","Nuclear Battery","Ancient Tea Set","Shuriken","The Courier","Mark of the Bloom","InkBottle"],"acts_visited":["Exordium","TheCity","TheBeyond"],"potions_floor_usage":[11,11,13],"damage_taken":[{"damage":4.0,"enemies":"Jaw Worm","floor":1.0,"turns":4.0},{"damage":5.0,"enemies":"Small Slimes","floor":3.0,"turns":3.0},{"damage":0.0,"enemies":"Cultist","floor":5.0,"turns":3.0},{"damage":7.0,"enemies":"Looter","floor":8.0,"turns":3.0},{"damage":3,"enemies":"3 Sentries","floor":11,"turns":3},{"damage":8,"enemies":"Gremlin Nob","floor":13,"turns":3},{"damage":0,"enemies":"Exordium Wildlife","floor":14,"turns":3},{"damage":16,"enemies":"Slime Boss","floor":16,"turns":7},{"damage":7,"enemies":"Chosen","floor":18,"turns":3},{"damage":8,"enemies":"3 Byrds","floor":21,"turns":3},{"damage":0,"enemies":"Sentry and Sphere","floor":22,"turns":4},{"damage":8,"enemies":"Gremlin Leader","floor":23,"turns":5},{"damage":17,"enemies":"Shelled Parasite and Fungi","floor":25,"turns":5},{"damage":12,"enemies":"Slavers","floor":27,"turns":5},{"damage":14,"enemies":"Masked Bandits","floor":29,"turns":4},{"damage":0,"enemies":"Snake Plant","floor":30,"turns":4},{"damage":6,"enemies":"Automaton","floor":33,"turns":14},{"damage":17,"enemies":"3 Shapes","floor":35,"turns":6},{"damage":15,"enemies":"3 Darklings","floor":37,"turns":5},{"damage":9,"enemies":"Transient","floor":38,"turns":6},{"damage":7,"enemies":"Sphere and 2 Shapes","floor":39,"turns":5},{"damage":37,"enemies":"Reptomancer","floor":40,"turns":7},{"damage":0,"enemies":"Giant Head","floor":42,"turns":10},{"damage":5,"enemies":"3 Darklings","floor":45,"turns":5},{"damage":0,"enemies":"Maw","floor":46,"turns":8},{"damage":0,"enemies":"Nemesis","floor":48,"turns":7},{"damage":63,"enemies":"Awakened One","floor":50,"turns":14}],"seed_played":"7855248561918201687","potions_obtained":[{"floor":1.0,"key":"BlessingOfTheForge"},{"floor":8.0,"key":"Regen Potion"},{"floor":11,"key":"BlessingOfTheForge"}],"is_trial":false,"path_per_floor":["M","$","M","$","M","R","?","M","T","R","E","?","E","M","R","B",null,"M","?","$","M","M","E","R","M","T","E","R","?","M","?","R","B",null,"M","$","M","M","M","E","$","E","T","R","M","M","?","E","R","B",null],"character_chosen":"DEFECT","items_purchased":["Electrodynamics","Ball Lightning","Defragment","Steam","Runic Capacitor","Glacier","Coolheaded"],"campfire_rested":3,"item_purchase_floors":[2,2,4,4,20,20,41],"current_hp_per_floor":[42,42,37,37,37,58,58,51,51,51,57,57,51,53,53,39,63,58,58,58,52,54,55,55,40,40,37,58,53,62,68,68,71,76,74,74,68,68,77,54,54,70,70,70,77,77,77,77,77,14],"gold":241,"neow_bonus":"TWO_FIFTY_GOLD","is_daily":false,"chose_seed":false,"campfire_upgraded":5,"win_rate":0.0,"timestamp":1607826165,"path_taken":["M","$","M","$","M","R","?","M","T","R","E","?","E","?","R","BOSS","M","?","$","M","M","E","R","M","T","E","R","?","M","?","R","BOSS","M","$","M","M","M","E","$","E","T","R","M","M","?","E","R","BOSS"],"items_purchased_type":["Card","Card","Card","Card","Relic","Card","Card"],"build_version":"2020-11-30","purchased_purges":3,"victory":true,"max_hp_per_floor":[71,71,71,71,71,71,71,71,71,71,71,71,71,71,71,71,71,71,71,71,71,71,71,71,71,71,71,71,71,71,77,77,77,77,77,77,77,77,77,77,77,77,77,77,77,77,77,77,77,77],"card_choices":[{"not_picked":["Blizzard","Consume"],"picked":"Leap","floor":1.0},{"not_picked":["Turbo","Barrage","Compile Driver"],"picked":"SKIP","floor":3.0},{"not_picked":["Redo","Sweeping Beam","Hologram"],"picked":"SKIP","floor":5.0},{"not_picked":["Hologram","Reprogram","Sweeping Beam"],"picked":"SKIP","floor":8.0},{"not_picked":["Compile Driver","Ball Lightning","Double Energy"],"picked":"SKIP","floor":11},{"not_picked":["Rebound","Darkness"],"picked":"Coolheaded","floor":13},{"not_picked":["Ball Lightning","Thunder Strike"],"picked":"Cold Snap","floor":14},{"not_picked":["Multi-Cast","Seek"],"picked":"Core Surge","floor":16},{"not_picked":["Storm","Recycle"],"picked":"White Noise","floor":18},{"not_picked":["Redo","Turbo"],"picked":"Loop","floor":21},{"not_picked":["Chaos","Skim"],"picked":"Self Repair","floor":22},{"not_picked":["Melter","Recycle"],"picked":"BootSequence","floor":23},{"not_picked":["Consume","Streamline"],"picked":"Defragment","floor":25},{"not_picked":["Amplify","Conserve Battery","Turbo"],"picked":"SKIP","floor":27},{"not_picked":["Hologram","Gash"],"picked":"Conserve Battery+1","floor":29},{"not_picked":["Redo","Hologram+1","Rebound"],"picked":"SKIP","floor":30},{"not_picked":["Seek","Meteor Strike"],"picked":"Echo Form","floor":33},{"not_picked":["Skim+1","Steam Power"],"picked":"Redo+1","floor":35},{"not_picked":["Steam+1","Doom and Gloom","Leap"],"picked":"SKIP","floor":37},{"not_picked":["Coolheaded","Streamline+1"],"picked":"Glacier+1","floor":38},{"not_picked":["Cold Snap","Barrage"],"picked":"Undo","floor":39},{"not_picked":["Sunder","Streamline"],"picked":"Capacitor+1","floor":40},{"not_picked":["Melter+1","Chaos","Hologram"],"picked":"SKIP","floor":42},{"not_picked":["Melter+1","Chaos","Hologram"],"picked":"SKIP","floor":42},{"not_picked":["Sunder","Tempest"],"picked":"Barrage","floor":45},{"not_picked":["Stack+1","Hologram"],"picked":"Defragment","floor":46},{"not_picked":["Beam Cell","Amplify","Auto Shields"],"picked":"SKIP","floor":48}],"player_experience":933029,"relics_obtained":[{"floor":9.0,"key":"Potion Belt"},{"floor":11,"key":"Blood Vial"},{"floor":13,"key":"Bottled Tornado"},{"floor":23,"key":"Whetstone"},{"floor":26,"key":"Darkstone Periapt"},{"floor":27,"key":"HornCleat"},{"floor":29,"key":"Red Mask"},{"floor":40,"key":"Ancient Tea Set"},{"floor":42,"key":"Shuriken"},{"floor":43,"key":"The Courier"},{"floor":48,"key":"InkBottle"}],"event_choices":[{"damage_healed":0.0,"max_hp_gain":0.0,"max_hp_loss":0.0,"gold_gain":0.0,"event_name":"Shining Light","player_choice":"Ignored","floor":7.0,"gold_loss":0.0,"damage_taken":0.0},{"cards_removed":["Strike_B"],"damage_healed":0,"gold_gain":0,"player_choice":"Purged","damage_taken":0,"max_hp_gain":0,"max_hp_loss":0,"event_name":"Purifier","floor":12,"gold_loss":0},{"damage_healed":0,"gold_gain":0,"player_choice":"Ignored","damage_taken":0,"max_hp_gain":0,"max_hp_loss":0,"event_name":"Ghosts","floor":19,"gold_loss":0},{"damage_healed":0,"gold_gain":0,"player_choice":"Fought Bandits","damage_taken":0,"max_hp_gain":0,"max_hp_loss":0,"event_name":"Masked Bandits","floor":29,"gold_loss":0},{"damage_healed":0,"gold_gain":0,"player_choice":"Opened","damage_taken":0,"relics_obtained":["Toy Ornithopter"],"max_hp_gain":0,"max_hp_loss":0,"event_name":"The Mausoleum","floor":31,"gold_loss":0,"cards_obtained":["Writhe"]},{"damage_healed":0,"gold_gain":0,"player_choice":"Upgrade","damage_taken":0,"relics_obtained":["Mark of the Bloom"],"max_hp_gain":0,"max_hp_loss":0,"event_name":"MindBloom","floor":47,"gold_loss":0,"cards_upgraded":["Defend_B","Defend_B","Defend_B","Defend_B","Zap","Dualcast","Leap","Electrodynamics","Ball Lightning","Steam","Core Surge","White Noise","Glacier","Self Repair","BootSequence","Echo Form","Undo","Barrage","Defragment"]}],"is_beta":false,"boss_relics":[{"not_picked":["Runic Dome","Calling Bell"],"picked":"Sozu"},{"not_picked":["Tiny House","Black Star"],"picked":"Nuclear Battery"}],"items_purged_floors":[2,36,41],"is_endless":false,"potions_floor_spawned":[1,8,11,18,27,30,33,37,38,39,48],"ascension_level":17}}