{"host":"htqwg582tjjtn9p7","time":1607821693,"event":{"mods":["2.2 Compatiblity","AchievementEnabler","Act Like it!","Aspiration","BaseMod","Better Third Choice","Colored Map","Conspire","Curses Come First","Displayed Cursed Tome","Energized Spire","Force Act Four","GifTheSpireLib","Hermit","Highlight Path","JesterMod","Mad Scientist","Minty Spire (QoL Compilation)","Pale of the Ancients","Permanent Neow","Random Character Button","Relic Stats","Replay The Spire","Robot Space Explorer","Somnambulant","Spicy Shops","Spikes Relics","StSLib","Stuff the Spire","The Blue Laboratory","The Disciple","The Dragon Tamer","The Forsaken","The Gatherer","The Judge","The Jungle","The Runesmith","The Servant 0.9.4"],"gold_per_floor":[115,40,40,54,1,34,53,87,87,87,87,98,98,133,133,209,209,222,70,106,106,120,154,154,189,235,235,250,279,53,72,72,148,148,167,179,25,41,41,41,72,72,123,155,9,39,39,54,54,54,70,90,90,115,115,133,133,33,33,33],"floor_reached":61,"playtime":2066,"items_purged":["Strike_R","Defend_R"],"score":2503,"play_id":"405f2189-503c-4eff-88b6-b2359de71d74","local_time":"20201213020813","is_ascension_mode":true,"campfire_choices":[{"floor":10,"key":"REST"},{"data":"Bash","floor":15,"key":"SMITH"},{"floor":24,"key":"REST"},{"floor":27,"key":"REST"},{"data":"Limit Break","floor":32,"key":"SMITH"},{"data":"True Grit","floor":40,"key":"SMITH"},{"data":"Pommel Strike","floor":42,"key":"SMITH"},{"data":"Burning Pact","floor":49,"key":"SMITH"},{"data":"Calculated Gamble","floor":55,"key":"SMITH"},{"data":"Impervious","floor":57,"key":"SMITH"}],"circlet_count":0,"master_deck":["AscendersBane","Defend_R","Defend_R","Bash+1","Carnage","ReplayTheSpireMod:Limb From Limb","StuffTheSpire:Innocence","ReplayTheSpireMod:Limb From Limb+1","Pommel Strike+1","Sever Soul","Spot Weakness","Flame Barrier","Calculated Gamble+1","Burning Pact+1","StuffTheSpire:RagingBull","Limit Break+1","Uppercut","Armaments+1","ReplayTheSpireMod:Limb From Limb","Reaper","Shrug It Off+1","True Grit+1","Impervious+1"],"relics":["Snecko Heart","StuffTheSpire:NeowsTribute","Regal Pillow","Centennial Puzzle","StuffTheSpire:Barrel","StuffTheSpire:Rhapsscallions","Replay:Drink Me","theForsaken:Lifeblossom","Replay:Mystery Machine","StuffTheSpire:ForceGauntlet","Orichalcum","Bronze Scales","Replay:Ringing Soul","Lee\u0027s Waffle","Ooze Armor","aspiration:Lifesprig","Blue Doll","MiniBlackHole","Brimstone","aspiration:HiddenCompartment","paleoftheancients:Timepiece","paleoftheancients:KeyRelic","Coffee Dripper","Gremlin Horn","paleoftheancients:SoulOfTheWokeBloke","Art of War"],"acts_visited":["Exordium","TheCity","TheBeyond","TheBeyond"],"potions_floor_usage":[7,14,29,50],"damage_taken":[{"damage":7,"enemies":"Jaw Worm","floor":1,"turns":3},{"damage":3,"enemies":"2 Louse","floor":4,"turns":2},{"damage":4,"enemies":"Replay:BlueRogue","floor":6,"turns":3},{"damage":0,"enemies":"Cultist","floor":7,"turns":1},{"damage":0,"enemies":"Lagavulin","floor":8,"turns":4},{"damage":6,"enemies":"Looter","floor":12,"turns":2},{"damage":1,"enemies":"3 Sentries","floor":14,"turns":5},{"damage":0,"enemies":"Slime Boss","floor":16,"turns":4},{"damage":2,"enemies":"Chosen","floor":18,"turns":3},{"damage":5,"enemies":"conspire:MimicChest","floor":20,"turns":5},{"damage":0,"enemies":"3 Byrds","floor":22,"turns":5},{"damage":48,"enemies":"Gremlin Leader","floor":23,"turns":5},{"damage":21,"enemies":"Book of Stabbing","floor":25,"turns":4},{"damage":0,"enemies":"Snecko","floor":28,"turns":4},{"damage":0,"enemies":"Gremlin Leader","floor":29,"turns":4},{"damage":0,"enemies":"Chosen and Byrds","floor":31,"turns":3},{"damage":19,"enemies":"Automaton","floor":33,"turns":7},{"damage":0,"enemies":"Orb Walker","floor":35,"turns":2},{"damage":0,"enemies":"3 Shapes","floor":36,"turns":3},{"damage":0,"enemies":"Writhing Mass","floor":38,"turns":7},{"damage":17,"enemies":"Giant Head","floor":41,"turns":6},{"damage":0,"enemies":"Nemesis","floor":44,"turns":3},{"damage":0,"enemies":"Reptomancer","floor":46,"turns":4},{"damage":0,"enemies":"3 Darklings","floor":48,"turns":2},{"damage":11,"enemies":"Donu and Deca","floor":50,"turns":5},{"damage":20,"enemies":"Donu and Deca","floor":51,"turns":5},{"damage":0,"enemies":"Donu and Deca","floor":52,"turns":2},{"damage":0,"enemies":"Donu and Deca","floor":56,"turns":3},{"damage":19,"enemies":"paleoftheancients:N","floor":60,"turns":5}],"seed_played":"-6003673902407672116","potions_obtained":[{"floor":1,"key":"blueLaboratory:LouseDecoction"},{"floor":4,"key":"blueLaboratory:FruitPunch"},{"floor":6,"key":"Block Potion"},{"floor":8,"key":"SmokeBomb"},{"floor":16,"key":"blueLaboratory:NullPotion"},{"floor":25,"key":"Energy Potion"},{"floor":28,"key":"blueLaboratory:Moonshine"},{"floor":33,"key":"SpeedPotion"},{"floor":35,"key":"BlessingOfTheForge"},{"floor":36,"key":"PowerPotion"},{"floor":51,"key":"blueLaboratory:BottledHope"}],"is_trial":false,"path_per_floor":["M","$","?","M","$","E","M","E","T","R","?","M","?","E","R","B",null,"M","$","?","?","M","E","R","E","T","R","M","E","$","M","R","B",null,"M","M","$","M","?","R","E","R","T","E","$","E","?","M","R","B","M","M","?","T","R","M","R","$","?","B",null],"character_chosen":"IRONCLAD","items_purchased":["ReplayTheSpireMod:Limb From Limb","Pommel Strike","theForsaken:Lifeblossom","Lee\u0027s Waffle","aspiration:Lifesprig","Brimstone"],"campfire_rested":3,"item_purchase_floors":[2,5,19,30,37,45],"current_hp_per_floor":[61,61,51,48,48,44,46,46,46,77,63,57,57,59,59,59,60,58,58,55,39,45,3,37,22,22,56,62,68,75,75,75,60,74,81,81,81,81,84,84,84,84,84,87,87,87,87,87,87,87,87,87,87,87,87,87,87,87,87,83],"gold":33,"neow_bonus":"BOSS_RELIC","is_daily":false,"chose_seed":false,"campfire_upgraded":7,"win_rate":0.0,"timestamp":1607821693,"path_taken":["M","$","?","M","$","E","M","E","T","R","?","M","?","E","R","BOSS","M","$","?","?","M","E","R","E","T","R","M","E","$","M","R","BOSS","M","M","$","M","?","R","E","R","T","E","?","E","?","M","R","BOSS","M","M","?","T","R","M","R","$","?","BOSS"],"items_purchased_type":["Card","Card","Relic","Relic","Relic","Relic"],"build_version":"2020-11-30","purchased_purges":2,"victory":true,"max_hp_per_floor":[75,75,75,75,75,75,77,77,77,77,77,77,77,80,80,80,60,60,60,60,65,65,65,65,65,65,65,65,68,75,75,75,78,78,81,81,81,81,84,84,84,84,84,87,87,87,87,87,87,87,87,87,87,87,87,87,87,87,87,87],"relic_stats":{"Regal Pillow":38,"Centennial Puzzle":[33],"Lee\u0027s Waffle":7,"Gremlin Horn":[10,11],"counters":[29,111],"Bronze Scales":[194],"Art of War":[2],"Orichalcum":[84],"obtain_stats":[{"Regal Pillow":8,"StuffTheSpire:Barrel":11,"aspiration:Lifesprig":37,"Snecko Heart":0,"Gremlin Horn":50,"StuffTheSpire:Rhapsscallions":14,"theForsaken:Lifeblossom":19,"Blue Doll":41,"Replay:Mystery Machine":20,"Burning Blood":0,"Replay:Ringing Soul":29,"Centennial Puzzle":9,"MiniBlackHole":44,"Replay:Drink Me":17,"StuffTheSpire:NeowsTribute":6,"Lee\u0027s Waffle":30,"paleoftheancients:KeyRelic":50,"StuffTheSpire:ForceGauntlet":23,"Orichalcum":25,"aspiration:HiddenCompartment":46,"paleoftheancients:Timepiece":50,"Ooze Armor":34,"Brimstone":45,"paleoftheancients:SoulOfTheWokeBloke":51,"Bronze Scales":26,"Coffee Dripper":50,"Art of War":54},{"Regal Pillow":5,"StuffTheSpire:Barrel":5,"aspiration:Lifesprig":19,"Snecko Heart":0,"Gremlin Horn":25,"StuffTheSpire:Rhapsscallions":7,"theForsaken:Lifeblossom":9,"Blue Doll":21,"Replay:Mystery Machine":10,"Burning Blood":0,"Replay:Ringing Soul":15,"Centennial Puzzle":5,"MiniBlackHole":22,"Replay:Drink Me":8,"StuffTheSpire:NeowsTribute":3,"Lee\u0027s Waffle":15,"paleoftheancients:KeyRelic":25,"StuffTheSpire:ForceGauntlet":12,"Orichalcum":13,"aspiration:HiddenCompartment":23,"paleoftheancients:Timepiece":25,"Ooze Armor":17,"Brimstone":22,"paleoftheancients:SoulOfTheWokeBloke":26,"Bronze Scales":13,"Coffee Dripper":25,"Art of War":27},{"Regal Pillow":13,"StuffTheSpire:Barrel":13,"aspiration:Lifesprig":69,"Snecko Heart":0,"Gremlin Horn":96,"StuffTheSpire:Rhapsscallions":20,"theForsaken:Lifeblossom":27,"Blue Doll":82,"Replay:Mystery Machine":32,"Burning Blood":0,"Replay:Ringing Soul":54,"Centennial Puzzle":13,"MiniBlackHole":85,"Replay:Drink Me":24,"StuffTheSpire:NeowsTribute":8,"Lee\u0027s Waffle":54,"paleoftheancients:KeyRelic":96,"StuffTheSpire:ForceGauntlet":42,"Orichalcum":46,"aspiration:HiddenCompartment":89,"paleoftheancients:Timepiece":96,"Ooze Armor":64,"Brimstone":85,"paleoftheancients:SoulOfTheWokeBloke":101,"Bronze Scales":46,"Coffee Dripper":96,"Art of War":103}]},"card_choices":[{"not_picked":["True Grit","Dark Embrace"],"picked":"Carnage","floor":1},{"not_picked":["Whirlwind","Pommel Strike"],"picked":"ReplayTheSpireMod:Limb From Limb","floor":4},{"not_picked":["ReplayTheSpireMod:LeadingStrike","Bloodletting"],"picked":"Sever Soul","floor":6},{"not_picked":["Shrug It Off","Armaments"],"picked":"Spot Weakness","floor":7},{"not_picked":["Run Through","Double Tap"],"picked":"Flame Barrier","floor":8},{"not_picked":["Headbutt","Disarm"],"picked":"Burning Pact","floor":12},{"not_picked":["Replay:Undeath\u0027s Touch","Twin Strike"],"picked":"StuffTheSpire:RagingBull","floor":14},{"not_picked":["Feed","Corruption"],"picked":"Limit Break","floor":16},{"not_picked":["Warcry","Heavy Blade","StuffTheSpire:Resist"],"picked":"SKIP","floor":18},{"not_picked":["Clothesline","Thunderclap"],"picked":"Uppercut","floor":22},{"not_picked":["Flex","Disarm","StuffTheSpire:Pyroclast"],"picked":"SKIP","floor":23},{"not_picked":["Searing Blow","Thunderclap","ReplayTheSpireMod:Strike From Hell"],"picked":"SKIP","floor":25},{"not_picked":["Sword Boomerang","Headbutt"],"picked":"Armaments","floor":28},{"not_picked":["Heavy Blade","Thunderclap"],"picked":"ReplayTheSpireMod:Limb From Limb","floor":29},{"not_picked":["Rampage","Demonic Infusion","Run Through+1"],"picked":"SKIP","floor":31},{"not_picked":["Exhume","Berserk"],"picked":"Reaper","floor":33},{"not_picked":["Clothesline","Iron Wave"],"picked":"Shrug It Off+1","floor":35},{"not_picked":["Shrug It Off","Headbutt","Flex"],"picked":"SKIP","floor":36},{"not_picked":["True Grit","Run Through","Metallicize+1"],"picked":"SKIP","floor":38},{"not_picked":["ReplayReversal+1","Pommel Strike","ReplayTheSpireMod:Strike From Hell"],"picked":"SKIP","floor":41},{"not_picked":["Absolvement","Hemokinesis+1"],"picked":"Impervious","floor":44},{"not_picked":["Entrench+1","Sentinel","Warcry"],"picked":"SKIP","floor":46},{"not_picked":["StuffTheSpire:RagingBull","Heavy Blade+1","Twin Strike"],"picked":"SKIP","floor":48},{"not_picked":["True Grit","Thunderclap","StuffTheSpire:Slingshot"],"picked":"SKIP","floor":51},{"not_picked":["Heavy Blade+1","StuffTheSpire:RagingBull+1","Whirlwind"],"picked":"SKIP","floor":52},{"not_picked":["Replay:Undeath\u0027s Touch+1","Anger+1","Entrench+1"],"picked":"SKIP","floor":56}],"player_experience":1658053,"relics_obtained":[{"floor":6,"key":"StuffTheSpire:NeowsTribute"},{"floor":8,"key":"Regal Pillow"},{"floor":9,"key":"Centennial Puzzle"},{"floor":14,"key":"StuffTheSpire:Rhapsscallions"},{"floor":20,"key":"Replay:Mystery Machine"},{"floor":23,"key":"StuffTheSpire:ForceGauntlet"},{"floor":25,"key":"Orichalcum"},{"floor":26,"key":"Bronze Scales"},{"floor":29,"key":"Replay:Ringing Soul"},{"floor":41,"key":"Blue Doll"},{"floor":44,"key":"MiniBlackHole"},{"floor":46,"key":"aspiration:HiddenCompartment"},{"floor":51,"key":"paleoftheancients:SoulOfTheWokeBloke"},{"floor":54,"key":"Art of War"}],"event_choices":[{"damage_healed":0,"gold_gain":1,"player_choice":"Card Relic ","damage_taken":14,"max_hp_gain":0,"max_hp_loss":0,"event_name":"betterThird:BetterScrap","floor":11,"gold_loss":0,"cards_obtained":["Calculated Gamble","StuffTheSpire:EventHorizon"]},{"damage_healed":0,"gold_gain":0,"player_choice":"Shed Blood","damage_taken":21,"max_hp_gain":5,"max_hp_loss":0,"event_name":"Forgotten Altar","floor":21,"gold_loss":0},{"damage_healed":0,"gold_gain":0,"cards_transformed":["Defend_R"],"player_choice":"Transformed","damage_taken":0,"max_hp_gain":0,"max_hp_loss":0,"event_name":"Transmorgrifier","floor":39,"gold_loss":0,"cards_obtained":["True Grit"]},{"damage_healed":0,"gold_gain":0,"player_choice":"Upgraded","damage_taken":0,"max_hp_gain":0,"max_hp_loss":0,"event_name":"Upgrade Shrine","floor":47,"gold_loss":0,"cards_upgraded":["Armaments"]}],"is_beta":false,"boss_relics":[{"not_picked":["aspiration:RunesmithSkillbook","CosmicIsotope"],"picked":"Replay:Drink Me"},{"not_picked":["Velvet Choker","energizedSpire:DecayingSkull"],"picked":"Ooze Armor"}],"items_purged_floors":[30,58],"is_endless":false,"potions_floor_spawned":[1,4,6,8,16,18,23,25,28,33,35,36,44,46,51,60],"ascension_level":15}}