{"host":"7yyoe0ei0fseceei","time":1607871850,"event":{"mods":["BaseMod","Colored Map","Highlight Path","Minty Spire (QoL Compilation)","Quick Restart"],"gold_per_floor":[111,125,125,125,145,145,181,181,181,241,255,278,317,342,342,440,440,463,463,463],"floor_reached":19,"playtime":599,"items_purged":[],"score":358,"play_id":"f612b974-bca9-4e35-92db-22cf13eed944","local_time":"20201213160410","is_ascension_mode":true,"campfire_choices":[{"data":"Rampage","floor":6,"key":"SMITH"},{"floor":8,"key":"REST"},{"floor":15,"key":"REST"}],"circlet_count":0,"master_deck":["AscendersBane","Strike_R","Strike_R","Strike_R","Strike_R","Defend_R","Defend_R","Defend_R","Defend_R","Bash+1","Rampage+1","Rage","Armaments","Metallicize","Sentinel","Bludgeon","Wild Strike","Double Tap","Metallicize"],"relics":["Burning Blood","Golden Idol","Ginger","Potion Belt","Calipers","Paper Frog","Empty Cage"],"acts_visited":["Exordium","TheCity"],"potions_floor_usage":[7,7,13,13,14,18],"damage_taken":[{"damage":4,"enemies":"Jaw Worm","floor":1,"turns":4},{"damage":5,"enemies":"Small Slimes","floor":2,"turns":3},{"damage":9,"enemies":"2 Louse","floor":5,"turns":2},{"damage":43,"enemies":"Lagavulin","floor":7,"turns":8},{"damage":15,"enemies":"Blue Slaver","floor":11,"turns":4},{"damage":19,"enemies":"Lots of Slimes","floor":12,"turns":6},{"damage":31,"enemies":"Gremlin Nob","floor":13,"turns":4},{"damage":5,"enemies":"Large Slime","floor":14,"turns":7},{"damage":19,"enemies":"Slime Boss","floor":16,"turns":8},{"damage":43,"enemies":"3 Byrds","floor":18,"turns":6},{"damage":30,"enemies":"Chosen","floor":19,"turns":5}],"seed_played":"-3221837921018119899","potions_obtained":[{"floor":1,"key":"SpeedPotion"},{"floor":2,"key":"EssenceOfSteel"},{"floor":11,"key":"SneckoOil"},{"floor":12,"key":"Regen Potion"},{"floor":13,"key":"Swift Potion"},{"floor":16,"key":"AttackPotion"}],"is_trial":false,"path_per_floor":["M","M","?","?","M","R","E","R","T","?","M","M","E","M","R","B",null,"M","M"],"character_chosen":"IRONCLAD","items_purchased":[],"campfire_rested":2,"item_purchase_floors":[],"current_hp_per_floor":[70,71,71,60,57,57,20,42,42,42,33,20,7,8,30,17,61,24,0,0],"gold":463,"neow_bonus":"UPGRADE_CARD","is_daily":false,"chose_seed":false,"campfire_upgraded":1,"win_rate":0.0,"timestamp":1607871850,"path_taken":["M","M","?","?","M","R","E","R","T","?","M","M","E","M","R","BOSS","M","M"],"items_purchased_type":[],"build_version":"2020-11-30","purchased_purges":0,"victory":false,"max_hp_per_floor":[75,75,75,75,75,75,75,75,75,75,75,75,75,75,75,75,75,75,75,75],"card_choices":[{"not_picked":["Hemokinesis","Headbutt"],"picked":"Rampage","floor":1},{"not_picked":["Thunderclap","Twin Strike"],"picked":"Rage","floor":2},{"not_picked":["Rupture","Rampage"],"picked":"Armaments","floor":5},{"not_picked":["True Grit","Combust"],"picked":"Metallicize","floor":7},{"not_picked":["Clash","Clothesline"],"picked":"Sentinel","floor":11},{"not_picked":["Clash","Inflame"],"picked":"Bludgeon","floor":12},{"not_picked":["Combust","Heavy Blade","Body Slam"],"picked":"SKIP","floor":13},{"not_picked":["Cleave","True Grit"],"picked":"Wild Strike","floor":14},{"not_picked":["Brutality","Barricade"],"picked":"Double Tap","floor":16},{"not_picked":["Flex","Dark Embrace"],"picked":"Metallicize","floor":18}],"player_experience":834658,"relics_obtained":[{"floor":7,"key":"Potion Belt"},{"floor":9,"key":"Calipers"},{"floor":13,"key":"Paper Frog"}],"event_choices":[{"damage_healed":0,"gold_gain":0,"player_choice":"Take Wound","damage_taken":0,"relics_obtained":["Golden Idol"],"max_hp_gain":0,"max_hp_loss":0,"event_name":"Golden Idol","floor":3,"gold_loss":0,"cards_obtained":["Injury"]},{"damage_healed":0,"gold_gain":0,"player_choice":"Success","damage_taken":11,"relics_obtained":["Ginger"],"max_hp_gain":0,"max_hp_loss":0,"event_name":"Scrap Ooze","floor":4,"gold_loss":0},{"damage_healed":0,"gold_gain":60,"player_choice":"Gained Gold","damage_taken":0,"max_hp_gain":0,"max_hp_loss":0,"event_name":"Golden Wing","floor":10,"gold_loss":0}],"is_beta":false,"boss_relics":[{"not_picked":["Fusion Hammer","Runic Cube"],"picked":"Empty Cage"}],"items_purged_floors":[],"is_endless":false,"potions_floor_spawned":[1,2,11,12,13,16],"killed_by":"Chosen","ascension_level":20}}