{"host":"5u4m3sklrpw6xc20","time":1607888187,"event":{"mods":["2.2 Compatiblity","BaseMod","Better Third Choice","CapriCore","Colored Map","Hubris","Infinite Spire","Minty Spire (QoL Compilation)","Permanent Neow","Replay The Spire","Robot Space Explorer","Spicy Shops","StSLib","SuperFastMode","The Cursed","The Dragon Tamer","The Gatherer"],"gold_per_floor":[10000098,9998989,9998989,9997934,9997934,9997934,9997934,9997934,9997934,9997934,9997934,9996708,9996708,9996708,9996708,9996708,9996708,9996708,9996708,9996708,9996212,9996212,9996212,9996212,9996212,9996212,9996212,9994946,9994946,9994946,9994946,9994946,9994946,9994946,9994946,9994946,9994946],"floor_reached":35,"playtime":918,"items_purged":["Gatherer:Strike_Gatherer+1","Gatherer:Strike_Gatherer+1","Gatherer:Strike_Gatherer+1","Gatherer:Strike_Gatherer+1","Gatherer:Strike_Gatherer+1","Gatherer:Defend_Gatherer+1","Gatherer:Defend_Gatherer+1"],"score":825,"play_id":"3cb87418-ab1f-4b2a-8477-ba3c078598f4","local_time":"20201213133627","is_ascension_mode":false,"metric_token":1105,"campfire_choices":[{"data":"Gatherer:FlowerWhip+1","floor":6,"key":"SMITH"},{"data":"Gatherer:FlowerFalling+1","floor":8,"key":"SMITH"},{"floor":10,"key":"RECALL"},{"data":"Gatherer:FlowerFalling+2","floor":15,"key":"SMITH"},{"data":"Gatherer:FlowerFalling+1","floor":24,"key":"SMITH"},{"data":"Gatherer:FlowerFalling+2","floor":27,"key":"SMITH"},{"floor":32,"key":"REST"}],"circlet_count":0,"master_deck":["Gatherer:Defend_Gatherer+1","Gatherer:Defend_Gatherer+1","Gatherer:Defend_Gatherer+1","Gatherer:Centralize+1","Gatherer:FlowerWhip+3","Pot Of Greed+1","Pot Of Greed+1","Gatherer:FlowerShield+3","Gatherer:FlowerFalling+3","Gatherer:FlowerFalling+3","Replay:Fractal Strike+1","hubris:DuctTapeCard"],"relics":["Gatherer:AlchemyBag","Molten Egg 2","Frozen Egg 2","Toxic Egg 2","Quantum Egg","Ectoplasm","Sozu","War Paint","Ice Cream","Art of War","Grinning Jar","Replay:Lucky Slots","Thread and Needle","infinitespire:CheckeredPen","Boot","Chameleon Ring","Frozen Eye","MawBank","infinitespire:Golems Mask","infinitespire:Satchel","StoneCalendar","Orrery","Orichalcum","Calling Bell","Replay:Baseball","Mirror","Durian","Necronomicon","ReplayTheSpireMod:TigerMarble","Replay:Bottled Steam","infinitespire:ShieldingShard","hubris:TenFootPole","Ornamental Fan","Medical Kit","Bag of Preparation","hubris:DuctTape","Philosopher\u0027s Stone"],"acts_visited":["Exordium","TheCity","TheBeyond"],"potions_floor_usage":[],"damage_taken":[{"damage":0,"enemies":"2 Louse","floor":1,"turns":1},{"damage":0,"enemies":"Jaw Worm","floor":5,"turns":1},{"damage":0,"enemies":"Gremlin Nob","floor":7,"turns":2},{"damage":0,"enemies":"Small Slimes","floor":11,"turns":1},{"damage":0,"enemies":"Gremlin Nob","floor":13,"turns":1},{"damage":0,"enemies":"Blue Slaver","floor":14,"turns":1},{"damage":0,"enemies":"Slime Boss","floor":16,"turns":2},{"damage":0,"enemies":"Spheric Guardian","floor":18,"turns":2},{"damage":0,"enemies":"Chosen","floor":19,"turns":1},{"damage":0,"enemies":"Snecko","floor":20,"turns":2},{"damage":0,"enemies":"Gremlin Leader","floor":23,"turns":2},{"damage":0,"enemies":"3 Cultists","floor":29,"turns":1},{"damage":0,"enemies":"Snake Plant","floor":30,"turns":1},{"damage":0,"enemies":"Cultist and Chosen","floor":31,"turns":1},{"damage":0,"enemies":"Automaton","floor":33,"turns":2},{"damage":0,"enemies":"3 Darklings","floor":35,"turns":1}],"seed_played":"4809797399748152099","potions_obtained":[],"is_trial":false,"path_per_floor":["M","$","?","$","M","R","E","R","T","R","M","$","?","M","R","B",null,"M","M","M","?","?","E","R","T","T","R","$","M","M","M","R","B",null,"M"],"character_chosen":"THE_GATHERER","items_purchased":["War Paint","Ice Cream","Art of War","Grinning Jar","Replay:Lucky Slots","Thread and Needle","infinitespire:CheckeredPen","Boot","Chameleon Ring","Frozen Eye","Gatherer:FlowerFalling+1","infinitespire:Golems Mask","infinitespire:Satchel","StoneCalendar","Orrery","hubris:TenFootPole","Ornamental Fan","Medical Kit","Bag of Preparation","hubris:DuctTape"],"campfire_rested":1,"item_purchase_floors":[2,2,2,2,2,4,4,4,4,4,4,12,12,12,12,28,28,28,28,28],"current_hp_per_floor":[72,72,72,72,72,72,72,72,72,72,72,72,72,72,72,72,77,77,77,77,77,61,73,73,73,73,73,73,77,77,77,77,77,77,77,77,77],"gold":9994946,"neow_bonus":"","is_daily":false,"chose_seed":false,"campfire_upgraded":5,"win_rate":0.0,"timestamp":1607888187,"path_taken":["M","$","?","$","M","R","E","R","T","R","M","$","?","M","R","BOSS","M","M","M","?","?","E","R","?","T","R","$","M","?","M","R","BOSS","M"],"items_purchased_type":["Relic","Relic","Relic","Relic","Relic","Relic","Relic","Relic","Relic","Relic","Card","Relic","Relic","Relic","Relic","Relic","Relic","Relic","Relic","Relic"],"build_version":"2020-11-30","purchased_purges":7,"victory":false,"max_hp_per_floor":[72,72,72,72,72,72,72,72,72,72,72,72,72,72,72,72,77,77,77,77,77,77,77,77,77,77,77,77,77,77,77,77,77,77,77,77,77],"card_choices":[{"not_picked":["Gatherer:DrugPower+1","Gatherer:ScherryThrow+1"],"picked":"Gatherer:FlowerFalling+1","floor":1},{"not_picked":["Gatherer:AlchemyTrial+1","Gatherer:WoolGloves+1"],"picked":"Gatherer:FlowerShield+1","floor":5},{"not_picked":["Gatherer:BambuSword+1","Gatherer:Pollute+1"],"picked":"Gatherer:FlowerFalling+1","floor":7},{"not_picked":["Gatherer:PotentialSlash+1","Gatherer:ScherryThrow+1","Gatherer:EnergyBasket+1"],"picked":"SKIP","floor":11},{"not_picked":["Gatherer:CollectorsShot+1","Gatherer:Examine+1","Gatherer:Solidify+1"],"picked":"SKIP","floor":14},{"not_picked":["Gatherer:FeelingFine+1","Gatherer:TacticalStrike+1"],"picked":"Gatherer:FlowerFalling+1","floor":18},{"not_picked":["Gatherer:GatherMaterial+1","Gatherer:TacticalStrike+1","Gatherer:Liquidism+1"],"picked":"SKIP","floor":19},{"not_picked":["Gatherer:EnergyBasket+1","Gatherer:FlowerShield+1","Gatherer:Examine+1"],"picked":"SKIP","floor":20},{"not_picked":["hubris:Rewind","ReplayTheSpireMod:Chaos Vortex"],"picked":"Replay:Fractal Strike","floor":21},{"not_picked":["Gatherer:BambuSword+1","Gatherer:Frenzy+1","Gatherer:Photoscythe+1"],"picked":"SKIP","floor":23},{"not_picked":["Gatherer:DrugPower+1","Gatherer:EnergyBasket+1","Gatherer:CarefulStrike+1"],"picked":"SKIP","floor":29},{"not_picked":["Gatherer:FlowerFalling+1","Gatherer:GlowingPlant+1","Gatherer:Uplift+1"],"picked":"SKIP","floor":30},{"not_picked":["Gatherer:Nutrients+1","Gatherer:OddSpoils+1","Gatherer:AcidicSpray+1"],"picked":"SKIP","floor":31}],"player_experience":225805,"relics_obtained":[{"floor":7,"key":"MawBank"},{"floor":13,"key":"Orichalcum"},{"floor":17,"key":"Replay:Baseball"},{"floor":17,"key":"Mirror"},{"floor":17,"key":"Durian"},{"floor":22,"key":"Necronomicon"},{"floor":23,"key":"ReplayTheSpireMod:TigerMarble"},{"floor":25,"key":"Replay:Bottled Steam"},{"floor":26,"key":"infinitespire:ShieldingShard"}],"event_choices":[{"damage_healed":0,"gold_gain":0,"player_choice":"Upgrade","damage_taken":0,"relics_obtained":["Mark of the Bloom"],"max_hp_gain":0,"max_hp_loss":0,"event_name":"MindBloom","floor":0,"gold_loss":0,"cards_upgraded":["Gatherer:Strike_Gatherer","Gatherer:Strike_Gatherer","Gatherer:Strike_Gatherer","Gatherer:Strike_Gatherer","Gatherer:Strike_Gatherer","Gatherer:Defend_Gatherer","Gatherer:Defend_Gatherer","Gatherer:Defend_Gatherer","Gatherer:Defend_Gatherer","Gatherer:Defend_Gatherer","Gatherer:Centralize","Gatherer:FlowerWhip"]},{"damage_healed":0,"gold_gain":0,"player_choice":"Upgrade","damage_taken":0,"relics_obtained":["Mark of the Bloom"],"max_hp_gain":0,"max_hp_loss":0,"event_name":"MindBloom","floor":6,"gold_loss":0,"cards_upgraded":["Gatherer:FlowerWhip","Gatherer:FlowerFalling","Gatherer:FlowerFalling","Gatherer:FlowerShield"]},{"damage_healed":0,"gold_gain":0,"player_choice":"Upgrade","damage_taken":0,"relics_obtained":["Mark of the Bloom"],"max_hp_gain":0,"max_hp_loss":0,"event_name":"MindBloom","floor":6,"gold_loss":0,"cards_upgraded":["Gatherer:FlowerFalling","Gatherer:FlowerShield"]},{"damage_healed":0,"gold_gain":0,"player_choice":"Upgrade","damage_taken":0,"relics_obtained":["Mark of the Bloom"],"max_hp_gain":0,"max_hp_loss":0,"event_name":"MindBloom","floor":6,"gold_loss":0,"cards_upgraded":[]},{"damage_healed":0,"gold_gain":0,"player_choice":"Searched \u00272\u0027 times","damage_taken":0,"max_hp_gain":0,"max_hp_loss":0,"event_name":"Dead Adventurer","floor":13,"gold_loss":0},{"damage_healed":0,"gold_gain":0,"player_choice":"Obtained Book","damage_taken":16,"max_hp_gain":0,"max_hp_loss":0,"event_name":"Cursed Tome","floor":22,"gold_loss":0}],"is_beta":false,"boss_relics":[{"not_picked":["Runic Pyramid","Honey Jar"],"picked":"Calling Bell"},{"not_picked":["ReplayTheSpireMod:SealedPack","Fusion Hammer"],"picked":"Philosopher\u0027s Stone"}],"items_purged_floors":[2,2,4,12,12,28,28],"is_endless":false,"potions_floor_spawned":[1,7,18,20,31,33],"killed_by":"3 Darklings","ascension_level":0}}