{"host":"aeidq2c3auzxo1yh","time":1607828442,"event":{"mods":["AchievementEnabler","BaseMod","Colored Map","Colored Powertips","Minty Spire (QoL Compilation)","Relic Stats","StSLib"],"gold_per_floor":[367,383,50,61,26,26,58,58,136,136,155,155,180,196,196,196,196],"floor_reached":16,"playtime":682,"items_purged":["Writhe"],"score":220,"play_id":"13f4f1ce-55a7-45dc-a650-e3ca0c74ac57","local_time":"20201213080042","is_ascension_mode":true,"campfire_choices":[{"data":"Caltrops","floor":6,"key":"SMITH"},{"data":"Dagger Spray","floor":8,"key":"SMITH"},{"floor":10,"key":"REST"},{"data":"Caltrops","floor":15,"key":"SMITH"}],"circlet_count":0,"master_deck":["AscendersBane","Strike_G","Strike_G","Strike_G","Strike_G","Strike_G","Defend_G","Defend_G","Defend_G","Defend_G","Defend_G","Survivor","Neutralize","Reflex","Footwork","Caltrops+1","Skewer","Dagger Spray+1","Dagger Throw","Underhanded Strike","Adrenaline","Caltrops+1"],"relics":["Ring of the Snake","Happy Flower","Question Card","Meat on the Bone"],"acts_visited":["Exordium"],"potions_floor_usage":[7,16],"damage_taken":[{"damage":1,"enemies":"Small Slimes","floor":1,"turns":3},{"damage":4,"enemies":"2 Louse","floor":2,"turns":2},{"damage":0,"enemies":"Jaw Worm","floor":4,"turns":4},{"damage":60,"enemies":"Lagavulin","floor":7,"turns":10},{"damage":0,"enemies":"Exordium Thugs","floor":11,"turns":4},{"damage":12,"enemies":"3 Sentries","floor":13,"turns":7},{"damage":3,"enemies":"3 Louse","floor":14,"turns":2},{"damage":28,"enemies":"Hexaghost","floor":16,"turns":8}],"seed_played":"1170841992356596073","potions_obtained":[{"floor":7,"key":"Strength Potion"}],"is_trial":false,"path_per_floor":["M","M","$","M","?","R","E","R","T","R","M","?","E","M","R","B"],"character_chosen":"THE_SILENT","items_purchased":["Caltrops","Ancient Potion","Dexterity Potion","Skewer"],"campfire_rested":1,"item_purchase_floors":[3,3,3,3],"current_hp_per_floor":[58,54,54,54,66,66,6,6,6,25,25,25,13,22,22,0,0],"gold":196,"neow_bonus":"TWO_FIFTY_GOLD","is_daily":false,"chose_seed":false,"campfire_upgraded":3,"win_rate":0.0,"timestamp":1607828442,"path_taken":["M","M","$","M","?","R","E","R","T","R","M","?","E","M","R","BOSS"],"items_purchased_type":["Card","Potion","Potion","Card"],"build_version":"2020-11-30","purchased_purges":1,"victory":false,"max_hp_per_floor":[66,66,66,66,66,66,66,66,66,66,66,66,66,66,66,66,66],"relic_stats":{"Happy Flower":[7],"counters":[8,40],"Question Card":3,"obtain_stats":[{"Happy Flower":7,"Question Card":9,"Ring of the Snake":0,"Meat on the Bone":13},{"Happy Flower":4,"Question Card":4,"Ring of the Snake":0,"Meat on the Bone":6},{"Happy Flower":19,"Question Card":19,"Ring of the Snake":0,"Meat on the Bone":30}],"Ring of the Snake":[16],"Meat on the Bone":12},"card_choices":[{"not_picked":["Outmaneuver","Expertise"],"picked":"Reflex","floor":1},{"not_picked":["Prepared","Flying Knee"],"picked":"Footwork","floor":2},{"not_picked":["Dodge and Roll","Choke"],"picked":"Dagger Spray","floor":4},{"not_picked":["Deadly Poison","Night Terror"],"picked":"Dagger Throw","floor":7},{"not_picked":["PiercingWail","Outmaneuver","Bane"],"picked":"Underhanded Strike","floor":11},{"not_picked":["Corpse Explosion","Reflex","Backflip"],"picked":"Adrenaline","floor":13},{"not_picked":["Sucker Punch","Deflect","Quick Slash"],"picked":"Caltrops","floor":14}],"player_experience":854544,"relics_obtained":[{"floor":7,"key":"Happy Flower"},{"floor":9,"key":"Question Card"},{"floor":13,"key":"Meat on the Bone"}],"event_choices":[{"damage_healed":16,"gold_gain":0,"player_choice":"Healed","damage_taken":0,"max_hp_gain":0,"max_hp_loss":0,"event_name":"The Cleric","floor":5,"gold_loss":35},{"damage_healed":0,"gold_gain":0,"player_choice":"Ignored","damage_taken":0,"max_hp_gain":0,"max_hp_loss":0,"event_name":"Liars Game","floor":12,"gold_loss":0}],"is_beta":false,"boss_relics":[],"items_purged_floors":[3],"is_endless":false,"potions_floor_spawned":[4,7,11],"killed_by":"Hexaghost","ascension_level":20}}