{"host":"nukjzc0ca34w6eem","time":1607886130,"event":{"mods":["2.2 Compatiblity","AchievementEnabler","BaseMod","Colored Powertips","Minty Spire (QoL Compilation)","StSLib"],"gold_per_floor":[110,90,15,31,41,41,41,80,80,414,414,414,428,453,453,453,453],"floor_reached":16,"playtime":708,"items_purged":["Strike_R"],"score":146,"play_id":"7e8d36ae-218c-4d00-8fc2-ad1ed6337ede","local_time":"20201213110210","is_ascension_mode":true,"campfire_choices":[{"data":"Perfected Strike","floor":6,"key":"SMITH"},{"data":"Seeing Red","floor":12,"key":"SMITH"},{"data":"Wild Strike","floor":15,"key":"SMITH"}],"circlet_count":0,"master_deck":["Strike_R","Strike_R","Strike_R","Strike_R+1","Defend_R","Defend_R","Defend_R","Defend_R","Bash+1","Perfected Strike+1","Seeing Red+1","Shrug It Off","Dropkick","Inflame","Wild Strike+1"],"relics":["Burning Blood","Golden Idol","Darkstone Periapt","Old Coin","Red Skull"],"acts_visited":["Exordium"],"potions_floor_usage":[10,10],"damage_taken":[{"damage":0,"enemies":"2 Louse","floor":1,"turns":2},{"damage":6,"enemies":"Cultist","floor":4,"turns":3},{"damage":0,"enemies":"Jaw Worm","floor":5,"turns":3},{"damage":24,"enemies":"Lagavulin","floor":8,"turns":5},{"damage":10,"enemies":"Gremlin Nob","floor":10,"turns":3},{"damage":11,"enemies":"Looter","floor":13,"turns":2},{"damage":30,"enemies":"Hexaghost","floor":16,"turns":7}],"seed_played":"2729335977347337604","potions_obtained":[{"floor":1,"key":"FearPotion"},{"floor":2,"key":"SpeedPotion"},{"floor":4,"key":"AttackPotion"},{"floor":5,"key":"Regen Potion"}],"is_trial":false,"path_per_floor":["M","?","$","M","M","R","?","E","T","E","?","R","M","T","R","B"],"character_chosen":"IRONCLAD","items_purchased":[],"campfire_rested":0,"item_purchase_floors":[],"current_hp_per_floor":[78,78,78,78,80,80,74,56,56,57,42,42,37,37,37,7,7],"gold":453,"neow_bonus":"THREE_CARDS","is_daily":false,"chose_seed":false,"campfire_upgraded":3,"win_rate":0.0,"timestamp":1607886130,"path_taken":["M","?","?","M","M","R","?","E","T","E","?","R","M","?","R","BOSS"],"items_purchased_type":[],"build_version":"2020-11-30","purchased_purges":1,"victory":false,"max_hp_per_floor":[80,80,80,80,80,80,74,74,74,74,74,74,74,74,74,74,74],"card_choices":[{"not_picked":["Clothesline","Wild Strike"],"picked":"Perfected Strike","floor":0},{"not_picked":["Rampage","Thunderclap"],"picked":"Seeing Red","floor":1},{"not_picked":["Ghostly Armor","Burning Pact"],"picked":"Shrug It Off","floor":4},{"not_picked":["Clash","True Grit","Clothesline"],"picked":"SKIP","floor":5},{"not_picked":["Dual Wield","Metallicize"],"picked":"Dropkick","floor":8},{"not_picked":["Body Slam","Anger"],"picked":"Inflame","floor":10},{"not_picked":["Rupture","Ghostly Armor"],"picked":"Wild Strike","floor":13}],"player_experience":234071,"relics_obtained":[{"floor":8,"key":"Darkstone Periapt"},{"floor":10,"key":"Old Coin"},{"floor":14,"key":"Red Skull"}],"event_choices":[{"damage_healed":0,"gold_gain":0,"player_choice":"Bought 1 Potion","damage_taken":0,"max_hp_gain":0,"max_hp_loss":0,"event_name":"The Woman in Blue","floor":2,"gold_loss":0},{"damage_healed":0,"gold_gain":0,"player_choice":"Lose Max HP","damage_taken":0,"relics_obtained":["Golden Idol"],"max_hp_gain":0,"max_hp_loss":6,"event_name":"Golden Idol","floor":7,"gold_loss":0},{"damage_healed":0,"gold_gain":0,"player_choice":"Entered Light","damage_taken":15,"max_hp_gain":0,"max_hp_loss":0,"event_name":"Shining Light","floor":11,"gold_loss":0,"cards_upgraded":["Bash","Strike_R"]}],"is_beta":false,"boss_relics":[],"items_purged_floors":[3],"is_endless":false,"potions_floor_spawned":[1,4,5],"killed_by":"Hexaghost","ascension_level":7}}