{"host":"fq9q35as5g8xdsoo","time":1607840172,"event":{"mods":["2.2 Compatiblity","AchievementEnabler","Act Like it!","Aspiration","BaseMod","Beaked The Cultist","Better Skull","Card Forge","Colored Map","Colored Powertips","Conspire","Dota2Spire","Energized Spire","Gensokyo","GifTheSpireLib","Halation","Hermit","Hubris","Marked Mod","Menagerie","Minty Spire (QoL Compilation)","Pale of the Ancients","Permanent Neow","Quick Restart","Relic Filter","Replay The Spire","Robot Space Explorer","Spicy Shops","Spikes Relics","StSLib","Stuff the Spire","SuperFastMode","The Blue Laboratory","The Construct","The Disciple","The Factory","The Gatherer","The Jungle","The Runesmith","The Servant 0.9.4","Trackpad","WarShipGirlsR/????R mod","vexMod"],"gold_per_floor":[18,51,79,79,79,79,114,114,114,122,122],"floor_reached":10,"playtime":481,"items_purged":[],"score":132,"play_id":"33ca0166-9d92-483c-947c-0e3dc0bb4203","local_time":"20201212221612","daily_mods":["Heirloom","Diverse","Colorless Cards"],"is_ascension_mode":true,"campfire_choices":[{"data":"hubris:MerchantsHand","floor":6,"key":"SMITH"},{"floor":8,"key":"REST"}],"circlet_count":0,"master_deck":["Strike_R","Strike_G","Strike_B","hubris:Strike_Merchant","Defend_R","Defend_G","Defend_B","hubris:Defend_Merchant","hubris:MerchantsHand+1","hubris:MerchantsHand","AscendersBane","construct:Antimatter","Hyperbeam","Injury"],"relics":["Smiling Mask","hubris:NiceRug","Pondfish Scales","hubris:Towel","Molten Egg 2","hubris:64BitClover","Blue Doll"],"acts_visited":["Exordium"],"potions_floor_usage":[],"damage_taken":[{"damage":7,"enemies":"Cultist","floor":1,"turns":4},{"damage":5,"enemies":"Small Slimes","floor":2,"turns":4},{"damage":1,"enemies":"2 Louse","floor":3,"turns":2},{"damage":33,"enemies":"Gremlin Nob","floor":7,"turns":4},{"damage":47,"enemies":"3 Sentries","floor":10,"turns":6}],"seed_played":"-717358482684136824","potions_obtained":[{"floor":7,"key":"SpeedPotion"}],"is_trial":true,"path_per_floor":["M","M","M","?","?","R","E","R","T","E"],"character_chosen":"IRONCLAD","items_purchased":[],"campfire_rested":1,"item_purchase_floors":[],"current_hp_per_floor":[56,51,50,50,50,50,17,38,38,0,0],"gold":122,"neow_bonus":"","is_daily":false,"chose_seed":false,"campfire_upgraded":1,"win_rate":0.0,"timestamp":1607840172,"path_taken":["M","M","M","?","?","R","E","R","T","E"],"items_purchased_type":[],"build_version":"2020-11-30","purchased_purges":0,"victory":false,"max_hp_per_floor":[70,70,70,70,70,70,70,70,70,70,70],"card_choices":[{"not_picked":["Potential","beaked:Brace","rmod:supportescort"],"picked":"SKIP","floor":1},{"not_picked":["Alleviate","hermit:Vantage"],"picked":"construct:Antimatter","floor":2},{"not_picked":["beaked:SurvivalInstinct","Starlight"],"picked":"Hyperbeam","floor":3},{"not_picked":["RobotSpaceExplorer:MetalStrike+1","construct:OmegaCannon+1","TickedOff"],"picked":"SKIP","floor":7}],"player_experience":945214,"relics_obtained":[{"floor":7,"key":"hubris:64BitClover"},{"floor":9,"key":"Blue Doll"}],"event_choices":[],"is_beta":false,"boss_relics":[],"items_purged_floors":[],"is_endless":false,"potions_floor_spawned":[7],"killed_by":"3 Sentries","ascension_level":20}}