{"host":"llpusn9usp8rznkj","time":1607895245,"event":{"mods":["2.2 Compatiblity","BaseMod","Colored Map","Colored Powertips","Conspire","Downfall","Hubris","Minty Spire (QoL Compilation)","Rare Cards Sparkle","Replay The Spire","StSLib","The Cursed"],"gold_per_floor":[113,124,174,197,197,197,214,232,232,232,232],"floor_reached":10,"playtime":244,"items_purged":[],"score":116,"play_id":"022caaf0-bebb-4f47-ba32-d830e99f36f6","local_time":"20201213163405","is_ascension_mode":true,"campfire_choices":[{"data":"Bash","floor":6.0,"key":"SMITH"}],"circlet_count":0,"master_deck":["AscendersBane","Strike_R","Strike_R","Strike_R","Strike_R","Strike_R","Defend_R","Defend_R","Defend_R","Defend_R","Bash+1","Sword Boomerang","Sword Boomerang","Cleave","hubris:Greed","Writhe","hubris:Greed"],"relics":["Burning Blood","NeowsBlessing","ReplayTheSpireMod:Ring of Addiction","White Beast Statue","hubris:EmptyBottle","Ring of Greed","Golden Egg","Blue Doll","ReplayTheSpireMod:Ninjato"],"acts_visited":["Exordium"],"potions_floor_usage":[8,8,8,8,10,10],"damage_taken":[{"damage":0.0,"enemies":"2 Louse","floor":1.0,"turns":1.0},{"damage":0.0,"enemies":"Jaw Worm","floor":2.0,"turns":1.0},{"damage":0.0,"enemies":"Cultist","floor":7.0,"turns":1.0},{"damage":40,"enemies":"Gremlin Gang","floor":8,"turns":6},{"damage":28,"enemies":"3 Sentries","floor":10,"turns":4}],"seed_played":"-9185144536424228191","potions_obtained":[{"floor":3.0,"key":"FearPotion"},{"floor":3.0,"key":"SpeedPotion"},{"floor":7.0,"key":"Swift Potion"},{"floor":8,"key":"Languid Potion"}],"is_trial":false,"path_per_floor":["M","M","?","T","?","R","M","M","T","E"],"character_chosen":"IRONCLAD","items_purchased":[],"campfire_rested":0,"item_purchase_floors":[],"current_hp_per_floor":[74,75,75,75,75,75,73,39,39,11,11],"gold":232,"neow_bonus":"THREE_ENEMY_KILL","is_daily":false,"chose_seed":false,"campfire_upgraded":1,"win_rate":0.0,"timestamp":1607895245,"path_taken":["M","M","?","?","?","R","?","?","T","E"],"items_purchased_type":[],"build_version":"2020-11-30","purchased_purges":0,"victory":false,"max_hp_per_floor":[75,75,75,75,75,75,73,73,73,73,73],"card_choices":[{"not_picked":["Clothesline","Disarm"],"picked":"Sword Boomerang","floor":1.0},{"not_picked":["Heavy Blade","Massacre"],"picked":"Sword Boomerang","floor":2.0},{"not_picked":["Hemokinesis","Anger"],"picked":"Cleave","floor":7.0},{"not_picked":["Sever Soul","Massacre","Shrug It Off"],"picked":"SKIP","floor":8}],"player_experience":963075,"relics_obtained":[{"floor":3.0,"key":"ReplayTheSpireMod:Ring of Addiction"},{"floor":3.0,"key":"White Beast Statue"},{"floor":3.0,"key":"hubris:EmptyBottle"},{"floor":3.0,"key":"Ring of Greed"},{"floor":3.0,"key":"Golden Egg"},{"floor":3.0,"key":"Blue Doll"},{"floor":9,"key":"ReplayTheSpireMod:Ninjato"}],"event_choices":[{"cards_removed":["Hallucinations"],"damage_healed":0.0,"max_hp_gain":0.0,"max_hp_loss":0.0,"gold_gain":0.0,"event_name":"Purifier","player_choice":"Purged","floor":5.0,"gold_loss":0.0,"damage_taken":0.0}],"is_beta":false,"boss_relics":[],"items_purged_floors":[],"is_endless":false,"potions_floor_spawned":[7,8],"killed_by":"3 Sentries","ascension_level":20}}