{"host":"wonp23fsqqcu31ie","time":1607818375,"event":{"mods":["2.2 Compatiblity","AchievementEnabler","Aspiration","BaseMod","Better Altar","Better Match","Better Sensory Stone","Better Skull","Better Third Choice","BetterRewards","Block Reminder","Colored Map","Colored Powertips","Conspire","Curses Come First","DeckTracker","Displayed Cursed Tome","Downfall","Hermit","Highlight Path","Hubris","Minty Spire (QoL Compilation)","Permanent Neow","Quick Restart","Rare Cards Sparkle","Relic Stats","Replay The Spire","Shade Mod","Shop Mod","StSLib","SuperFastMode","The Animator","The Cursed","The Gatherer","The Necromancer","The Runesmith","The Servant 0.9.4"],"gold_per_floor":[112,112,112,129,148,177,177,24,50,1,0,15,59,79,79,174,174,191,191,291,304,304,304],"floor_reached":22,"playtime":756,"items_purged":[],"score":246,"play_id":"77fa9802-3fa0-4348-88fa-3111d9cb045d","local_time":"20201213111255","is_ascension_mode":true,"campfire_choices":[{"floor":7,"key":"REST"},{"floor":15,"key":"REST"}],"circlet_count":0,"master_deck":["Strike_S","Strike_S","Strike_S","Strike_S","Defend_S","Defend_S","Defend_S","Defend_S","KidneyShot+1","Exchange","Defy","Amnesia","Inflame","Duplication","Ricochet","FlawlessForm","SilverBlades","Revamp","SurpressingFire","TheWorld","Alleviate+1","Gouge"],"relics":["ReplayTheSpireMod:Ring of Collecting","ReplayTheSpireMod:Ring of Addiction","SacredBark","Chameleon Ring","m_ScarletBlood","Art of War","hubris:EmptyBottle","Ring of Fangs","Runesmith:AutoHammer","betterThird:SlimedRelic","Replay:Ringing Soul","aspiration:MobileForge","Bloody Idol","Blood Vial"],"acts_visited":["Exordium","TheCity"],"potions_floor_usage":[4,6,13,14,16,16,16,21,21,21],"damage_taken":[{"damage":7,"enemies":"Small Slimes","floor":1,"turns":4},{"damage":0,"enemies":"Jaw Worm","floor":4,"turns":2},{"damage":6,"enemies":"2 Louse","floor":5,"turns":4},{"damage":39,"enemies":"3 Sentries","floor":6,"turns":7},{"damage":18,"enemies":"Large Slime","floor":12,"turns":9},{"damage":1,"enemies":"conspire:MimicChest","floor":13,"turns":11},{"damage":0,"enemies":"2 Fungi Beasts","floor":14,"turns":7},{"damage":0,"enemies":"Hexaghost","floor":16,"turns":3},{"damage":0,"enemies":"Shell Parasite","floor":18,"turns":9},{"damage":0,"enemies":"conspire:FuzzyDice","floor":21,"turns":2},{"damage":51,"enemies":"3 Cultists","floor":22,"turns":7}],"seed_played":"-3670943898494469131","potions_obtained":[{"floor":1,"key":"Dexterity Potion"},{"floor":2,"key":"AttackPotion"},{"floor":2,"key":"LiquidMemories"},{"floor":4,"key":"Energy Potion"},{"floor":12,"key":"DistilledChaos"},{"floor":18,"key":"Toxic Potion"}],"is_trial":false,"path_per_floor":["M","?","?","M","M","E","R","$","T","$","?","M","?","M","R","B",null,"M","?","?","M","M"],"character_chosen":"THE_SERVANT","items_purchased":["hubris:EmptyBottle","Strength Potion"],"campfire_rested":2,"item_purchase_floors":[8,10],"current_hp_per_floor":[58,58,58,58,52,13,32,32,32,32,21,3,5,8,28,31,70,73,17,22,32,0,0],"gold":304,"neow_bonus":"RANDOM_EVENT","is_daily":false,"chose_seed":false,"campfire_upgraded":0,"win_rate":0.0,"timestamp":1607818375,"path_taken":["M","?","?","M","M","E","R","$","T","?","?","M","?","M","R","BOSS","M","?","?","M","?"],"items_purchased_type":["Relic","Potion"],"build_version":"2020-11-30","purchased_purges":0,"victory":false,"max_hp_per_floor":[65,65,65,65,65,65,65,65,65,63,63,63,64,67,67,70,70,73,73,71,74,74,74],"relic_stats":{"Blood Vial":4,"counters":[11,65],"Bloody Idol":10,"Art of War":[9],"obtain_stats":[{"ReplayTheSpireMod:Ring of Addiction":2,"SacredBark":2,"Uniform":0,"hubris:EmptyBottle":8,"Blood Vial":19,"Replay:Ringing Soul":13,"m_ScarletBlood":3,"Chameleon Ring":2,"Ring of Fangs":9,"aspiration:MobileForge":17,"ReplayTheSpireMod:Ring of Collecting":2,"betterThird:SlimedRelic":11,"Bloody Idol":19,"Art of War":6,"Runesmith:AutoHammer":9},{"ReplayTheSpireMod:Ring of Addiction":1,"SacredBark":1,"Uniform":0,"hubris:EmptyBottle":4,"Blood Vial":9,"Replay:Ringing Soul":6,"m_ScarletBlood":1,"Chameleon Ring":1,"Ring of Fangs":4,"aspiration:MobileForge":8,"ReplayTheSpireMod:Ring of Collecting":1,"betterThird:SlimedRelic":4,"Bloody Idol":9,"Art of War":4,"Runesmith:AutoHammer":4},{"ReplayTheSpireMod:Ring of Addiction":4,"SacredBark":4,"Uniform":0,"hubris:EmptyBottle":17,"Blood Vial":56,"Replay:Ringing Soul":37,"m_ScarletBlood":4,"Chameleon Ring":4,"Ring of Fangs":17,"aspiration:MobileForge":47,"ReplayTheSpireMod:Ring of Collecting":4,"betterThird:SlimedRelic":17,"Bloody Idol":56,"Art of War":17,"Runesmith:AutoHammer":17}]},"card_choices":[{"not_picked":["Deadline","Ricochet"],"picked":"Defy","floor":1},{"not_picked":["DoubleEdge","Foresight"],"picked":"Duplication","floor":4},{"not_picked":["Defy","Shuttle"],"picked":"Ricochet","floor":5},{"not_picked":["StarChef","Misdirection"],"picked":"FlawlessForm","floor":6},{"not_picked":["Replace","TimeWarp"],"picked":"SilverBlades","floor":12},{"not_picked":["Shuttle","DoubleEdge"],"picked":"Revamp","floor":13},{"not_picked":["RealityMarble","Advance"],"picked":"SurpressingFire","floor":14},{"not_picked":["FloweringNight","Initiator"],"picked":"TheWorld","floor":16},{"not_picked":["DoubleEdge","Replace"],"picked":"Alleviate+1","floor":18},{"not_picked":["Moondial","Ricochet"],"picked":"Gouge","floor":21}],"player_experience":598062,"relics_obtained":[{"floor":2,"key":"ReplayTheSpireMod:Ring of Collecting"},{"floor":2,"key":"ReplayTheSpireMod:Ring of Addiction"},{"floor":2,"key":"SacredBark"},{"floor":2,"key":"Chameleon Ring"},{"floor":6,"key":"Art of War"},{"floor":9,"key":"Ring of Fangs"},{"floor":9,"key":"Runesmith:AutoHammer"},{"floor":13,"key":"Replay:Ringing Soul"}],"event_choices":[{"damage_healed":0,"gold_gain":0,"player_choice":"Grow","damage_taken":0,"max_hp_gain":0,"max_hp_loss":0,"event_name":"Living Wall","floor":0,"gold_loss":0,"cards_upgraded":["KidneyShot"]},{"damage_healed":0,"gold_gain":0,"player_choice":"Slimed","damage_taken":11,"max_hp_gain":0,"max_hp_loss":0,"event_name":"betterThird:BetterGoop","floor":11,"gold_loss":1},{"damage_healed":0,"gold_gain":0,"player_choice":" Idol Vial ","damage_taken":56,"relics_obtained":["Bloody Idol","Blood Vial"],"max_hp_gain":73,"max_hp_loss":17,"event_name":"betterAltar:BetterAltar","floor":19,"potions_obtained":[],"relics_lost":[],"gold_loss":0},{"damage_healed":0,"gold_gain":100,"player_choice":"Pray","damage_taken":0,"max_hp_gain":0,"max_hp_loss":0,"event_name":"Golden Shrine","floor":20,"gold_loss":0}],"is_beta":false,"boss_relics":[{"not_picked":["Philosopher\u0027s Stone","Abe\u0027s Treasure"],"picked":"aspiration:MobileForge"}],"items_purged_floors":[],"is_endless":false,"potions_floor_spawned":[1,4,12,18],"killed_by":"3 Cultists","ascension_level":1}}