{"host":"mkv3lj8gfkr85ioo","time":1607826702,"event":{"mods":["AchievementEnabler","BaseMod","Colored Map","Minty Spire (QoL Compilation)","SuperFastMode"],"gold_per_floor":[116,136,61,61,136,163,163,173,200,228,228,246,246,285,285,369,378,398,14,14,0,15,15,49,49,76,76,76,98,98,124,124,124,124],"floor_reached":33,"playtime":700,"items_purged":["Strike_R","Strike_R"],"score":566,"play_id":"9d288237-2e00-4584-a550-d61aa280dadf","local_time":"20201213113142","is_ascension_mode":true,"campfire_choices":[{"data":"Bash","floor":7.0,"key":"SMITH"},{"data":"Whirlwind","floor":11.0,"key":"SMITH"},{"data":"Flex","floor":15.0,"key":"SMITH"},{"data":"1","floor":23.0,"key":"LIFT"},{"data":"2","floor":25.0,"key":"LIFT"},{"floor":28.0,"key":"REST"},{"data":"3","floor":30,"key":"LIFT"},{"floor":32,"key":"REST"}],"circlet_count":0,"master_deck":["AscendersBane","Strike_R","Strike_R","Strike_R","Defend_R","Defend_R","Defend_R","Defend_R","Bash+1","Shrug It Off","Whirlwind+1","Flex+1","Pummel","Immolate","CurseOfTheBell","Power Through+1","Fire Breathing+1","Offering+1"],"relics":["Burning Blood","NeowsBlessing","Red Skull","CeramicFish","Mango","Calling Bell","Regal Pillow","Frozen Egg 2","Girya","Blue Candle","Toxic Egg 2","Juzu Bracelet"],"acts_visited":["Exordium","TheCity"],"potions_floor_usage":[],"damage_taken":[{"damage":0.0,"enemies":"Cultist","floor":1.0,"turns":1.0},{"damage":0.0,"enemies":"Jaw Worm","floor":2.0,"turns":1.0},{"damage":0.0,"enemies":"Lagavulin","floor":6.0,"turns":1.0},{"damage":2.0,"enemies":"Small Slimes","floor":8.0,"turns":3.0},{"damage":8.0,"enemies":"2 Fungi Beasts","floor":10.0,"turns":3.0},{"damage":12.0,"enemies":"Looter","floor":12.0,"turns":3.0},{"damage":32.0,"enemies":"3 Sentries","floor":14.0,"turns":4.0},{"damage":55.0,"enemies":"The Guardian","floor":16.0,"turns":7.0},{"damage":30.0,"enemies":"Chosen","floor":18.0,"turns":5.0},{"damage":11.0,"enemies":"Spheric Guardian","floor":22.0,"turns":3.0},{"damage":30.0,"enemies":"Book of Stabbing","floor":24.0,"turns":3.0},{"damage":39,"enemies":"Snecko","floor":29,"turns":7},{"damage":0,"enemies":"Centurion and Healer","floor":31,"turns":3},{"damage":80,"enemies":"Champ","floor":33,"turns":10}],"seed_played":"-7638154674708518900","potions_obtained":[{"floor":10.0,"key":"PowerPotion"},{"floor":12.0,"key":"Ancient Potion"},{"floor":14.0,"key":"Energy Potion"},{"floor":16.0,"key":"Swift Potion"},{"floor":22.0,"key":"Energy Potion"},{"floor":29,"key":"Explosive Potion"}],"is_trial":false,"path_per_floor":["M","M","$","?","?","E","R","M","T","M","R","M","?","E","R","B",null,"M","$","?","?","M","R","E","R","T","?","R","M","R","M","R","B"],"character_chosen":"IRONCLAD","items_purchased":["Blue Candle"],"campfire_rested":2,"item_purchase_floors":[19],"current_hp_per_floor":[74,75,75,80,69,75,75,79,79,77,77,71,71,59,59,10,73,49,49,49,49,44,44,20,20,20,20,63,30,30,36,79,0,0],"gold":124,"neow_bonus":"THREE_ENEMY_KILL","is_daily":false,"chose_seed":false,"campfire_upgraded":3,"win_rate":0.0,"timestamp":1607826702,"path_taken":["M","M","?","?","?","E","R","M","T","M","R","M","?","E","R","BOSS","M","$","?","?","M","R","E","R","T","?","R","M","R","M","R","BOSS"],"items_purchased_type":["Relic"],"build_version":"2020-11-30","purchased_purges":2,"victory":false,"max_hp_per_floor":[75,75,75,80,80,80,80,80,80,80,80,80,80,94,94,94,94,94,94,94,94,94,94,94,94,94,94,94,94,94,94,94,94,94],"card_choices":[{"not_picked":["Iron Wave","Dropkick"],"picked":"Shrug It Off","floor":1.0},{"not_picked":["Twin Strike","Burning Pact"],"picked":"Whirlwind","floor":2.0},{"not_picked":["Headbutt","Cleave","Thunderclap"],"picked":"SKIP","floor":6.0},{"not_picked":["Entrench","Rampage","Warcry"],"picked":"SKIP","floor":8.0},{"not_picked":["Metallicize","Body Slam"],"picked":"Flex","floor":10.0},{"not_picked":["Searing Blow","Hemokinesis","Intimidate"],"picked":"SKIP","floor":12.0},{"not_picked":["Rampage","Metallicize"],"picked":"Pummel","floor":14.0},{"not_picked":["Demon Form","Exhume"],"picked":"Immolate","floor":16.0},{"not_picked":["Havoc","Warcry","Armaments"],"picked":"SKIP","floor":18.0},{"not_picked":["Iron Wave","Intimidate","Warcry"],"picked":"SKIP","floor":22.0},{"not_picked":["Metallicize+1","Shrug It Off+1"],"picked":"Power Through+1","floor":24.0},{"not_picked":["Cleave","Havoc+1"],"picked":"Fire Breathing+1","floor":29},{"not_picked":["Clothesline","Infernal Blade+1"],"picked":"Offering+1","floor":31}],"player_experience":137597,"relics_obtained":[{"floor":6.0,"key":"Red Skull"},{"floor":9.0,"key":"CeramicFish"},{"floor":14.0,"key":"Mango"},{"floor":17.0,"key":"Regal Pillow"},{"floor":17.0,"key":"Frozen Egg 2"},{"floor":17.0,"key":"Girya"},{"floor":24.0,"key":"Toxic Egg 2"},{"floor":26.0,"key":"Juzu Bracelet"}],"event_choices":[{"damage_healed":0.0,"max_hp_gain":5.0,"max_hp_loss":0.0,"gold_gain":0.0,"event_name":"Big Fish","player_choice":"Donut","floor":4.0,"gold_loss":0.0,"damage_taken":0.0},{"damage_healed":0.0,"max_hp_gain":0.0,"max_hp_loss":0.0,"gold_gain":75.0,"event_name":"World of Goop","player_choice":"Gather Gold","floor":5.0,"gold_loss":0.0,"damage_taken":11.0},{"damage_healed":0.0,"max_hp_gain":0.0,"max_hp_loss":0.0,"gold_gain":0.0,"event_name":"Liars Game","player_choice":"Ignored","floor":13.0,"gold_loss":0.0,"damage_taken":0.0},{"damage_healed":0.0,"max_hp_gain":0.0,"max_hp_loss":0.0,"gold_gain":0.0,"event_name":"Cursed Tome","player_choice":"Ignored","floor":20.0,"gold_loss":0.0,"damage_taken":0.0},{"damage_healed":0.0,"max_hp_gain":0.0,"max_hp_loss":0.0,"gold_gain":0.0,"event_name":"Masked Bandits","player_choice":"Paid Fearfully","floor":21.0,"gold_loss":14.0,"damage_taken":0.0},{"damage_healed":0.0,"max_hp_gain":0.0,"max_hp_loss":0.0,"gold_gain":0.0,"event_name":"FaceTrader","player_choice":"Leave","floor":27.0,"gold_loss":0.0,"damage_taken":0.0}],"is_beta":false,"boss_relics":[{"not_picked":["Empty Cage","Pandora\u0027s Box"],"picked":"Calling Bell"}],"items_purged_floors":[3,19],"is_endless":false,"potions_floor_spawned":[10,12,14,16,22,29],"killed_by":"Champ","ascension_level":18}}