{"host":"s41rn2jhghpwfrvz","time":1607883666,"event":{"mods":["BaseMod","Minty Spire (QoL Compilation)","Quick Restart","Relic Stats","SuperFastMode"],"gold_per_floor":[119,138,149,74,84,113,113,142,142,467,392,418,433,466,466,466,466],"floor_reached":16,"playtime":631,"items_purged":["Crippling Poison"],"score":360,"play_id":"b95787dc-dc73-4070-a2a2-8b2af114f86b","local_time":"20201213202106","daily_mods":["SealedDeck","Diverse","DeadlyEvents"],"is_ascension_mode":true,"campfire_choices":[{"data":"Body Slam","floor":7,"key":"SMITH"},{"data":"Backflip","floor":15,"key":"SMITH"}],"circlet_count":0,"master_deck":["AscendersBane","Prepared","Sweeping Beam","Evaluate","Self Repair","Quick Slash","Dark Embrace","Evaluate","Body Slam+1","Backflip+1"],"relics":["Burning Blood","Self Forming Clay","Smiling Mask","Old Coin","Bag of Preparation","TungstenRod"],"acts_visited":["Exordium"],"potions_floor_usage":[6,8,16],"damage_taken":[{"damage":6,"enemies":"Jaw Worm","floor":1,"turns":6},{"damage":8,"enemies":"2 Louse","floor":2,"turns":2},{"damage":4,"enemies":"Cultist","floor":3,"turns":3},{"damage":32,"enemies":"Large Slime","floor":5,"turns":6},{"damage":0,"enemies":"Lagavulin","floor":6,"turns":4},{"damage":44,"enemies":"Gremlin Nob","floor":8,"turns":4},{"damage":27,"enemies":"3 Sentries","floor":10,"turns":7},{"damage":0,"enemies":"2 Fungi Beasts","floor":13,"turns":3},{"damage":0,"enemies":"Lagavulin","floor":14,"turns":4},{"damage":47,"enemies":"Slime Boss","floor":16,"turns":6}],"seed_played":"-1868350915533395355","potions_obtained":[{"floor":1,"key":"FearPotion"},{"floor":5,"key":"Energy Potion"},{"floor":10,"key":"Dexterity Potion"},{"floor":13,"key":"Fire Potion"}],"is_trial":true,"path_per_floor":["M","M","M","$","M","E","R","E","T","E","?","T","M","E","R","B"],"character_chosen":"IRONCLAD","items_purchased":[],"campfire_rested":0,"item_purchase_floors":[],"current_hp_per_floor":[75,73,75,75,56,69,69,31,31,17,17,17,23,36,36,0,0],"gold":466,"neow_bonus":"","is_daily":false,"chose_seed":false,"campfire_upgraded":2,"win_rate":0.0,"timestamp":1607883666,"path_taken":["M","M","M","$","M","E","R","E","T","E","?","?","?","?","R","BOSS"],"items_purchased_type":[],"build_version":"2020-11-30","purchased_purges":1,"victory":false,"max_hp_per_floor":[75,75,75,75,75,75,75,75,75,75,75,75,75,75,75,75,75],"relic_stats":{"counters":[10,45],"Self Forming Clay":[21],"Bag of Preparation":[6],"Smiling Mask":0,"obtain_stats":[{"Self Forming Clay":6,"Bag of Preparation":12,"Smiling Mask":8,"Burning Blood":0,"TungstenRod":14,"Old Coin":10},{"Self Forming Clay":5,"Bag of Preparation":7,"Smiling Mask":6,"Burning Blood":0,"TungstenRod":9,"Old Coin":7},{"Self Forming Clay":21,"Bag of Preparation":32,"Smiling Mask":25,"Burning Blood":0,"TungstenRod":39,"Old Coin":32}],"Burning Blood":54,"TungstenRod":3},"card_choices":[{"not_picked":["Acrobatics","Outmaneuver","Flying Knee"],"picked":"SKIP","floor":1},{"not_picked":["Tantrum","Sword Boomerang","Dagger Spray"],"picked":"SKIP","floor":2},{"not_picked":["Warcry","Flex","Thunderclap"],"picked":"SKIP","floor":3},{"not_picked":["SignatureMove","Accuracy","Pummel"],"picked":"SKIP","floor":5},{"not_picked":["Intimidate","Twin Strike"],"picked":"Backflip","floor":6},{"not_picked":["Bullet Time","Capacitor","Leap"],"picked":"SKIP","floor":8},{"not_picked":["Endless Agony","Cleave","CrushJoints"],"picked":"SKIP","floor":10},{"not_picked":["Bloodletting","Hologram","Sanctity"],"picked":"SKIP","floor":13},{"not_picked":["Weave","Endless Agony","Skewer"],"picked":"SKIP","floor":14}],"player_experience":1580182,"relics_obtained":[{"floor":6,"key":"Self Forming Clay"},{"floor":8,"key":"Smiling Mask"},{"floor":10,"key":"Old Coin"},{"floor":12,"key":"Bag of Preparation"},{"floor":14,"key":"TungstenRod"}],"event_choices":[{"cards_removed":["Masterful Stab"],"damage_healed":0,"gold_gain":0,"player_choice":"Card Removal","damage_taken":0,"max_hp_gain":0,"max_hp_loss":0,"event_name":"The Cleric","floor":11,"gold_loss":75}],"is_beta":false,"boss_relics":[],"items_purged_floors":[4],"is_endless":false,"potions_floor_spawned":[1,5,10,13,14],"killed_by":"Slime Boss","ascension_level":20}}