{"host":"vzygucmp2u9s1xuv","time":1607870161,"event":{"mods":["BaseMod","Colored Map","DeckTracker","Keyboard Shortcuts","Minty Spire (QoL Compilation)","Quick Restart","StSLib","SuperFastMode"],"gold_per_floor":[118,118,118,136,61,77,102,102,126,126,144,177,177,177,177,271,271,271,271],"floor_reached":18,"playtime":432,"items_purged":["Regret"],"score":302,"play_id":"761d17ef-4346-49a3-bf24-2884439eb30d","local_time":"20201213233601","is_ascension_mode":true,"campfire_choices":[{"floor":8,"key":"REST"},{"data":"Searing Blow","floor":10,"key":"SMITH"},{"floor":15,"key":"REST"}],"circlet_count":0,"master_deck":["AscendersBane","Strike_R","Strike_R","Strike_R","Defend_R","Defend_R","Defend_R","Defend_R","Bash","Searing Blow+1","Headbutt","Shrug It Off","Iron Wave","Fire Breathing","Injury","Barricade"],"relics":["Burning Blood","Oddly Smooth Stone","Ancient Tea Set","Red Skull","Tiny Chest","Happy Flower","Mummified Hand","Golden Idol","Empty Cage"],"acts_visited":["Exordium","TheCity"],"potions_floor_usage":[7,7,16],"damage_taken":[{"damage":0,"enemies":"Small Slimes","floor":1,"turns":3},{"damage":12,"enemies":"2 Louse","floor":4,"turns":3},{"damage":4,"enemies":"Cultist","floor":6,"turns":4},{"damage":25,"enemies":"Lagavulin","floor":7,"turns":5},{"damage":9,"enemies":"Blue Slaver","floor":11,"turns":3},{"damage":20,"enemies":"Gremlin Nob","floor":12,"turns":4},{"damage":42,"enemies":"Hexaghost","floor":16,"turns":9},{"damage":60,"enemies":"3 Byrds","floor":18,"turns":5}],"seed_played":"7615419213776120659","potions_obtained":[{"floor":1,"key":"Explosive Potion"},{"floor":4,"key":"Strength Potion"},{"floor":11,"key":"BlessingOfTheForge"},{"floor":12,"key":"Strength Potion"}],"is_trial":false,"path_per_floor":["M","?","?","M","$","M","E","R","T","R","M","E","?","?","R","B",null,"M"],"character_chosen":"IRONCLAD","items_purchased":[],"campfire_rested":2,"item_purchase_floors":[],"current_hp_per_floor":[74,74,48,42,42,44,25,47,47,47,44,30,30,30,52,16,60,0,0],"gold":271,"neow_bonus":"RANDOM_COMMON_RELIC","is_daily":false,"chose_seed":false,"campfire_upgraded":1,"win_rate":0.0,"timestamp":1607870161,"path_taken":["M","?","?","M","$","M","E","R","T","R","M","E","?","?","R","BOSS","M"],"items_purchased_type":[],"build_version":"2020-11-30","purchased_purges":1,"victory":false,"max_hp_per_floor":[75,75,75,75,75,75,75,75,75,75,75,75,75,75,75,75,75,75,75],"card_choices":[{"not_picked":["Spot Weakness","Havoc"],"picked":"Searing Blow","floor":1},{"not_picked":["Entrench","Disarm"],"picked":"Headbutt","floor":4},{"not_picked":["Cleave","Perfected Strike"],"picked":"Shrug It Off","floor":6},{"not_picked":["Pummel","True Grit"],"picked":"Iron Wave","floor":7},{"not_picked":["Heavy Blade","Searing Blow"],"picked":"Fire Breathing","floor":11},{"not_picked":["Fire Breathing","Searing Blow","Pummel"],"picked":"SKIP","floor":12},{"not_picked":["Berserk","Offering"],"picked":"Barricade","floor":16}],"player_experience":646610,"relics_obtained":[{"floor":7,"key":"Tiny Chest"},{"floor":9,"key":"Happy Flower"},{"floor":12,"key":"Mummified Hand"}],"event_choices":[{"damage_healed":0,"gold_gain":0,"player_choice":"Box","damage_taken":0,"relics_obtained":["Ancient Tea Set"],"max_hp_gain":0,"max_hp_loss":0,"event_name":"Big Fish","floor":2,"gold_loss":0,"cards_obtained":["Regret"]},{"damage_healed":0,"gold_gain":0,"player_choice":"Success","damage_taken":26,"relics_obtained":["Red Skull"],"max_hp_gain":0,"max_hp_loss":0,"event_name":"Scrap Ooze","floor":3,"gold_loss":0},{"damage_healed":0,"gold_gain":0,"player_choice":"Ignored","damage_taken":0,"max_hp_gain":0,"max_hp_loss":0,"event_name":"Liars Game","floor":13,"gold_loss":0},{"damage_healed":0,"gold_gain":0,"player_choice":"Take Wound","damage_taken":0,"relics_obtained":["Golden Idol"],"max_hp_gain":0,"max_hp_loss":0,"event_name":"Golden Idol","floor":14,"gold_loss":0,"cards_obtained":["Injury"]}],"is_beta":false,"boss_relics":[{"not_picked":["Fusion Hammer","Cursed Key"],"picked":"Empty Cage"}],"items_purged_floors":[5],"is_endless":false,"potions_floor_spawned":[1,4,11,12],"killed_by":"3 Byrds","ascension_level":16}}