{"host":"9kesdg97wkrx2bva","time":1607858914,"event":{"mods":["AchievementEnabler","BaseMod","Colored Map","GifTheSpireLib","Infinite Spire","Minty Spire (QoL Compilation)","Replay The Spire","StSLib"],"gold_per_floor":[115,115,115,130,146,172,172,43,68,81,38,38,54,74,74,148,148,162,162,162,62,82,82,38,38,38,38,87,87,87,87],"floor_reached":30,"playtime":595,"items_purged":["Strike_B","Strike_B","Strike_B"],"score":497,"play_id":"4e94c2c7-93a9-4605-9b85-57fb4a6882cc","local_time":"20201213052834","is_ascension_mode":true,"campfire_choices":[{"floor":15,"key":"REST"},{"data":"Echo Form","floor":23,"key":"SMITH"}],"circlet_count":0,"master_deck":["AscendersBane","Defend_B","Defend_B","Defend_B","Defend_B","Zap","Dualcast","Streamline","Ball Lightning","Scrape","Gash","Gash","White Noise","Leap","Echo Form+1","Beam Cell+1","Streamline","ReplayGash","infinitespire:Menacing"],"relics":["Cracked Core","NeowsBlessing","Replay:Rubber Ducky","Pet Ghost","Pen Nib","infinitespire:Cupcake","Blue Candle","FaceOfCleric","Vajra"],"acts_visited":["Exordium","TheCity"],"potions_floor_usage":[6,13,18],"damage_taken":[{"damage":0,"enemies":"2 Louse","floor":1,"turns":1},{"damage":0,"enemies":"Cultist","floor":4,"turns":1},{"damage":0,"enemies":"Small Slimes","floor":5,"turns":1},{"damage":30,"enemies":"Lagavulin","floor":6,"turns":6},{"damage":1,"enemies":"Looter","floor":10,"turns":3},{"damage":0,"enemies":"3 Louse","floor":13,"turns":2},{"damage":3,"enemies":"Blue Slaver","floor":14,"turns":2},{"damage":0,"enemies":"Slime Boss","floor":16,"turns":7},{"damage":6,"enemies":"3 Byrds","floor":18,"turns":5},{"damage":0,"enemies":"Spheric Guardian","floor":22,"turns":3},{"damage":31,"enemies":"Book of Stabbing","floor":30,"turns":3}],"seed_played":"9050157552743205713","potions_obtained":[{"floor":1,"key":"Fire Potion"},{"floor":4,"key":"SkillPotion"},{"floor":16,"key":"SpeedPotion"},{"floor":18,"key":"Cursed Concoction"}],"is_trial":false,"path_per_floor":["M","?","?","M","M","E","?","$","T","M","?","?","M","M","R","B",null,"M","AVR","?","$","M","R","$","PTL","PTL","?","T","?","E"],"character_chosen":"DEFECT","items_purchased":["Gash","ReplayGash"],"campfire_rested":1,"item_purchase_floors":[8,24],"current_hp_per_floor":[64,46,46,46,46,16,9,9,9,8,8,8,8,5,26,26,60,54,54,54,54,55,55,55,55,55,38,38,18,0,0],"gold":87,"neow_bonus":"THREE_ENEMY_KILL","is_daily":false,"chose_seed":false,"campfire_upgraded":1,"win_rate":0.0,"timestamp":1607858914,"path_taken":["M","?","?","?","M","E","?","$","T","M","?","?","M","M","R","BOSS","M","AVR","?","$","M","R","?","PTL","PTL","?","T","?","E"],"items_purchased_type":["Card","Card"],"build_version":"2020-11-30","purchased_purges":3,"victory":false,"max_hp_per_floor":[71,71,71,71,71,71,71,71,71,71,71,71,71,71,71,71,71,71,71,71,71,72,72,72,72,72,72,72,77,77,77],"card_choices":[{"not_picked":["Beam Cell","Hologram"],"picked":"Streamline","floor":1},{"not_picked":["Cold Snap","ReplayTheSpireMod:GoodbyeWorld","ReplayRNGCard"],"picked":"SKIP","floor":4},{"not_picked":["Redo","Auto Shields"],"picked":"Scrape","floor":5},{"not_picked":["BasicCrystalCard","Cold Snap"],"picked":"Gash","floor":6},{"not_picked":["FIFO Queue","Redo"],"picked":"White Noise","floor":10},{"not_picked":["Force Field","ReplayTheSpireMod:Repulse"],"picked":"Leap","floor":13},{"not_picked":["Stack","Compile Driver","Ball Lightning"],"picked":"SKIP","floor":14},{"not_picked":["Machine Learning","Biased Cognition"],"picked":"Echo Form","floor":16},{"not_picked":["Streamline","Self Repair"],"picked":"Beam Cell+1","floor":18},{"not_picked":["Lockon","Redo+1"],"picked":"Streamline","floor":22},{"not_picked":["infinitespire:SealOfDarkness+","ReplayTheSpireMod:Haul"],"picked":"infinitespire:Menacing","floor":27}],"player_experience":889230,"relics_obtained":[{"floor":6,"key":"Pet Ghost"},{"floor":9,"key":"Pen Nib"},{"floor":28,"key":"Vajra"}],"event_choices":[{"damage_healed":0,"gold_gain":0,"player_choice":"Success","damage_taken":18,"relics_obtained":["Replay:Rubber Ducky"],"max_hp_gain":0,"max_hp_loss":0,"event_name":"Scrap Ooze","floor":2,"gold_loss":0},{"damage_healed":0,"gold_gain":0,"player_choice":"1 cards matched","damage_taken":0,"max_hp_gain":0,"max_hp_loss":0,"event_name":"Match and Keep!","floor":3,"gold_loss":0,"cards_obtained":["Ball Lightning"]},{"cards_removed":["Strike_B"],"damage_healed":0,"gold_gain":0,"player_choice":"Card Removal","damage_taken":7,"max_hp_gain":0,"max_hp_loss":0,"event_name":"Golden Wing","floor":7,"gold_loss":0},{"damage_healed":0,"gold_gain":0,"player_choice":"Left Gold","damage_taken":0,"max_hp_gain":0,"max_hp_loss":0,"event_name":"World of Goop","floor":11,"gold_loss":43},{"damage_healed":0,"gold_gain":0,"player_choice":"Searched \u00270\u0027 times","damage_taken":0,"max_hp_gain":0,"max_hp_loss":0,"event_name":"Dead Adventurer","floor":12,"gold_loss":0},{"damage_healed":0,"gold_gain":0,"player_choice":"Trade","damage_taken":0,"relics_obtained":["FaceOfCleric"],"max_hp_gain":0,"max_hp_loss":0,"event_name":"FaceTrader","floor":20,"gold_loss":0},{"damage_healed":0,"gold_gain":0,"player_choice":"Shed Blood","damage_taken":25,"max_hp_gain":5,"max_hp_loss":0,"event_name":"Forgotten Altar","floor":29,"gold_loss":0}],"is_beta":false,"boss_relics":[{"not_picked":["Fusion Hammer","Ring of Chaos"],"picked":"infinitespire:Cupcake"}],"items_purged_floors":[8,19,21],"is_endless":false,"potions_floor_spawned":[1,4,16,18],"killed_by":"Book of Stabbing","ascension_level":16}}