{"host":"cf32014d19ld5mat","time":1607861572,"event":{"mods":["AchievementEnabler","BaseMod","Block Reminder","Minty Spire (QoL Compilation)","Random Character Button","Relic Stats","StSLib"],"gold_per_floor":[214,214,230,44,99,147,147,187,187,221,221,252,297,297,297,297,297],"floor_reached":16,"playtime":549,"items_purged":[],"score":240,"play_id":"39c792b3-5605-4568-a5b8-fb2f31e0bd5a","local_time":"20201213121252","is_ascension_mode":true,"campfire_choices":[{"floor":7.0,"key":"REST"},{"data":"Neutralize","floor":11.0,"key":"SMITH"},{"floor":15.0,"key":"REST"}],"circlet_count":0,"master_deck":["AscendersBane","Strike_G","Strike_G","Strike_G","Strike_G","Strike_G","Defend_G","Defend_G","Defend_G","Defend_G","Defend_G","Survivor","Neutralize+1","Flying Knee","Die Die Die","Noxious Fumes","HandOfGreed","Calculated Gamble","Poisoned Stab","Sucker Punch","Deadly Poison","Tactician"],"relics":["Ring of the Snake","Vajra","InkBottle","WingedGreaves","Anchor","Golden Idol"],"acts_visited":["Exordium"],"potions_floor_usage":[16],"damage_taken":[{"damage":2.0,"enemies":"Small Slimes","floor":1.0,"turns":5.0},{"damage":1.0,"enemies":"Cultist","floor":3.0,"turns":3.0},{"damage":0.0,"enemies":"2 Louse","floor":5.0,"turns":6.0},{"damage":42.0,"enemies":"3 Sentries","floor":6.0,"turns":9.0},{"damage":0.0,"enemies":"Large Slime","floor":8.0,"turns":4.0},{"damage":3.0,"enemies":"Gremlin Nob","floor":10.0,"turns":3.0},{"damage":6.0,"enemies":"Exordium Thugs","floor":12.0,"turns":4.0},{"damage":12.0,"enemies":"3 Sentries","floor":13.0,"turns":6.0},{"damage":31,"enemies":"The Guardian","floor":16,"turns":9}],"seed_played":"461627925583718957","potions_obtained":[{"floor":1.0,"key":"PowerPotion"},{"floor":3.0,"key":"Poison Potion"},{"floor":6.0,"key":"CunningPotion"},{"floor":10.0,"key":"PowerPotion"}],"is_trial":false,"path_per_floor":["M","?","M","$","M","E","R","M","T","E","R","M","E","?","R","B"],"character_chosen":"THE_SILENT","items_purchased":["HandOfGreed"],"campfire_rested":2,"item_purchase_floors":[4],"current_hp_per_floor":[57,57,56,56,56,14,33,33,33,30,30,24,12,12,30,0,0],"gold":297,"neow_bonus":"HUNDRED_GOLD","is_daily":false,"chose_seed":false,"campfire_upgraded":1,"win_rate":0.0,"timestamp":1607861572,"path_taken":["M","?","?","$","M","E","R","M","T","E","R","?","E","?","R","BOSS"],"items_purchased_type":["Card"],"build_version":"2020-11-30","purchased_purges":0,"victory":false,"max_hp_per_floor":[66,66,66,66,66,66,66,66,66,66,66,66,66,60,60,60,60],"relic_stats":{"counters":[9,49],"Golden Idol":0,"obtain_stats":[{"Anchor":13,"Golden Idol":14,"Vajra":6,"WingedGreaves":10,"InkBottle":9,"Ring of the Snake":0},{"Anchor":8,"Golden Idol":8,"Vajra":4,"WingedGreaves":6,"InkBottle":5,"Ring of the Snake":0},{"Anchor":40,"Golden Idol":40,"Vajra":23,"WingedGreaves":30,"InkBottle":27,"Ring of the Snake":0}],"InkBottle":[4],"Ring of the Snake":[18]},"card_choices":[{"not_picked":["Heel Hook","Tactician"],"picked":"Flying Knee","floor":1.0},{"not_picked":["Distraction","Outmaneuver"],"picked":"Noxious Fumes","floor":3.0},{"not_picked":["All Out Attack","Blur"],"picked":"Calculated Gamble","floor":5.0},{"not_picked":["Masterful Stab","Outmaneuver"],"picked":"Poisoned Stab","floor":6.0},{"not_picked":["Expertise","Masterful Stab","Flechettes"],"picked":"SKIP","floor":8.0},{"not_picked":["Infinite Blades","Acrobatics"],"picked":"Sucker Punch","floor":10.0},{"not_picked":["Poisoned Stab","Concentrate"],"picked":"Deadly Poison","floor":12.0},{"not_picked":["Deadly Poison","Calculated Gamble"],"picked":"Tactician","floor":13.0}],"player_experience":940775,"relics_obtained":[{"floor":6.0,"key":"Vajra"},{"floor":9.0,"key":"InkBottle"},{"floor":10.0,"key":"WingedGreaves"},{"floor":13.0,"key":"Anchor"}],"event_choices":[{"damage_healed":0.0,"max_hp_gain":0.0,"max_hp_loss":0.0,"gold_gain":0.0,"event_name":"Match and Keep!","player_choice":"1 cards matched","floor":2.0,"gold_loss":0.0,"damage_taken":0.0,"cards_obtained":["Die Die Die"]},{"damage_healed":0.0,"max_hp_gain":0.0,"max_hp_loss":6.0,"gold_gain":0.0,"event_name":"Golden Idol","player_choice":"Lose Max HP","floor":14.0,"gold_loss":0.0,"damage_taken":0.0,"relics_obtained":["Golden Idol"]}],"is_beta":false,"boss_relics":[],"items_purged_floors":[],"is_endless":false,"potions_floor_spawned":[1,3,6,10],"killed_by":"The Guardian","ascension_level":20}}