{"host":"7yyoe0ei0fseceei","time":1607864611,"event":{"mods":["BaseMod","Colored Map","Highlight Path","Minty Spire (QoL Compilation)","Quick Restart"],"gold_per_floor":[110,185,185,12,24,24,50,68,68,111,136,136,180,209,209,289,289,309,109,130,151,76,76,76],"floor_reached":23,"playtime":793,"items_purged":["Regret"],"score":472,"play_id":"658ac043-220e-4e7b-a826-20930b68ab19","local_time":"20201213140331","is_ascension_mode":true,"campfire_choices":[{"data":"Pommel Strike","floor":6,"key":"SMITH"},{"data":"Metallicize","floor":12,"key":"SMITH"},{"data":"Barricade","floor":15,"key":"SMITH"}],"circlet_count":0,"master_deck":["AscendersBane","Strike_R","Strike_R","Strike_R","Strike_R","Defend_R","Defend_R","Defend_R","Defend_R","Bash","Pommel Strike+1","Shrug It Off","Perfected Strike","Metallicize+1","Anger","Cleave","Barricade+1","Armaments","Juggernaut","Metallicize","Entrench","Armaments"],"relics":["Burning Blood","NeowsBlessing","Mercury Hourglass","ClockworkSouvenir","Happy Flower","Meat on the Bone","CeramicFish","Eternal Feather","Cursed Key"],"acts_visited":["Exordium","TheCity"],"potions_floor_usage":[10,11,16,18,20,20],"damage_taken":[{"damage":0.0,"enemies":"2 Louse","floor":1.0,"turns":1.0},{"damage":0,"enemies":"Jaw Worm","floor":5,"turns":1},{"damage":0,"enemies":"Gremlin Nob","floor":7,"turns":1},{"damage":10,"enemies":"Small Slimes","floor":8,"turns":2},{"damage":12,"enemies":"3 Sentries","floor":10,"turns":5},{"damage":2,"enemies":"2 Fungi Beasts","floor":11,"turns":3},{"damage":10,"enemies":"Gremlin Nob","floor":13,"turns":3},{"damage":15,"enemies":"Gremlin Gang","floor":14,"turns":3},{"damage":27,"enemies":"The Guardian","floor":16,"turns":18},{"damage":25,"enemies":"2 Thieves","floor":18,"turns":4},{"damage":10,"enemies":"3 Byrds","floor":20,"turns":5},{"damage":53,"enemies":"3 Cultists","floor":21,"turns":5},{"damage":42,"enemies":"Gremlin Leader","floor":23,"turns":4}],"seed_played":"6965617453636690396","potions_obtained":[{"floor":7,"key":"Strength Potion"},{"floor":8,"key":"AttackPotion"},{"floor":11,"key":"Fruit Juice"},{"floor":13,"key":"ElixirPotion"},{"floor":16,"key":"SkillPotion"},{"floor":18,"key":"HeartOfIron"}],"is_trial":false,"path_per_floor":["M","?","?","$","M","R","E","M","T","E","M","R","E","M","R","B",null,"M","$","M","M","?","E"],"character_chosen":"IRONCLAD","items_purchased":["ClockworkSouvenir","Metallicize","BloodPotion"],"campfire_rested":0,"item_purchase_floors":[4,19,19],"current_hp_per_floor":[74,63,63,63,69,69,75,71,71,65,74,74,70,61,73,52,73,54,54,66,31,31,0,0],"gold":76,"neow_bonus":"THREE_ENEMY_KILL","is_daily":false,"chose_seed":false,"campfire_upgraded":3,"win_rate":0.0,"timestamp":1607864611,"path_taken":["M","?","?","$","?","R","E","M","T","E","M","R","E","M","R","BOSS","M","$","M","M","?","E"],"items_purchased_type":["Relic","Card","Potion"],"build_version":"2020-11-30","purchased_purges":1,"victory":false,"max_hp_per_floor":[75,75,75,75,75,75,75,75,75,75,80,80,80,80,80,80,80,80,80,80,80,80,80,80],"card_choices":[{"not_picked":["Iron Wave","Clash"],"picked":"Pommel Strike","floor":1},{"not_picked":["Anger","Clothesline"],"picked":"Shrug It Off","floor":5},{"not_picked":["Intimidate","Impervious"],"picked":"Perfected Strike","floor":7},{"not_picked":["Flex","Uppercut"],"picked":"Metallicize","floor":8},{"not_picked":["Body Slam","Headbutt"],"picked":"Anger","floor":10},{"not_picked":["Thunderclap","Body Slam"],"picked":"Cleave","floor":11},{"not_picked":["Shockwave","Warcry"],"picked":"Barricade","floor":13},{"not_picked":["Infernal Blade","Second Wind"],"picked":"Armaments","floor":14},{"not_picked":["Reaper","Berserk"],"picked":"Juggernaut","floor":16},{"not_picked":["Anger","True Grit","Pummel"],"picked":"SKIP","floor":18},{"not_picked":["Armaments","Headbutt+1"],"picked":"Entrench","floor":20},{"not_picked":["Headbutt","Iron Wave"],"picked":"Armaments","floor":21}],"player_experience":828097,"relics_obtained":[{"floor":7,"key":"Happy Flower"},{"floor":9,"key":"Meat on the Bone"},{"floor":10,"key":"CeramicFish"},{"floor":13,"key":"Eternal Feather"}],"event_choices":[{"damage_healed":0,"gold_gain":75,"player_choice":"Gather Gold","damage_taken":11,"max_hp_gain":0,"max_hp_loss":0,"event_name":"World of Goop","floor":2,"gold_loss":0},{"damage_healed":0,"gold_gain":0,"player_choice":"Box","damage_taken":0,"relics_obtained":["Mercury Hourglass"],"max_hp_gain":0,"max_hp_loss":0,"event_name":"Big Fish","floor":3,"gold_loss":0,"cards_obtained":["Regret"]},{"cards_removed":["Strike_R"],"damage_healed":0,"gold_gain":0,"player_choice":"Gave Gold","damage_taken":0,"max_hp_gain":0,"max_hp_loss":0,"event_name":"Beggar","floor":22,"gold_loss":75}],"is_beta":false,"boss_relics":[{"not_picked":["Empty Cage","SlaversCollar"],"picked":"Cursed Key"}],"items_purged_floors":[19],"is_endless":false,"potions_floor_spawned":[7,8,11,13,16,18],"killed_by":"Gremlin Leader","ascension_level":20}}