{"host":"dl5mjdlimopbuch5","time":1607881462,"event":{"mods":["AchievementEnabler","BaseMod","Colored Powertips","Googly Eyes","Minty Spire (QoL Compilation)","Quick Restart"],"gold_per_floor":[119,119,133,133,133,133,159,159,184,211,211,239,239,115,115,218,218,228,244,244,244,254,254,269,269,269,289,289,319,319,319,319,423,423,438,360,373,387,659,659,709,759,806,868,0,18,18,36,36,36],"floor_reached":51,"playtime":1579,"items_purged":[],"score":852,"play_id":"bd329335-26c1-4bd8-be51-73bc51441d23","local_time":"20201213174422","is_ascension_mode":true,"campfire_choices":[{"data":"Perseverance","floor":6.0,"key":"SMITH"},{"data":"Wallop","floor":8.0,"key":"SMITH"},{"data":"CarveReality","floor":13.0,"key":"SMITH"},{"floor":15.0,"key":"REST"},{"floor":23.0,"key":"REST"},{"floor":25.0,"key":"REST"},{"floor":32.0,"key":"REST"},{"floor":40,"key":"REST"},{"floor":49,"key":"REST"}],"circlet_count":0,"master_deck":["Strike_P","Strike_P","Strike_P","Strike_P","Defend_P","Defend_P","Defend_P","Eruption+1","Vigilance","CarveReality+1","Wallop+1","Perseverance+1","FlurryOfBlows","ForeignInfluence+1","DeusExMachina","EmptyMind+1","LikeWater","Crescendo+1","Devotion","CurseOfTheBell","Consecrate","Devotion"],"relics":["PureWater","NeowsBlessing","The Courier","Oddly Smooth Stone","Happy Flower","Juzu Bracelet","Lantern","Fusion Hammer","MutagenicStrength","Torii","Red Mask","SsserpentHead","Calling Bell","Pear","Prayer Wheel","Pen Nib","MawBank","Lee\u0027s Waffle","Vajra","Potion Belt","Mummified Hand","Centennial Puzzle"],"acts_visited":["Exordium","TheCity","TheBeyond"],"potions_floor_usage":[37,47,48,50],"damage_taken":[{"damage":0.0,"enemies":"2 Louse","floor":1.0,"turns":1.0},{"damage":0.0,"enemies":"Cultist","floor":3.0,"turns":1.0},{"damage":0.0,"enemies":"3 Sentries","floor":7.0,"turns":1.0},{"damage":0.0,"enemies":"Lagavulin","floor":10.0,"turns":2.0},{"damage":18.0,"enemies":"3 Sentries","floor":12.0,"turns":4.0},{"damage":30.0,"enemies":"The Guardian","floor":16.0,"turns":7.0},{"damage":5.0,"enemies":"2 Thieves","floor":18.0,"turns":3.0},{"damage":0.0,"enemies":"Chosen","floor":19.0,"turns":3.0},{"damage":0.0,"enemies":"Snake Plant","floor":22.0,"turns":2.0},{"damage":17.0,"enemies":"Shelled Parasite and Fungi","floor":24.0,"turns":4.0},{"damage":28.0,"enemies":"3 Cultists","floor":27.0,"turns":5.0},{"damage":0.0,"enemies":"Masked Bandits","floor":29.0,"turns":3.0},{"damage":17.0,"enemies":"Collector","floor":33.0,"turns":6.0},{"damage":7,"enemies":"Orb Walker","floor":35,"turns":4},{"damage":45,"enemies":"3 Darklings","floor":37,"turns":5},{"damage":0,"enemies":"4 Shapes","floor":38,"turns":5},{"damage":12,"enemies":"Sphere and 2 Shapes","floor":46,"turns":4},{"damage":0,"enemies":"Writhing Mass","floor":47,"turns":1},{"damage":9,"enemies":"3 Darklings","floor":48,"turns":3},{"damage":70,"enemies":"Awakened One","floor":50,"turns":9}],"seed_played":"-2478228217850316324","potions_obtained":[{"floor":7.0,"key":"FearPotion"},{"floor":16.0,"key":"Swift Potion"},{"floor":18.0,"key":"Ambrosia"},{"floor":29.0,"key":"BottledMiracle"},{"floor":33.0,"key":"GamblersBrew"},{"floor":35,"key":"SneckoOil"},{"floor":38,"key":"BlessingOfTheForge"},{"floor":46,"key":"Ambrosia"}],"is_trial":false,"path_per_floor":["M","?","M","?","$","R","E","R","T","E","$","E","R","$","R","B",null,"M","M","?","?","M","R","M","R","T","M","?","?","?","?","R","B",null,"M","$","M","M","?","R","?","?","T","?","$","M","M","M","R","B",null],"character_chosen":"WATCHER","items_purchased":["Lantern","CultistPotion","Lee\u0027s Waffle","Vajra","Potion Belt","Mummified Hand","Centennial Puzzle","SmokeBomb","EntropicBrew","FairyPotion"],"campfire_rested":6,"item_purchase_floors":[14,36,45,45,45,45,45,45,45,45],"current_hp_per_floor":[72,72,72,72,72,72,72,72,72,72,72,54,54,54,72,42,72,67,67,67,64,64,72,55,72,72,44,44,44,44,44,65,48,82,75,75,30,30,30,54,54,54,54,54,89,77,77,68,89,19],"gold":36,"neow_bonus":"THREE_ENEMY_KILL","is_daily":false,"chose_seed":false,"campfire_upgraded":3,"win_rate":0.0,"timestamp":1607881462,"path_taken":["M","?","?","?","?","R","E","R","T","E","$","E","R","$","R","BOSS","M","M","?","?","M","R","M","R","T","M","?","?","?","?","R","BOSS","M","$","M","M","?","R","?","?","T","?","?","M","M","M","R","BOSS"],"items_purchased_type":["Relic","Potion","Relic","Relic","Relic","Relic","Relic","Potion","Potion","Potion"],"build_version":"2020-11-30","purchased_purges":0,"victory":true,"max_hp_per_floor":[72,72,72,72,72,72,72,72,72,72,72,72,72,72,72,72,72,72,72,72,72,72,72,72,72,72,72,72,72,72,72,72,72,82,82,82,82,82,82,82,82,82,82,82,89,89,89,89,89,89],"card_choices":[{"not_picked":["EmptyFist","PathToVictory"],"picked":"CarveReality","floor":1.0},{"not_picked":["Swivel","ClearTheMind"],"picked":"Perseverance","floor":3.0},{"not_picked":["DeceiveReality","WreathOfFlame"],"picked":"FlurryOfBlows","floor":7.0},{"not_picked":["InnerPeace","FollowUp","BowlingBash"],"picked":"SKIP","floor":10.0},{"not_picked":["Halt","ThirdEye"],"picked":"ForeignInfluence","floor":12.0},{"not_picked":["Judgement","Scrawl"],"picked":"DeusExMachina","floor":16.0},{"not_picked":["CrushJoints","FlyingSleeves","WindmillStrike+1"],"picked":"SKIP","floor":18.0},{"not_picked":["Evaluate","FlyingSleeves"],"picked":"EmptyMind+1","floor":19.0},{"not_picked":["Crescendo","ForeignInfluence"],"picked":"LikeWater","floor":22.0},{"not_picked":["Pray","EmptyFist","Evaluate"],"picked":"SKIP","floor":24.0},{"not_picked":["FollowUp+1","LikeWater","WheelKick"],"picked":"SKIP","floor":27.0},{"not_picked":["DeceiveReality","Weave+1"],"picked":"Crescendo+1","floor":29.0},{"not_picked":["Judgement","DeusExMachina"],"picked":"Devotion","floor":33.0},{"not_picked":["FlyingSleeves","FollowUp+1"],"picked":"Consecrate","floor":35},{"not_picked":["BowlingBash","PathToVictory+1"],"picked":"Devotion","floor":35},{"not_picked":["ClearTheMind","ThirdEye","Vengeance+1"],"picked":"SKIP","floor":37},{"not_picked":["Evaluate+1","EmptyBody","CrushJoints+1"],"picked":"SKIP","floor":37},{"not_picked":["Halt+1","SignatureMove+1","SandsOfTime"],"picked":"SKIP","floor":38},{"not_picked":["Crescendo+1","BattleHymn+1","Prostrate"],"picked":"SKIP","floor":38},{"not_picked":["ThirdEye","WindmillStrike","Fasting2"],"picked":"SKIP","floor":46},{"not_picked":["ClearTheMind","Indignation+1","EmptyFist"],"picked":"SKIP","floor":46},{"not_picked":["PathToVictory+1","Prostrate","BowlingBash+1"],"picked":"SKIP","floor":48},{"not_picked":["JustLucky","Worship+1","WaveOfTheHand+1"],"picked":"SKIP","floor":48}],"player_experience":206955,"relics_obtained":[{"floor":7.0,"key":"The Courier"},{"floor":9.0,"key":"Oddly Smooth Stone"},{"floor":10.0,"key":"Happy Flower"},{"floor":12.0,"key":"Juzu Bracelet"},{"floor":26.0,"key":"Torii"},{"floor":29.0,"key":"Red Mask"},{"floor":34.0,"key":"Pear"},{"floor":34.0,"key":"Prayer Wheel"},{"floor":34.0,"key":"Pen Nib"},{"floor":43,"key":"MawBank"}],"event_choices":[{"damage_healed":0.0,"max_hp_gain":0.0,"max_hp_loss":0.0,"gold_gain":0.0,"cards_transformed":["Defend_P"],"event_name":"Transmorgrifier","player_choice":"Transformed","floor":2.0,"gold_loss":0.0,"damage_taken":0.0,"cards_obtained":["Wallop"]},{"damage_healed":0.0,"max_hp_gain":0.0,"max_hp_loss":0.0,"gold_gain":0.0,"event_name":"Accursed Blacksmith","player_choice":"Forge","floor":4.0,"gold_loss":0.0,"damage_taken":0.0,"cards_upgraded":["Eruption"]},{"damage_healed":0.0,"max_hp_gain":0.0,"max_hp_loss":0.0,"gold_gain":0.0,"event_name":"Drug Dealer","player_choice":"Inject Mutagens","floor":20.0,"gold_loss":0.0,"damage_taken":0.0,"relics_obtained":["MutagenicStrength"]},{"damage_healed":0.0,"max_hp_gain":0.0,"max_hp_loss":0.0,"gold_gain":0.0,"event_name":"Designer","player_choice":"Punched","floor":21.0,"gold_loss":0.0,"damage_taken":3.0},{"damage_healed":0.0,"max_hp_gain":0.0,"max_hp_loss":0.0,"gold_gain":0.0,"event_name":"Ghosts","player_choice":"Ignored","floor":28.0,"gold_loss":0.0,"damage_taken":0.0},{"damage_healed":0.0,"max_hp_gain":0.0,"max_hp_loss":0.0,"gold_gain":0.0,"event_name":"Masked Bandits","player_choice":"Fought Bandits","floor":29.0,"gold_loss":0.0,"damage_taken":0.0},{"damage_healed":0.0,"max_hp_gain":0.0,"max_hp_loss":0.0,"gold_gain":0.0,"event_name":"Upgrade Shrine","player_choice":"Upgraded","floor":30.0,"gold_loss":0.0,"damage_taken":0.0,"cards_upgraded":["ForeignInfluence"]},{"damage_healed":0.0,"max_hp_gain":0.0,"max_hp_loss":0.0,"gold_gain":0.0,"event_name":"FaceTrader","player_choice":"Trade","floor":31.0,"gold_loss":0.0,"damage_taken":0.0,"relics_obtained":["SsserpentHead"]},{"damage_healed":0,"gold_gain":222,"player_choice":"Wore Mask","damage_taken":0,"max_hp_gain":0,"max_hp_loss":0,"event_name":"Tomb of Lord Red Mask","floor":39,"gold_loss":0},{"damage_healed":0,"gold_gain":0,"player_choice":"Bought 0 Potions","damage_taken":0,"max_hp_gain":0,"max_hp_loss":0,"event_name":"The Woman in Blue","floor":41,"gold_loss":0},{"damage_healed":0,"gold_gain":0,"player_choice":"Memory 1","damage_taken":0,"max_hp_gain":0,"max_hp_loss":0,"event_name":"SensoryStone","floor":42,"gold_loss":0},{"damage_healed":0,"gold_gain":0,"player_choice":"Ignored","damage_taken":0,"max_hp_gain":0,"max_hp_loss":0,"event_name":"Mysterious Sphere","floor":44,"gold_loss":0}],"is_beta":false,"boss_relics":[{"not_picked":["Runic Pyramid","Busted Crown"],"picked":"Fusion Hammer"},{"not_picked":["Empty Cage","Sozu"],"picked":"Calling Bell"}],"items_purged_floors":[],"is_endless":false,"potions_floor_spawned":[7,16,18,29,33,35,38,46,47],"ascension_level":2}}