{"host":"63rwe7p34ct1i0qu","time":1607840725,"event":{"mods":["BaseMod","DeckTracker","Minty Spire (QoL Compilation)","Permanent Neow","Quick Restart","StSLib"],"gold_per_floor":[116,136,136,146,163,163,192,209,262,262,243,297,144,161,161,264,264,276,236,236,248,265,265,265,265,265,265,279,297,396,321,321,423,423,443,443,443,443,443,443,475,475,502,28,44,44,76,76,76,76],"floor_reached":51,"playtime":1819,"items_purged":[],"score":805,"play_id":"ba3704bb-6440-40fe-bec8-b9f4a4ba06b8","local_time":"20201213152525","is_ascension_mode":false,"campfire_choices":[{"data":"Searing Blow","floor":6.0,"key":"SMITH"},{"data":"Searing Blow+1","floor":10.0,"key":"SMITH"},{"floor":15.0,"key":"REST"},{"data":"Searing Blow+3","floor":23.0,"key":"SMITH"},{"data":"Searing Blow+4","floor":25.0,"key":"SMITH"},{"data":"Searing Blow+5","floor":32.0,"key":"SMITH"},{"data":"Searing Blow+7","floor":40,"key":"SMITH"},{"data":"Searing Blow+8","floor":42,"key":"SMITH"},{"data":"Searing Blow+9","floor":46,"key":"SMITH"},{"floor":49,"key":"REST"}],"circlet_count":0,"master_deck":["Defend_R","Defend_R","Defend_R","Bash","Hemokinesis","Feed","Searing Blow+10","Shrug It Off","Shrug It Off","Double Tap","Bludgeon","Feed","Bloodletting","Double Tap","Thunderclap+1","Transmutation+1","Power Through+1","Burning Pact+1","Shockwave+1"],"relics":["Burning Blood","Bottled Flame","Blood Vial","Empty Cage","Red Skull","Runic Cube","Toxic Egg 2","Ancient Tea Set","Frozen Eye","Oddly Smooth Stone"],"acts_visited":["Exordium","TheCity","TheBeyond"],"potions_floor_usage":[41,41],"damage_taken":[{"damage":3.0,"enemies":"Cultist","floor":1.0,"turns":3.0},{"damage":3.0,"enemies":"2 Louse","floor":2.0,"turns":3.0},{"damage":7.0,"enemies":"Jaw Worm","floor":4.0,"turns":3.0},{"damage":12.0,"enemies":"Gremlin Gang","floor":5.0,"turns":5.0},{"damage":53.0,"enemies":"Lagavulin","floor":7.0,"turns":6.0},{"damage":4.0,"enemies":"2 Fungi Beasts","floor":8.0,"turns":4.0},{"damage":14.0,"enemies":"Exordium Thugs","floor":11.0,"turns":4.0},{"damage":15.0,"enemies":"Exordium Wildlife","floor":14.0,"turns":3.0},{"damage":31.0,"enemies":"Slime Boss","floor":16.0,"turns":8.0},{"damage":24.0,"enemies":"Shell Parasite","floor":18.0,"turns":4.0},{"damage":7.0,"enemies":"Chosen","floor":21.0,"turns":4.0},{"damage":37.0,"enemies":"Sentry and Sphere","floor":22.0,"turns":5.0},{"damage":0.0,"enemies":"Snake Plant","floor":24.0,"turns":1.0},{"damage":13.0,"enemies":"Centurion and Healer","floor":28.0,"turns":5.0},{"damage":18.0,"enemies":"Cultist and Chosen","floor":29.0,"turns":6.0},{"damage":76.0,"enemies":"Champ","floor":33.0,"turns":8.0},{"damage":30,"enemies":"3 Darklings","floor":35,"turns":4},{"damage":50,"enemies":"Reptomancer","floor":41,"turns":3},{"damage":3,"enemies":"Orb Walker","floor":45,"turns":1},{"damage":19,"enemies":"Giant Head","floor":47,"turns":5},{"damage":30,"enemies":"Time Eater","floor":50,"turns":5}],"seed_played":"-7816859996197944726","potions_obtained":[{"floor":1.0,"key":"BloodPotion"},{"floor":7.0,"key":"AttackPotion"},{"floor":11.0,"key":"Regen Potion"},{"floor":14.0,"key":"GamblersBrew"},{"floor":18.0,"key":"SmokeBomb"},{"floor":28.0,"key":"Explosive Potion"},{"floor":33.0,"key":"Fruit Juice"},{"floor":41,"key":"Fruit Juice"}],"is_trial":false,"path_per_floor":["M","M","?","M","M","R","E","M","T","R","M","?","$","M","R","B",null,"M","?","$","M","M","R","M","R","T","?","M","M","?","?","R","B",null,"M","?","$","?","?","R","E","R","T","$","M","R","E","?","R","B",null],"character_chosen":"IRONCLAD","items_purchased":["Bludgeon","Transmutation+1","Power Through+1","Burning Pact+1","Frozen Eye"],"campfire_rested":2,"item_purchase_floors":[13,44,44,44,44],"current_hp_per_floor":[59,65,70,69,66,66,37,42,42,42,36,36,36,29,57,34,94,79,79,79,80,54,54,62,62,62,95,93,86,86,86,86,38,111,87,87,87,87,87,87,53,53,53,53,58,58,47,47,82,60],"gold":76,"neow_bonus":"TRANSFORM_TWO_CARDS","is_daily":false,"chose_seed":false,"campfire_upgraded":8,"win_rate":0.0,"timestamp":1607840725,"path_taken":["M","?","?","M","M","R","E","M","T","R","M","?","?","?","R","BOSS","M","?","?","M","?","R","M","R","T","?","M","M","?","?","R","BOSS","M","?","?","?","?","R","E","R","T","$","M","R","E","?","R","BOSS"],"items_purchased_type":["Card","Card","Card","Card","Relic"],"build_version":"2020-11-30","purchased_purges":0,"victory":true,"max_hp_per_floor":[80,83,88,88,91,91,91,94,94,94,94,94,94,94,94,94,94,97,97,97,97,100,100,100,100,100,100,103,106,106,106,106,111,111,111,111,111,111,111,111,119,119,119,119,119,119,119,119,119,119],"card_choices":[{"not_picked":["Armaments","Cleave"],"picked":"Searing Blow","floor":1.0},{"not_picked":["Iron Wave","Body Slam","Inflame"],"picked":"SKIP","floor":2.0},{"not_picked":["Sword Boomerang","Rupture","Burning Pact"],"picked":"SKIP","floor":4.0},{"not_picked":["Infernal Blade","Body Slam"],"picked":"Shrug It Off","floor":5.0},{"not_picked":["Twin Strike","Body Slam"],"picked":"Shrug It Off","floor":7.0},{"not_picked":["Armaments","Rage","Combust"],"picked":"SKIP","floor":8.0},{"not_picked":["Rampage","Fire Breathing"],"picked":"Double Tap","floor":11.0},{"not_picked":["Dropkick","True Grit","Anger"],"picked":"SKIP","floor":14.0},{"not_picked":["Brutality","Offering"],"picked":"Feed","floor":16.0},{"not_picked":["Armaments","Heavy Blade","Body Slam"],"picked":"SKIP","floor":18.0},{"not_picked":["Feel No Pain","Uppercut","Perfected Strike"],"picked":"SKIP","floor":21.0},{"not_picked":["Flame Barrier","Rampage","Corruption"],"picked":"SKIP","floor":22.0},{"not_picked":["Headbutt","Twin Strike+1"],"picked":"Bloodletting","floor":28.0},{"not_picked":["Havoc","Searing Blow","Sentinel"],"picked":"SKIP","floor":29.0},{"not_picked":["Demon Form","Brutality"],"picked":"Double Tap","floor":33.0},{"not_picked":["Sword Boomerang","Metallicize","Feel No Pain"],"picked":"SKIP","floor":35},{"not_picked":["Dropkick","Flex+1"],"picked":"Thunderclap+1","floor":41},{"not_picked":["Wild Strike+1","Pummel","Uppercut"],"picked":"SKIP","floor":45},{"not_picked":["Clash+1","Searing Blow"],"picked":"Shockwave+1","floor":47}],"player_experience":1283726,"relics_obtained":[{"floor":7.0,"key":"Bottled Flame"},{"floor":9.0,"key":"Blood Vial"},{"floor":26.0,"key":"Red Skull"},{"floor":41,"key":"Toxic Egg 2"},{"floor":43,"key":"Ancient Tea Set"},{"floor":47,"key":"Oddly Smooth Stone"}],"event_choices":[{"damage_healed":0.0,"max_hp_gain":5.0,"max_hp_loss":0.0,"gold_gain":0.0,"event_name":"Big Fish","player_choice":"Donut","floor":3.0,"gold_loss":0.0,"damage_taken":0.0},{"damage_healed":0.0,"max_hp_gain":0.0,"max_hp_loss":0.0,"gold_gain":54.0,"event_name":"Golden Wing","player_choice":"Gained Gold","floor":12.0,"gold_loss":0.0,"damage_taken":0.0},{"damage_healed":0.0,"max_hp_gain":0.0,"max_hp_loss":0.0,"gold_gain":0.0,"event_name":"Designer","player_choice":"Upgrade","floor":19.0,"gold_loss":40.0,"damage_taken":0.0,"cards_upgraded":["Searing Blow"]},{"damage_healed":33.0,"max_hp_gain":0.0,"max_hp_loss":0.0,"gold_gain":0.0,"event_name":"The Library","player_choice":"Heal","floor":27.0,"gold_loss":0.0,"damage_taken":0.0},{"damage_healed":0.0,"max_hp_gain":0.0,"max_hp_loss":0.0,"gold_gain":99.0,"event_name":"Nest","player_choice":"Stole From Cult","floor":30.0,"gold_loss":0.0,"damage_taken":0.0},{"cards_removed":["Strike_R"],"damage_healed":0.0,"max_hp_gain":0.0,"max_hp_loss":0.0,"gold_gain":0.0,"event_name":"Beggar","player_choice":"Gave Gold","floor":31.0,"gold_loss":75.0,"damage_taken":0.0},{"damage_healed":0,"gold_gain":0,"player_choice":"Upgraded","damage_taken":0,"max_hp_gain":0,"max_hp_loss":0,"event_name":"Upgrade Shrine","floor":36,"gold_loss":0,"cards_upgraded":["Searing Blow"]},{"cards_removed":["Defend_R"],"damage_healed":0,"gold_gain":0,"player_choice":"Removed Skill","damage_taken":0,"max_hp_gain":0,"max_hp_loss":0,"event_name":"Falling","floor":38,"gold_loss":0},{"damage_healed":0,"gold_gain":0,"player_choice":"Ignored","damage_taken":0,"max_hp_gain":0,"max_hp_loss":0,"event_name":"Tomb of Lord Red Mask","floor":39,"gold_loss":0},{"damage_healed":0,"gold_gain":0,"player_choice":"Ignored","damage_taken":0,"max_hp_gain":0,"max_hp_loss":0,"event_name":"NoteForYourself","floor":48,"gold_loss":0}],"is_beta":false,"boss_relics":[{"not_picked":["Runic Pyramid","Mark of Pain"],"picked":"Empty Cage"},{"not_picked":["Pandora\u0027s Box","Cursed Key"],"picked":"Runic Cube"}],"items_purged_floors":[],"is_endless":false,"potions_floor_spawned":[1,7,11,14,18,21,28,33,41],"ascension_level":0}}