{"host":"tyfpg4h531zkrrpn","time":1607883990,"event":{"mods":["Act Like it!","BaseMod","CapriCore","Card Filter","Colored Map","Minty Spire (QoL Compilation)","MostiFishMod","Permanent Neow","Quick Restart","StSLib","Waifu the Spire"],"gold_per_floor":[116,116,128,139,153,153,187,187,187,232,261,305,330,359,371,483,495,526,538,550,661,684,696,733,745,783,795,807,838,877,908,920,1032,1044,1075,1139,667,681,731,766,766,798,846,846],"floor_reached":43,"playtime":1254,"items_purged":[],"score":1107,"play_id":"e0a7360b-3d66-4c09-b2c7-4e8a9e092031","local_time":"20201213102630","is_ascension_mode":true,"campfire_choices":[{"data":"Defragment","floor":6,"key":"SMITH"},{"data":"Capacitor","floor":15,"key":"SMITH"},{"data":"Defragment","floor":23,"key":"SMITH"},{"data":"MostiFishMod:InterfaceCompatibility","floor":25,"key":"SMITH"},{"data":"Storm","floor":28,"key":"SMITH"},{"floor":32,"key":"RECALL"},{"data":"Dualcast","floor":41,"key":"SMITH"}],"circlet_count":0,"master_deck":["AscendersBane","Strike_B","Strike_B","Defend_B","Defend_B","Zap","Dualcast+1","Conserve Battery","Storm+1","Sweeping Beam","Defragment+1","Capacitor+1","Ball Lightning+1","Self Repair","Barrage","MostiFishMod:InterfaceCompatibility+1","Thunder Strike+1","Tempest","Cold Snap","Defragment+1","Cold Snap","Redo+1","Lockon+1"],"relics":["Cracked Core","DaveBox","FeatherPendant","Question Card","Centennial Puzzle","MawBank","Symbiotic Virus","Girya","ImportantClient","PatriotShield","Orichalcum","Omamori","Whetstone","Coffee Dripper","Peace Pipe","BionicSphere","PreservedInsect","TheAbacus","Bird Faced Urn","Molten Egg 2","Bag of Marbles","DataDisk"],"acts_visited":["Exordium","TheCity","TheBeyond"],"potions_floor_usage":[],"damage_taken":[{"damage":0,"enemies":"Jaw Worm","floor":1,"turns":2},{"damage":0,"enemies":"Cultist","floor":3,"turns":2},{"damage":10,"enemies":"Small Slimes","floor":4,"turns":2},{"damage":1,"enemies":"Looter","floor":5,"turns":2},{"damage":0,"enemies":"Lagavulin","floor":7,"turns":4},{"damage":0,"enemies":"Gremlin Nob","floor":10,"turns":2},{"damage":16,"enemies":"3 Louse","floor":11,"turns":2},{"damage":0,"enemies":"Lagavulin","floor":12,"turns":3},{"damage":0,"enemies":"Exordium Thugs","floor":13,"turns":1},{"damage":14,"enemies":"Lots of Slimes","floor":14,"turns":3},{"damage":6,"enemies":"The Guardian","floor":16,"turns":6},{"damage":0,"enemies":"Shell Parasite","floor":18,"turns":2},{"damage":0,"enemies":"Spheric Guardian","floor":22,"turns":2},{"damage":1,"enemies":"Slavers","floor":24,"turns":5},{"damage":0,"enemies":"Centurion and Healer","floor":29,"turns":3},{"damage":0,"enemies":"Book of Stabbing","floor":30,"turns":3},{"damage":0,"enemies":"Sentry and Sphere","floor":31,"turns":3},{"damage":0,"enemies":"Automaton","floor":33,"turns":4},{"damage":0,"enemies":"3 Darklings","floor":35,"turns":2},{"damage":0,"enemies":"2 Orb Walkers","floor":36,"turns":2},{"damage":0,"enemies":"Orb Walker","floor":38,"turns":2},{"damage":0,"enemies":"Mind Bloom Boss Battle","floor":39,"turns":3},{"damage":0,"enemies":"Reptomancer","floor":40,"turns":2},{"damage":0,"enemies":"Giant Head","floor":42,"turns":3}],"seed_played":"2001778576632476367","potions_obtained":[{"floor":3,"key":"ColorlessPotion"},{"floor":5,"key":"BlessingOfTheForge"},{"floor":7,"key":"Ancient Potion"}],"is_trial":false,"path_per_floor":["M","?","M","M","M","R","E","?","T","E","M","E","M","M","R","B",null,"M","?","?","?","M","R","E","R","T","$","R","M","E","M","R","B",null,"M","?","$","M","?","E","R","E","T"],"character_chosen":"DEFECT","items_purchased":["BionicSphere","PreservedInsect","TheAbacus"],"campfire_rested":0,"item_purchase_floors":[37,37,37],"current_hp_per_floor":[75,68,68,58,57,57,57,57,57,57,41,41,41,41,41,49,74,74,74,74,74,74,74,82,82,82,82,82,82,82,82,82,82,82,82,82,82,82,82,82,82,82,82,82],"gold":846,"neow_bonus":"TEN_PERCENT_HP_BONUS","is_daily":false,"chose_seed":false,"campfire_upgraded":6,"win_rate":0.0,"timestamp":1607883990,"path_taken":["M","?","M","M","M","R","E","?","T","E","?","E","M","?","R","BOSS","M","?","?","?","M","R","E","R","T","$","R","M","E","M","R","BOSS","M","?","$","M","?","E","R","E","T"],"items_purchased_type":["Relic","Relic","Relic"],"build_version":"2020-11-30","purchased_purges":0,"victory":false,"max_hp_per_floor":[82,82,82,82,82,82,82,82,82,82,82,82,82,82,82,82,82,82,82,82,82,82,82,82,82,82,82,82,82,82,82,82,82,82,82,82,82,82,82,82,82,82,82,82],"card_choices":[{"not_picked":["Coolheaded","Doom and Gloom"],"picked":"Conserve Battery","floor":1},{"not_picked":["Static Discharge","Turbo","BootSequence"],"picked":"Storm","floor":3},{"not_picked":["Leap","Steam Power","Glacier"],"picked":"Sweeping Beam","floor":4},{"not_picked":["Cold Snap","Self Repair","Double Energy"],"picked":"Defragment","floor":5},{"not_picked":["Creative AI","Hologram","Chill"],"picked":"Capacitor","floor":7},{"not_picked":["Doom and Gloom","Redo","Chill"],"picked":"Ball Lightning","floor":10},{"not_picked":["Recycle","Barrage","Tempest"],"picked":"Self Repair","floor":11},{"not_picked":["Genetic Algorithm","Doom and Gloom","Chill","Hologram"],"picked":"SKIP","floor":12},{"not_picked":["Static Discharge","Cold Snap","Stack"],"picked":"Barrage","floor":13},{"not_picked":["BootSequence","Genetic Algorithm","Hologram","Turbo"],"picked":"SKIP","floor":14},{"not_picked":["MostiFishMod:SeaWaves","Fission","MostiFishMod:Exploitation"],"picked":"MostiFishMod:InterfaceCompatibility","floor":16},{"not_picked":["Stack+1","Capacitor","Blizzard","Heatsinks+1"],"picked":"SKIP","floor":18},{"not_picked":["Skim+1","Self Repair","Barrage+1"],"picked":"Defragment","floor":22},{"not_picked":["Consume","Darkness","Coolheaded","Beam Cell"],"picked":"SKIP","floor":24},{"not_picked":["MostiFishMod:GoodWordForIt","Leap","Heatsinks+1","Streamline"],"picked":"SKIP","floor":29},{"not_picked":["Streamline+1","Darkness","Double Energy","Barrage"],"picked":"SKIP","floor":30},{"not_picked":["Ball Lightning","Loop","Beam Cell"],"picked":"Cold Snap","floor":31},{"not_picked":["Consume+1","Barrage+1","Cold Snap+1"],"picked":"Redo+1","floor":35},{"not_picked":["Leap","Blizzard+1","Redo","Hologram"],"picked":"SKIP","floor":38},{"not_picked":["Loop","Blizzard+1","Static Discharge"],"picked":"Lockon+1","floor":40},{"not_picked":["Hologram","Skim+1","Beam Cell+1","Fusion"],"picked":"SKIP","floor":42}],"player_experience":569210,"relics_obtained":[{"floor":1,"key":"Question Card"},{"floor":7,"key":"Centennial Puzzle"},{"floor":9,"key":"MawBank"},{"floor":10,"key":"Symbiotic Virus"},{"floor":12,"key":"Girya"},{"floor":16,"key":"ImportantClient"},{"floor":24,"key":"Orichalcum"},{"floor":26,"key":"Omamori"},{"floor":30,"key":"Whetstone"},{"floor":36,"key":"Peace Pipe"},{"floor":39,"key":"Bird Faced Urn"},{"floor":40,"key":"Molten Egg 2"},{"floor":42,"key":"Bag of Marbles"},{"floor":43,"key":"DataDisk"}],"event_choices":[{"cards_removed":["Defend_B"],"damage_healed":0,"gold_gain":0,"player_choice":"Card Removal","damage_taken":7,"max_hp_gain":0,"max_hp_loss":0,"event_name":"Golden Wing","floor":2,"gold_loss":0},{"cards_removed":["Strike_B"],"damage_healed":0,"gold_gain":0,"player_choice":"Purged","damage_taken":0,"max_hp_gain":0,"max_hp_loss":0,"event_name":"Purifier","floor":8,"gold_loss":0},{"damage_healed":0,"gold_gain":0,"cards_transformed":["Strike_B","Defend_B"],"player_choice":"Became Test Subject","damage_taken":0,"max_hp_gain":0,"max_hp_loss":0,"event_name":"Drug Dealer","floor":19,"gold_loss":0,"cards_obtained":["Thunder Strike","Tempest"]},{"damage_healed":0,"gold_gain":0,"player_choice":"Read","damage_taken":0,"max_hp_gain":0,"max_hp_loss":0,"event_name":"The Library","floor":20,"gold_loss":0,"cards_obtained":["Cold Snap"]},{"damage_healed":0,"gold_gain":99,"player_choice":"Stole From Cult","damage_taken":0,"max_hp_gain":0,"max_hp_loss":0,"event_name":"Nest","floor":21,"gold_loss":0},{"damage_healed":0,"gold_gain":0,"player_choice":"Fight","damage_taken":0,"max_hp_gain":0,"max_hp_loss":0,"event_name":"Mysterious Sphere","floor":36,"gold_loss":0},{"damage_healed":0,"gold_gain":0,"player_choice":"Fight","damage_taken":0,"max_hp_gain":0,"max_hp_loss":0,"event_name":"MindBloom","floor":39,"gold_loss":0}],"is_beta":false,"boss_relics":[{"not_picked":["Astrolabe","MostiFishMod:Hod"],"picked":"PatriotShield"},{"not_picked":["HereWithMe","BloodWine"],"picked":"Coffee Dripper"}],"items_purged_floors":[],"is_endless":false,"potions_floor_spawned":[3,5,7,11,12,14,18,24,33,36,40,42],"ascension_level":10}}