{"host":"2se5dq1do2gp0x9k","time":1607823473,"event":{"mods":["AchievementEnabler","BaseMod","Block Reminder","Colored Map","Colored Powertips","Minty Spire (QoL Compilation)","Relic Stats","StSLib","SuperFastMode"],"gold_per_floor":[112,37,51,51,14,14,50,50,50,50,68,86,86,11,11,109,109,133,133,153,177,177,177,177,177],"floor_reached":24,"playtime":877,"items_purged":["Strike_B"],"score":388,"play_id":"6097d47b-708d-4c09-a76b-d307c9248a81","local_time":"20201212173753","is_ascension_mode":true,"campfire_choices":[{"data":"Hello World","floor":6.0,"key":"SMITH"},{"floor":13,"key":"REST"},{"floor":15,"key":"REST"},{"floor":23,"key":"REST"}],"circlet_count":0,"master_deck":["AscendersBane","Defend_B","Defend_B","Defend_B","Defend_B","Dualcast","Ball Lightning+1","Hello World+1","Echo Form","Electrodynamics","All For One","Stack+1","Loop+1","Lockon+1"],"relics":["Snecko Eye","Bloody Idol","Gremlin Horn","Thread and Needle","Astrolabe"],"acts_visited":["Exordium","TheCity"],"potions_floor_usage":[21],"damage_taken":[{"damage":9.0,"enemies":"Small Slimes","floor":1.0,"turns":4.0},{"damage":5.0,"enemies":"2 Louse","floor":3.0,"turns":3.0},{"damage":44.0,"enemies":"Gremlin Nob","floor":7.0,"turns":4.0},{"damage":0.0,"enemies":"Jaw Worm","floor":11.0,"turns":3.0},{"damage":4,"enemies":"Large Slime","floor":12,"turns":4},{"damage":27,"enemies":"The Guardian","floor":16,"turns":12},{"damage":5,"enemies":"Spheric Guardian","floor":18,"turns":4},{"damage":2,"enemies":"2 Thieves","floor":20,"turns":3},{"damage":22,"enemies":"Centurion and Healer","floor":21,"turns":6},{"damage":45,"enemies":"Shelled Parasite and Fungi","floor":24,"turns":3}],"seed_played":"4961160557975339927","potions_obtained":[{"floor":3.0,"key":"Ancient Potion"},{"floor":7.0,"key":"Ancient Potion"},{"floor":16,"key":"Energy Potion"}],"is_trial":false,"path_per_floor":["M","?","M","?","$","R","E","?","T","?","M","M","R","$","R","B",null,"M","$","M","M","?","R","M"],"character_chosen":"DEFECT","items_purchased":["Hello World"],"campfire_rested":3,"item_purchase_floors":[5],"current_hp_per_floor":[55,55,50,50,50,50,6,6,6,6,6,2,21,21,40,13,51,46,46,44,22,22,41,0,0],"gold":177,"neow_bonus":"BOSS_RELIC","is_daily":false,"chose_seed":false,"campfire_upgraded":1,"win_rate":0.0,"timestamp":1607823473,"path_taken":["M","?","M","?","$","R","E","?","T","?","M","M","R","$","R","BOSS","M","?","M","M","?","R","?"],"items_purchased_type":["Card"],"build_version":"2020-11-30","purchased_purges":1,"victory":false,"max_hp_per_floor":[71,71,71,64,64,64,64,64,64,64,64,64,64,64,64,64,64,64,64,64,64,64,64,64,64],"relic_stats":{"Gremlin Horn":[4,4],"counters":[10,46],"Bloody Idol":0,"Astrolabe":["Stack","Loop","Lockon"],"Snecko Eye":[86,73,89,75],"obtain_stats":[{"Gremlin Horn":7,"Golden Idol":4,"Astrolabe":17,"Bloody Idol":22,"Snecko Eye":0,"Thread and Needle":9,"Cracked Core":0},{"Gremlin Horn":3,"Golden Idol":2,"Astrolabe":6,"Bloody Idol":9,"Snecko Eye":0,"Thread and Needle":3,"Cracked Core":0},{"Gremlin Horn":11,"Golden Idol":7,"Astrolabe":30,"Bloody Idol":43,"Snecko Eye":0,"Thread and Needle":11,"Cracked Core":0}]},"card_choices":[{"not_picked":["Beam Cell","Redo","Stack"],"picked":"SKIP","floor":1.0},{"not_picked":["Sweeping Beam","Compile Driver"],"picked":"Ball Lightning","floor":3.0},{"not_picked":["Ball Lightning","Hello World"],"picked":"Echo Form","floor":7.0},{"not_picked":["Sweeping Beam","Beam Cell","Steam"],"picked":"SKIP","floor":11.0},{"not_picked":["Blizzard","Capacitor"],"picked":"Electrodynamics","floor":12},{"not_picked":["Machine Learning","Hyperbeam"],"picked":"All For One","floor":16},{"not_picked":["Cold Snap","Streamline","Beam Cell"],"picked":"SKIP","floor":18},{"not_picked":["Turbo","Ball Lightning","Reprogram"],"picked":"SKIP","floor":20},{"not_picked":["Cold Snap","Turbo","Ball Lightning+1"],"picked":"SKIP","floor":21}],"player_experience":3607741,"relics_obtained":[{"floor":7.0,"key":"Gremlin Horn"},{"floor":9.0,"key":"Thread and Needle"}],"event_choices":[{"cards_removed":["Strike_B"],"damage_healed":0.0,"max_hp_gain":0.0,"max_hp_loss":0.0,"gold_gain":0.0,"event_name":"The Cleric","player_choice":"Card Removal","floor":2.0,"gold_loss":75.0,"damage_taken":0.0},{"damage_healed":0.0,"max_hp_gain":0.0,"max_hp_loss":7.0,"gold_gain":0.0,"event_name":"Golden Idol","player_choice":"Lose Max HP","floor":4.0,"gold_loss":0.0,"damage_taken":0.0,"relics_obtained":["Golden Idol"]},{"damage_healed":0.0,"max_hp_gain":0.0,"max_hp_loss":0.0,"gold_gain":0.0,"event_name":"Golden Wing","player_choice":"Ignored","floor":8.0,"gold_loss":0.0,"damage_taken":0.0},{"damage_healed":0.0,"max_hp_gain":0.0,"max_hp_loss":0.0,"gold_gain":0.0,"event_name":"Accursed Blacksmith","player_choice":"Forge","floor":10.0,"gold_loss":0.0,"damage_taken":0.0,"cards_upgraded":["Ball Lightning"]},{"damage_healed":0,"gold_gain":0,"player_choice":"Gave Idol","damage_taken":0,"relics_obtained":["Bloody Idol"],"max_hp_gain":0,"max_hp_loss":0,"event_name":"Forgotten Altar","floor":22,"relics_lost":["Golden Idol"],"gold_loss":0}],"is_beta":false,"boss_relics":[{"not_picked":["Coffee Dripper","Empty Cage"],"picked":"Astrolabe"}],"items_purged_floors":[14],"is_endless":false,"potions_floor_spawned":[3,7,16,20],"killed_by":"Shelled Parasite and Fungi","ascension_level":20}}