{"host":"sabve5zmqufxyc5o","time":1607841713,"event":{"mods":["2.2 Compatiblity","AchievementEnabler","Act Like it!","BaseMod","Block Reminder","Colored Map","Colored Powertips","DeckTracker","KOR Keyword Fix","Keyboard Shortcuts","Minty Spire (QoL Compilation)","Quick Restart","Rare Cards Sparkle","Relic Stats","StSLib","SuperFastMode"],"gold_per_floor":[119,135,135,153,163,163,179,45,115,115,132,159,178,198,198,198,198],"floor_reached":16,"playtime":283,"items_purged":["Strike_B"],"score":207,"play_id":"64f0f966-712a-40be-9566-8d0970e354bf","local_time":"20201213154153","is_ascension_mode":true,"campfire_choices":[{"floor":10.0,"key":"REST"},{"data":"White Noise","floor":15,"key":"SMITH"}],"circlet_count":0,"master_deck":["AscendersBane","Strike_B","Strike_B","Defend_B","Defend_B","Defend_B","Defend_B","Zap","Dualcast","Cold Snap","Beam Cell","Gash","Defragment+1","White Noise+1","Cold Snap","Rip and Tear","Biased Cognition","Self Repair"],"relics":["Cracked Core","Ornamental Fan","Peace Pipe"],"acts_visited":[],"potions_floor_usage":[12,16,16],"damage_taken":[{"damage":2.0,"enemies":"Jaw Worm","floor":1.0,"turns":3.0},{"damage":2.0,"enemies":"Small Slimes","floor":2.0,"turns":3.0},{"damage":0.0,"enemies":"Cultist","floor":4.0,"turns":3.0},{"damage":7.0,"enemies":"Red Slaver","floor":5.0,"turns":4.0},{"damage":23.0,"enemies":"Gremlin Gang","floor":7.0,"turns":5.0},{"damage":0,"enemies":"2 Fungi Beasts","floor":11,"turns":3},{"damage":14,"enemies":"Gremlin Nob","floor":12,"turns":5},{"damage":9,"enemies":"Large Slime","floor":13,"turns":5},{"damage":4,"enemies":"Red Slaver","floor":14,"turns":4},{"damage":14,"enemies":"Slime Boss","floor":16,"turns":9}],"seed_played":"-6687016979424671932","potions_obtained":[{"floor":2.0,"key":"SpeedPotion"},{"floor":5.0,"key":"LiquidBronze"},{"floor":11,"key":"Weak Potion"},{"floor":13,"key":"Dexterity Potion"}],"is_trial":false,"path_per_floor":["M","M","?","M","M","?","M","$","T","R","M","E","M","M","R","B"],"character_chosen":"DEFECT","items_purchased":["Cold Snap"],"campfire_rested":1,"item_purchase_floors":[8],"current_hp_per_floor":[62,60,65,65,58,58,35,35,35,57,57,43,34,30,30,16,16],"gold":198,"neow_bonus":"REMOVE_CARD","is_daily":false,"chose_seed":false,"campfire_upgraded":1,"win_rate":0.0,"timestamp":1607841713,"path_taken":["M","M","?","M","M","?","?","$","T","R","M","E","M","M","R","BOSS"],"items_purchased_type":["Card"],"build_version":"2020-11-30","purchased_purges":1,"victory":false,"max_hp_per_floor":[71,71,76,76,76,76,76,76,76,76,76,76,76,76,76,76,76],"relic_stats":{"Peace Pipe":0,"counters":[10,43],"Ornamental Fan":[24],"obtain_stats":[{"Peace Pipe":12,"Ornamental Fan":9,"Cracked Core":0},{"Peace Pipe":7,"Ornamental Fan":5,"Cracked Core":0},{"Peace Pipe":25,"Ornamental Fan":18,"Cracked Core":0}]},"card_choices":[{"not_picked":["Rebound","Steam"],"picked":"Cold Snap","floor":1.0},{"not_picked":["Chaos","Conserve Battery"],"picked":"Beam Cell","floor":2.0},{"not_picked":["Scrape","Redo"],"picked":"Gash","floor":4.0},{"not_picked":["Gash","Sunder"],"picked":"Defragment","floor":5.0},{"not_picked":["Sunder","Beam Cell"],"picked":"White Noise","floor":7.0},{"not_picked":["Stack","Storm","Streamline"],"picked":"SKIP","floor":11},{"not_picked":["Rebound","Reprogram"],"picked":"Rip and Tear","floor":12},{"not_picked":["Reinforced Body","Recycle"],"picked":"Biased Cognition","floor":13},{"not_picked":["Barrage","Chaos"],"picked":"Self Repair","floor":14}],"player_experience":774809,"relics_obtained":[{"floor":9.0,"key":"Ornamental Fan"},{"floor":12,"key":"Peace Pipe"}],"event_choices":[{"damage_healed":0.0,"max_hp_gain":5.0,"max_hp_loss":0.0,"gold_gain":0.0,"event_name":"Big Fish","player_choice":"Donut","floor":3.0,"gold_loss":0.0,"damage_taken":0.0},{"damage_healed":0.0,"max_hp_gain":0.0,"max_hp_loss":0.0,"gold_gain":0.0,"event_name":"Upgrade Shrine","player_choice":"Upgraded","floor":6.0,"gold_loss":0.0,"damage_taken":0.0,"cards_upgraded":["Defragment"]}],"is_beta":false,"boss_relics":[],"items_purged_floors":[8],"is_endless":false,"potions_floor_spawned":[2,5,11,13],"killed_by":"Slime Boss","ascension_level":19}}