{"host":"2cg6xoexl1he7zus","time":1607878107,"event":{"mods":["AchievementEnabler","BaseMod","Colored Map","Minty Spire (QoL Compilation)","Quick Restart","StSLib","SuperFastMode","everything is the same but u backflip on backflip"],"gold_per_floor":[111,186,204,204,204,204,204,235,307,326,326,367,166,191,191,320,320,340,340,364,364,382,423,423,444,444,477,502,516,516,20,20,150,150,175,450,468,368,368,368,32,66,66,129,152,210,224,237,237,237],"floor_reached":51,"playtime":1999,"items_purged":["Strike_B","Strike_B","Regret","Writhe"],"score":1256,"play_id":"620815dd-d202-4c16-8e6f-c2bb3abb4eb3","local_time":"20201214014827","is_ascension_mode":true,"campfire_choices":[{"floor":6.0,"key":"REST"},{"floor":11.0,"key":"REST"},{"data":"Dualcast","floor":15.0,"key":"SMITH"},{"floor":24.0,"key":"REST"},{"floor":30.0,"key":"REST"},{"data":"Consume","floor":32.0,"key":"SMITH"},{"data":"Capacitor","floor":40.0,"key":"SMITH"},{"data":"Hologram","floor":49.0,"key":"SMITH"}],"circlet_count":0,"master_deck":["Strike_B","Defend_B+1","Defend_B","Defend_B","Zap+1","Dualcast+1","Ball Lightning","Consume+1","Doom and Gloom","Reinforced Body","Hologram+1","Capacitor+1","Sunder","Electrodynamics","Electrodynamics","Fusion","Undo","Sunder","Meteor Strike","Thunder Strike","Streamline+1","Leap+1","Meteor Strike"],"relics":["Cracked Core","Golden Idol","Mercury Hourglass","Sundial","Ornamental Fan","Snecko Eye","TungstenRod","Matryoshka","The Courier","Bag of Preparation","SlaversCollar","Boot","Thread and Needle","Bottled Flame","Meat on the Bone","Torii","CaptainsWheel"],"acts_visited":["Exordium","TheCity","TheBeyond"],"potions_floor_usage":[50,50],"damage_taken":[{"damage":2.0,"enemies":"2 Louse","floor":1.0,"turns":2.0},{"damage":7.0,"enemies":"Jaw Worm","floor":3.0,"turns":3.0},{"damage":20.0,"enemies":"3 Sentries","floor":8.0,"turns":5.0},{"damage":0.0,"enemies":"Small Slimes","floor":10.0,"turns":2.0},{"damage":6.0,"enemies":"Gremlin Nob","floor":12.0,"turns":4.0},{"damage":1.0,"enemies":"Looter","floor":14.0,"turns":3.0},{"damage":22.0,"enemies":"The Guardian","floor":16.0,"turns":9.0},{"damage":11.0,"enemies":"Shell Parasite","floor":18.0,"turns":4.0},{"damage":6.0,"enemies":"3 Byrds","floor":20.0,"turns":2.0},{"damage":9.0,"enemies":"3 Cultists","floor":22.0,"turns":3.0},{"damage":1.0,"enemies":"Gremlin Leader","floor":23.0,"turns":4.0},{"damage":0.0,"enemies":"Centurion and Healer","floor":25.0,"turns":2.0},{"damage":39.0,"enemies":"Book of Stabbing","floor":27.0,"turns":4.0},{"damage":0.0,"enemies":"Snecko","floor":28.0,"turns":4.0},{"damage":0.0,"enemies":"Chosen and Byrds","floor":29.0,"turns":3.0},{"damage":20.0,"enemies":"Collector","floor":33.0,"turns":5.0},{"damage":4.0,"enemies":"3 Darklings","floor":35.0,"turns":3.0},{"damage":12.0,"enemies":"3 Shapes","floor":37.0,"turns":2.0},{"damage":29.0,"enemies":"Giant Head","floor":42.0,"turns":7.0},{"damage":0.0,"enemies":"Mind Bloom Boss Battle","floor":44.0,"turns":5.0},{"damage":11.0,"enemies":"3 Darklings","floor":45.0,"turns":2.0},{"damage":21.0,"enemies":"2 Orb Walkers","floor":46.0,"turns":2.0},{"damage":0.0,"enemies":"Maw","floor":47.0,"turns":6.0},{"damage":0.0,"enemies":"Writhing Mass","floor":48.0,"turns":5.0},{"damage":7,"enemies":"Awakened One","floor":50,"turns":9}],"seed_played":"-3599346710953593627","potions_obtained":[{"floor":3.0,"key":"Energy Potion"},{"floor":20.0,"key":"FearPotion"},{"floor":25.0,"key":"Fire Potion"},{"floor":29.0,"key":"Ancient Potion"},{"floor":33.0,"key":"SpeedPotion"},{"floor":35.0,"key":"FocusPotion"},{"floor":48.0,"key":"Explosive Potion"}],"is_trial":false,"path_per_floor":["M","?","M","?","?","R","?","E","T","M","R","E","$","M","R","B",null,"M","?","M","?","M","E","R","M","T","E","M","M","R","$","R","B",null,"M","?","M","$","?","R","$","E","T","?","M","?","M","M","R","B",null],"character_chosen":"DEFECT","items_purchased":["Capacitor","Block Potion","Sunder","Meteor Strike","Bag of Preparation","Regen Potion","Regen Potion","Boot","Regen Potion","Energy Potion"],"campfire_rested":4,"item_purchase_floors":[13,13,31,31,31,31,31,41,41,41],"current_hp_per_floor":[66,55,48,34,34,54,37,17,17,17,37,31,31,30,30,8,53,42,42,36,36,27,26,46,46,46,7,7,7,27,27,27,41,61,57,57,45,45,62,62,62,33,33,45,46,42,42,42,42,35],"gold":237,"neow_bonus":"TRANSFORM_TWO_CARDS","is_daily":false,"chose_seed":false,"campfire_upgraded":4,"win_rate":0.0,"timestamp":1607878107,"path_taken":["M","?","M","?","?","R","?","E","T","M","R","E","?","M","R","BOSS","M","?","M","?","M","E","R","M","T","E","M","M","R","$","R","BOSS","M","?","?","$","?","R","$","E","T","?","M","?","M","M","R","BOSS"],"items_purchased_type":["Card","Potion","Card","Card","Relic","Potion","Potion","Relic","Potion","Potion"],"build_version":"2020-11-30","purchased_purges":4,"victory":true,"max_hp_per_floor":[68,68,68,68,68,68,68,68,68,68,68,68,68,68,68,68,68,68,68,68,68,68,68,68,68,68,68,68,68,68,68,68,68,68,68,68,68,68,68,68,68,68,68,68,68,68,68,68,68,68],"card_choices":[{"not_picked":["Barrage","BootSequence"],"picked":"Ball Lightning","floor":1.0},{"not_picked":["Rebound","Undo"],"picked":"Consume","floor":3.0},{"not_picked":["Barrage","Go for the Eyes"],"picked":"Doom and Gloom","floor":8.0},{"not_picked":["Gash","Fission"],"picked":"Reinforced Body","floor":10.0},{"not_picked":["Beam Cell","Sweeping Beam"],"picked":"Hologram","floor":12.0},{"not_picked":["Stack","Go for the Eyes"],"picked":"Sunder","floor":14.0},{"not_picked":["Machine Learning","Rainbow"],"picked":"Electrodynamics","floor":16.0},{"not_picked":["Beam Cell","Stack","Barrage"],"picked":"SKIP","floor":18.0},{"not_picked":["Reprogram","Leap","Conserve Battery+1"],"picked":"SKIP","floor":20.0},{"not_picked":["Rip and Tear","Steam Power+1","Chaos+1"],"picked":"SKIP","floor":22.0},{"not_picked":["BootSequence","Lockon+1"],"picked":"Electrodynamics","floor":23.0},{"not_picked":["Heatsinks+1","FTL"],"picked":"Fusion","floor":25.0},{"not_picked":["Cold Snap","Redo+1","Machine Learning"],"picked":"SKIP","floor":27.0},{"not_picked":["Melter","Gash","Rebound+1"],"picked":"SKIP","floor":28.0},{"not_picked":["Hologram","Ball Lightning"],"picked":"Undo","floor":29.0},{"not_picked":["All For One","Electrodynamics"],"picked":"Thunder Strike","floor":33.0},{"not_picked":["Scrape","Double Energy","Cold Snap"],"picked":"SKIP","floor":35.0},{"not_picked":["Redo","Ball Lightning+1"],"picked":"Streamline+1","floor":37.0},{"not_picked":["Hologram","Genetic Algorithm+1","Go for the Eyes"],"picked":"SKIP","floor":42.0},{"not_picked":["Recycle","Rebound+1","Lockon"],"picked":"SKIP","floor":45.0},{"not_picked":["Blizzard","Hologram+1"],"picked":"Leap+1","floor":46.0},{"not_picked":["Blizzard+1","Streamline+1"],"picked":"Meteor Strike","floor":47.0},{"not_picked":["Sweeping Beam+1","Go for the Eyes","Redo+1"],"picked":"SKIP","floor":48.0}],"player_experience":242313,"relics_obtained":[{"floor":8.0,"key":"Mercury Hourglass"},{"floor":9.0,"key":"Sundial"},{"floor":12.0,"key":"Ornamental Fan"},{"floor":23.0,"key":"TungstenRod"},{"floor":26.0,"key":"Matryoshka"},{"floor":27.0,"key":"The Courier"},{"floor":42.0,"key":"Thread and Needle"},{"floor":43.0,"key":"Bottled Flame"},{"floor":43.0,"key":"Meat on the Bone"},{"floor":44.0,"key":"Torii"},{"floor":46.0,"key":"CaptainsWheel"}],"event_choices":[{"damage_healed":0.0,"max_hp_gain":0.0,"max_hp_loss":0.0,"gold_gain":75.0,"event_name":"World of Goop","player_choice":"Gather Gold","floor":2.0,"gold_loss":0.0,"damage_taken":11.0},{"damage_healed":0.0,"max_hp_gain":0.0,"max_hp_loss":0.0,"gold_gain":0.0,"event_name":"Shining Light","player_choice":"Entered Light","floor":4.0,"gold_loss":0.0,"damage_taken":14.0,"cards_upgraded":["Defend_B","Zap"]},{"damage_healed":0.0,"max_hp_gain":0.0,"max_hp_loss":0.0,"gold_gain":0.0,"event_name":"Liars Game","player_choice":"Ignored","floor":5.0,"gold_loss":0.0,"damage_taken":0.0},{"damage_healed":0.0,"max_hp_gain":0.0,"max_hp_loss":0.0,"gold_gain":0.0,"event_name":"Golden Idol","player_choice":"Take Damage","floor":7.0,"gold_loss":0.0,"damage_taken":17.0,"relics_obtained":["Golden Idol"]},{"damage_healed":0.0,"max_hp_gain":0.0,"max_hp_loss":0.0,"gold_gain":0.0,"event_name":"Ghosts","player_choice":"Ignored","floor":19.0,"gold_loss":0.0,"damage_taken":0.0},{"damage_healed":0.0,"max_hp_gain":0.0,"max_hp_loss":0.0,"gold_gain":0.0,"event_name":"Vampires","player_choice":"Ignored","floor":21.0,"gold_loss":0.0,"damage_taken":0.0},{"damage_healed":0.0,"max_hp_gain":0.0,"max_hp_loss":0.0,"gold_gain":275.0,"event_name":"Golden Shrine","player_choice":"Desecrate","floor":36.0,"gold_loss":0.0,"damage_taken":0.0,"cards_obtained":["Regret"]},{"damage_healed":17.0,"max_hp_gain":0.0,"max_hp_loss":0.0,"gold_gain":0.0,"event_name":"Winding Halls","player_choice":"Writhe","floor":39.0,"gold_loss":0.0,"damage_taken":0.0,"cards_obtained":["Writhe"]},{"damage_healed":0.0,"max_hp_gain":0.0,"max_hp_loss":0.0,"gold_gain":0.0,"event_name":"MindBloom","player_choice":"Fight","floor":44.0,"gold_loss":0.0,"damage_taken":0.0},{"damage_healed":0.0,"max_hp_gain":0.0,"max_hp_loss":0.0,"gold_gain":0.0,"event_name":"Mysterious Sphere","player_choice":"Fight","floor":46.0,"gold_loss":0.0,"damage_taken":0.0}],"is_beta":false,"boss_relics":[{"not_picked":["Pandora\u0027s Box","Ectoplasm"],"picked":"Snecko Eye"},{"not_picked":["Velvet Choker","Cursed Key"],"picked":"SlaversCollar"}],"items_purged_floors":[13,31,38,41],"is_endless":false,"potions_floor_spawned":[3,20,25,29,33,35,37,45,48],"ascension_level":7}}