{"host":"qgru5siit3fz0wh9","time":1607867069,"event":{"mods":["AchievementEnabler","BaseMod","Highlight Path","Minty Spire (QoL Compilation)"],"gold_per_floor":[116,116,116,133,62,89,89,117,140,157,157,157,171,204,204,302,302,314,220,236,249,33,33,67,337,417,437,465,481,508,522,522,627,627,646,659,659,709,761,795,815,850,850,875,890,908,66,85,85,85,85,85,85,119,119],"floor_reached":56,"playtime":4367,"items_purged":[],"score":1342,"play_id":"80b25043-ab47-4b48-b0a2-6b8dd1dd6280","local_time":"20201213144429","is_ascension_mode":true,"campfire_choices":[{"data":"Combust","floor":7,"key":"SMITH"},{"data":"Double Tap","floor":12,"key":"SMITH"},{"data":"Bash","floor":15,"key":"SMITH"},{"data":"Rupture","floor":23,"key":"SMITH"},{"floor":32,"key":"RECALL"},{"data":"Reaper","floor":49,"key":"SMITH"},{"data":"Cleave","floor":52,"key":"SMITH"}],"circlet_count":0,"master_deck":["Strike_R","Strike_R","Strike_R","Strike_R","Defend_R","Defend_R","Defend_R","Defend_R","Bash+1","Combust+1","Combust+1","Pommel Strike","Double Tap+1","Shrug It Off","Battle Trance","Reaper","Fire Breathing","Bandage Up","Rupture+1","Cleave+1","Thunderclap","Impervious","Reaper+1","Thunderclap+1","Rage+1","Sword Boomerang+1","Spot Weakness+1","Cleave+1"],"relics":["Burning Blood","Potion Belt","Orichalcum","Toy Ornithopter","MealTicket","Du-Vu Doll","Busted Crown","PreservedInsect","Self Forming Clay","Champion Belt","Anchor","Runic Pyramid","Torii","Peace Pipe","Blood Vial","Pear","The Courier","Ice Cream","Letter Opener","Singing Bowl","Strawberry","Frozen Egg 2","Omamori","Kunai"],"acts_visited":["Exordium","TheCity","TheBeyond","TheEnding"],"potions_floor_usage":[13,14,16,24,24,27,29,29,30,30,30,33,33,39,40,42,42,44,50,55,55],"damage_taken":[{"damage":5,"enemies":"Small Slimes","floor":1,"turns":4},{"damage":5,"enemies":"Jaw Worm","floor":4,"turns":4},{"damage":23,"enemies":"3 Sentries","floor":6,"turns":4},{"damage":13,"enemies":"Gremlin Nob","floor":8,"turns":4},{"damage":0,"enemies":"Cultist","floor":10,"turns":3},{"damage":23,"enemies":"Gremlin Gang","floor":13,"turns":3},{"damage":22,"enemies":"Lagavulin","floor":14,"turns":5},{"damage":51,"enemies":"Hexaghost","floor":16,"turns":9},{"damage":8,"enemies":"Spheric Guardian","floor":18,"turns":3},{"damage":32,"enemies":"2 Thieves","floor":20,"turns":4},{"damage":33,"enemies":"Sentry and Sphere","floor":21,"turns":4},{"damage":60,"enemies":"Slavers","floor":24,"turns":5},{"damage":16,"enemies":"Snecko","floor":27,"turns":5},{"damage":22,"enemies":"Gremlin Leader","floor":28,"turns":4},{"damage":6,"enemies":"Cultist and Chosen","floor":29,"turns":4},{"damage":26,"enemies":"Slavers","floor":30,"turns":2},{"damage":10,"enemies":"Centurion and Healer","floor":31,"turns":5},{"damage":75,"enemies":"Champ","floor":33,"turns":9},{"damage":13,"enemies":"3 Shapes","floor":35,"turns":4},{"damage":8,"enemies":"Orb Walker","floor":36,"turns":4},{"damage":20,"enemies":"Mind Bloom Boss Battle","floor":38,"turns":8},{"damage":33,"enemies":"2 Orb Walkers","floor":39,"turns":4},{"damage":53,"enemies":"Nemesis","floor":40,"turns":7},{"damage":35,"enemies":"Sphere and 2 Shapes","floor":41,"turns":6},{"damage":34,"enemies":"Reptomancer","floor":42,"turns":6},{"damage":59,"enemies":"Giant Head","floor":44,"turns":8},{"damage":14,"enemies":"4 Shapes","floor":45,"turns":3},{"damage":3,"enemies":"3 Darklings","floor":46,"turns":4},{"damage":5,"enemies":"Sphere and 2 Shapes","floor":48,"turns":3},{"damage":115,"enemies":"Awakened One","floor":50,"turns":10},{"damage":83,"enemies":"Shield and Spear","floor":54,"turns":6},{"damage":123,"enemies":"The Heart","floor":55,"turns":10}],"seed_played":"7606383304739842606","potions_obtained":[{"floor":10,"key":"Fruit Juice"},{"floor":13,"key":"Regen Potion"},{"floor":14,"key":"FearPotion"},{"floor":20,"key":"Ancient Potion"},{"floor":28,"key":"SkillPotion"},{"floor":30,"key":"BlessingOfTheForge"},{"floor":31,"key":"Explosive Potion"},{"floor":33,"key":"Fire Potion"},{"floor":36,"key":"ElixirPotion"},{"floor":40,"key":"Explosive Potion"},{"floor":42,"key":"ColorlessPotion"},{"floor":46,"key":"BlessingOfTheForge"},{"floor":54,"key":"SteroidPotion"}],"is_trial":false,"path_per_floor":["M","?","?","M","$","E","R","E","T","M","T","R","M","E","R","B",null,"M","$","M","M","$","R","E","?","T","M","E","M","E","M","R","B",null,"M","M","?","?","?","E","M","E","T","E","M","M","$","M","R","B",null,"R","$","E","B",null],"character_chosen":"IRONCLAD","items_purchased":["Combust","Bandage Up","Rupture","Cleave","EntropicBrew","Letter Opener","Singing Bowl","Strawberry","Frozen Egg 2","Omamori"],"campfire_rested":0,"item_purchase_floors":[5,19,22,22,22,47,47,47,47,47],"current_hp_per_floor":[80,80,80,80,80,63,63,56,56,62,62,62,55,53,53,13,85,83,85,69,50,65,65,39,12,12,34,22,42,65,77,77,36,85,85,85,81,81,81,63,52,86,86,69,76,91,98,100,100,28,100,100,100,49,22],"gold":119,"neow_bonus":"RANDOM_COMMON_RELIC","is_daily":false,"chose_seed":false,"campfire_upgraded":6,"win_rate":0.0,"timestamp":1607867069,"path_taken":["M","?","?","?","$","E","R","E","T","?","?","R","M","E","R","BOSS","M","$","M","M","$","R","E","?","T","M","E","M","E","M","R","BOSS","M","?","?","?","?","E","M","E","T","E","?","M","$","M","R","BOSS","R","$","E","BOSS"],"items_purchased_type":["Card","Card","Card","Card","Potion","Relic","Relic","Relic","Relic","Relic"],"build_version":"2020-11-30","purchased_purges":0,"victory":true,"max_hp_per_floor":[80,80,80,80,80,80,80,80,80,80,80,80,85,85,85,85,85,85,85,85,85,85,85,85,85,85,85,85,85,85,85,85,85,85,85,85,81,81,81,81,81,91,91,91,91,91,98,100,100,100,100,100,100,102,102],"card_choices":[{"not_picked":["True Grit","Rage"],"picked":"Combust","floor":1},{"not_picked":["Wild Strike","Dropkick","Warcry"],"picked":"SKIP","floor":4},{"not_picked":["Pummel","Inflame"],"picked":"Pommel Strike","floor":6},{"not_picked":["Headbutt","Barricade"],"picked":"Double Tap","floor":8},{"not_picked":["Sentinel","Anger"],"picked":"Shrug It Off","floor":10},{"not_picked":["Clash","Rampage"],"picked":"Battle Trance","floor":13},{"not_picked":["Iron Wave","Bloodletting","Wild Strike"],"picked":"SKIP","floor":14},{"not_picked":["Fiend Fire","Limit Break"],"picked":"Reaper","floor":16},{"not_picked":[],"picked":"Fire Breathing","floor":18},{"not_picked":["Headbutt"],"picked":"SKIP","floor":20},{"not_picked":["Warcry"],"picked":"SKIP","floor":21},{"not_picked":[],"picked":"Thunderclap","floor":24},{"not_picked":["True Grit"],"picked":"SKIP","floor":27},{"not_picked":["Sword Boomerang"],"picked":"SKIP","floor":28},{"not_picked":["Inflame"],"picked":"SKIP","floor":29},{"not_picked":[],"picked":"Impervious","floor":30},{"not_picked":["Clothesline+1"],"picked":"SKIP","floor":31},{"not_picked":[],"picked":"Reaper","floor":33},{"not_picked":[],"picked":"Thunderclap+1","floor":35},{"not_picked":["Warcry+1"],"picked":"SKIP","floor":36},{"not_picked":[],"picked":"Rage+1","floor":38},{"not_picked":[],"picked":"Sword Boomerang+1","floor":39},{"not_picked":["True Grit"],"picked":"SKIP","floor":40},{"not_picked":[],"picked":"Spot Weakness+1","floor":41},{"not_picked":[],"picked":"Cleave+1","floor":42},{"not_picked":["Sever Soul"],"picked":"SKIP","floor":44},{"not_picked":["Clash"],"picked":"SKIP","floor":45},{"not_picked":["Second Wind"],"picked":"SKIP","floor":46},{"not_picked":["Body Slam+1"],"picked":"Singing Bowl","floor":48},{"not_picked":["Body Slam+1"],"picked":"Singing Bowl","floor":54}],"player_experience":343791,"relics_obtained":[{"floor":6,"key":"Orichalcum"},{"floor":8,"key":"Toy Ornithopter"},{"floor":9,"key":"MealTicket"},{"floor":14,"key":"Du-Vu Doll"},{"floor":24,"key":"PreservedInsect"},{"floor":26,"key":"Self Forming Clay"},{"floor":28,"key":"Champion Belt"},{"floor":30,"key":"Anchor"},{"floor":38,"key":"Torii"},{"floor":39,"key":"Peace Pipe"},{"floor":40,"key":"Blood Vial"},{"floor":42,"key":"Pear"},{"floor":43,"key":"The Courier"},{"floor":44,"key":"Ice Cream"},{"floor":54,"key":"Kunai"}],"event_choices":[{"damage_healed":0,"gold_gain":0,"player_choice":"Grow","damage_taken":0,"max_hp_gain":0,"max_hp_loss":0,"event_name":"Living Wall","floor":2,"gold_loss":0,"cards_upgraded":["Combust"]},{"cards_removed":["Strike_R"],"damage_healed":0,"gold_gain":0,"player_choice":"Card Removal","damage_taken":0,"max_hp_gain":0,"max_hp_loss":0,"event_name":"Wheel of Change","floor":3,"gold_loss":0},{"damage_healed":0,"gold_gain":270,"player_choice":"GOLD GOLD GOLD ","damage_taken":27,"max_hp_gain":0,"max_hp_loss":0,"event_name":"Knowing Skull","floor":25,"potions_obtained":[],"gold_loss":0,"cards_obtained":[]},{"damage_healed":0,"gold_gain":0,"player_choice":"Max HP","damage_taken":0,"max_hp_gain":0,"max_hp_loss":4,"event_name":"Winding Halls","floor":37,"gold_loss":0},{"damage_healed":0,"gold_gain":0,"player_choice":"Fight","damage_taken":0,"max_hp_gain":0,"max_hp_loss":0,"event_name":"MindBloom","floor":38,"gold_loss":0},{"damage_healed":0,"gold_gain":0,"player_choice":"Fight","damage_taken":0,"max_hp_gain":0,"max_hp_loss":0,"event_name":"Mysterious Sphere","floor":39,"gold_loss":0}],"is_beta":false,"boss_relics":[{"not_picked":["Cursed Key","Runic Cube"],"picked":"Busted Crown"},{"not_picked":["Tiny House","Coffee Dripper"],"picked":"Runic Pyramid"}],"items_purged_floors":[],"is_endless":false,"potions_floor_spawned":[10,13,14,20,24,28,30,31,33,36,40,42,46,54],"ascension_level":1}}