{"host":"63sioh49uueqzogg","time":1607876561,"event":{"mods":["BaseMod","Card Forge","Colored Map","Colored Powertips","Minty Spire (QoL Compilation)","StSLib","The Animator"],"gold_per_floor":[122,140,166,177,197,197,227,239,251,438,477,115,17,17,17,22,22],"floor_reached":16,"playtime":671,"items_purged":["Doubt"],"score":149,"play_id":"4aaae6b4-d778-4940-8887-2537e1d7cbd3","local_time":"20201213082241","is_ascension_mode":true,"campfire_choices":[{"data":"animator:Yoichi","floor":6,"key":"SMITH"},{"data":"animator:Mikaela","floor":8,"key":"SMITH"},{"floor":15,"key":"RECALL"}],"circlet_count":0,"master_deck":["animator:Strike_OwariNoSeraph","animator:Defend_OwariNoSeraph","animator:Shinoa","animator:Mikaela+1","animator:Shigure","animator:YaoHaDucy","animator:Yoichi+1","animator:Strike_NoGameNoLife","animator:Strike_GATE","animator:Strike_Kancolle","animator:Defend_NoGameNoLife","animator:Defend_TenSura","animator:Defend_MadokaMagica"],"relics":["animator:LivingPicture","animator:TheMissingPiece","Hammer of Thor","Seething Fire","Anvil of the Gods","NeowsBlessing","MawBank","Matryoshka","CloakClasp","Lee\u0027s Waffle","PreservedInsect"],"acts_visited":["Exordium"],"potions_floor_usage":[11,11,16],"damage_taken":[{"damage":0,"enemies":"2 Louse","floor":1,"turns":1},{"damage":0,"enemies":"Jaw Worm","floor":2,"turns":1},{"damage":0,"enemies":"Small Slimes","floor":3,"turns":1},{"damage":2,"enemies":"2 Fungi Beasts","floor":4,"turns":4},{"damage":14,"enemies":"3 Louse","floor":5,"turns":4},{"damage":40,"enemies":"Gremlin Nob","floor":7,"turns":5},{"damage":15,"enemies":"3 Sentries","floor":11,"turns":10},{"damage":0,"enemies":"Hexaghost","floor":16,"turns":5}],"seed_played":"3106250875174659732","potions_obtained":[{"floor":3,"key":"Block Potion"},{"floor":5,"key":"FairyPotion"},{"floor":7,"key":"EntropicBrew"}],"is_trial":false,"path_per_floor":["M","M","M","M","M","R","E","R","T","?","E","$","?","$","R","B"],"character_chosen":"THE_ANIMATOR","items_purchased":["Lee\u0027s Waffle","PreservedInsect"],"campfire_rested":0,"item_purchase_floors":[12,12],"current_hp_per_floor":[59,59,59,58,44,44,4,4,4,4,15,74,74,74,74,74,74],"gold":22,"neow_bonus":"THREE_ENEMY_KILL","is_daily":false,"chose_seed":false,"campfire_upgraded":2,"win_rate":0.0,"timestamp":1607876561,"path_taken":["M","M","M","M","M","R","E","R","T","?","E","?","?","$","R","BOSS"],"items_purchased_type":["Relic","Relic"],"build_version":"2020-11-30","purchased_purges":1,"victory":false,"max_hp_per_floor":[66,66,66,67,67,67,67,67,67,67,67,74,74,74,74,74,74],"card_choices":[{"not_picked":["animator:TukaLunaMarceau","animator:Shichika"],"picked":"animator:Shigure","floor":1},{"not_picked":["animator:LizardPriest","animator:HighElfArcher","animator:MetalKnight"],"picked":"SKIP","floor":2},{"not_picked":["animator:Tatsumaki","animator:Azekura"],"picked":"animator:YaoHaDucy","floor":3},{"not_picked":["animator:Mikaela","animator:Shigure"],"picked":"animator:Yoichi","floor":4},{"not_picked":["animator:Melzalgald","animator:Tatsumaki","animator:Sonic"],"picked":"SKIP","floor":5},{"not_picked":["animator:Sebas","animator:NarberalGamma","animator:Demiurge"],"picked":"SKIP","floor":7},{"not_picked":["animator:MamiTomoe","animator:Witch","animator:Cocytus"],"picked":"SKIP","floor":11}],"player_experience":558539,"relics_obtained":[{"floor":7,"key":"MawBank"},{"floor":9,"key":"Matryoshka"},{"floor":11,"key":"CloakClasp"}],"event_choices":[{"damage_healed":0,"gold_gain":175,"player_choice":"AGREE","damage_taken":0,"max_hp_gain":0,"max_hp_loss":0,"event_name":"Liars Game","floor":10,"gold_loss":0,"cards_obtained":["Doubt"]}],"is_beta":false,"boss_relics":[],"items_purged_floors":[12],"is_endless":false,"potions_floor_spawned":[3,5,7],"killed_by":"Hexaghost","ascension_level":7}}