{"host":"coame8l8goqx0svj","time":1607899674,"event":{"mods":["BaseMod","Downfall","Minty Spire (QoL Compilation)","StSLib"],"gold_per_floor":[99,99,134,234,234,266,266,293,293,218,235,235,65,84,95,196,196,121,136,136,153,168,168,168,199,124,154,169,26,42,42,60,60,60],"floor_reached":33,"playtime":2367,"items_purged":["champ:GladiatorsShout","champ:BerserkerStyle+1"],"score":378,"play_id":"6846554b-1403-46b7-9b20-c395230c5ef2","local_time":"20201213234754","is_ascension_mode":false,"campfire_choices":[{"data":"champ:Taunt","floor":1,"key":"SMITH"},{"floor":10,"key":"RECALL"},{"data":"champ:ShieldWall","floor":18,"key":"SMITH"},{"data":"champ:SkillfulDodge","floor":20,"key":"SMITH"},{"data":"champ:SkillfulDodge","floor":23,"key":"SMITH"},{"floor":26,"key":"REST"}],"circlet_count":0,"master_deck":["champ:Strike","champ:Strike","champ:Defend","champ:Defend","champ:Defend","champ:Defend","champ:Execute","champ:RisingSlash","champ:StanceDance","champ:Circumvent","champ:SkillfulDodge+1","champ:ShieldWall+1","champ:ArenaPreparation","champ:SkillfulDodge+1","champ:TornadoPunch","champ:FocusedDefense","champ:ShieldSlam","champ:FaceSlap+1","champ:CalledShot+1","champ:DefensiveShout+1","champ:VampiricStrike","champ:DefensiveStyle"],"relics":["champ:ChampionCrown","downfall:HeartsMalice","Anchor","Mercury Hourglass","Mango","MealTicket","PreservedInsect","downfall:HeartBlessingGreen","Smiling Mask","Astrolabe","downfall:HeartBlessingRed","Toy Ornithopter","downfall:HeartBlessingBlue","Orichalcum"],"acts_visited":["Exordium","TheCity"],"potions_floor_usage":[21,25,27,28,32,33],"damage_taken":[{"damage":0,"enemies":"Cultist","floor":2,"turns":1},{"damage":0,"enemies":"3 Sentries","floor":3,"turns":1},{"damage":0,"enemies":"Gremlin Nob","floor":6,"turns":1},{"damage":40,"enemies":"Lagavulin","floor":8,"turns":6},{"damage":5,"enemies":"Small Slimes","floor":11,"turns":3},{"damage":10,"enemies":"downfall:FleeingMerchant","floor":13,"turns":4},{"damage":0,"enemies":"Jaw Worm","floor":14,"turns":2},{"damage":14,"enemies":"Blue Slaver","floor":15,"turns":4},{"damage":16,"enemies":"downfall:Silent","floor":16,"turns":11},{"damage":5,"enemies":"Chosen","floor":19,"turns":5},{"damage":6,"enemies":"3 Byrds","floor":21,"turns":3},{"damage":37,"enemies":"Snecko","floor":22,"turns":5},{"damage":61,"enemies":"Gremlin Leader","floor":25,"turns":8},{"damage":59,"enemies":"Slavers","floor":27,"turns":5},{"damage":29,"enemies":"Cultist and Chosen","floor":28,"turns":5},{"damage":17,"enemies":"downfall:FleeingMerchant","floor":29,"turns":4},{"damage":29,"enemies":"Shelled Parasite and Fungi","floor":30,"turns":6},{"damage":12,"enemies":"Centurion and Healer","floor":32,"turns":7},{"damage":58,"enemies":"downfall:Watcher","floor":33,"turns":4}],"seed_played":"3089862119479384845","potions_obtained":[{"floor":3,"key":"FearPotion"},{"floor":6,"key":"Strength Potion"},{"floor":11,"key":"champ:CounterPotion"},{"floor":14,"key":"champ:TechniquePotion"},{"floor":16,"key":"Explosive Potion"},{"floor":27,"key":"AttackPotion"},{"floor":30,"key":"DuplicationPotion"},{"floor":32,"key":"BlessingOfTheForge"}],"is_trial":false,"path_per_floor":["R","M","E","?","?","E","T","E","T","R","M","?","$","M","M","B",null,"R","M","R","M","M","R","T","E","R","E","M","$","M","?","M","B"],"character_chosen":"THE_CHAMP","items_purchased":["champ:ArenaPreparation","champ:SkillfulDodge","champ:DefensiveStyle"],"campfire_rested":1,"item_purchase_floors":[13,13,29],"current_hp_per_floor":[90,90,90,90,90,90,104,69,69,69,69,51,66,66,57,46,104,104,104,104,103,91,91,91,35,79,25,26,32,8,8,25,0,0],"gold":60,"neow_bonus":"THREE_ENEMY_KILL","is_daily":false,"chose_seed":false,"campfire_upgraded":4,"win_rate":0.0,"timestamp":1607899674,"path_taken":["R","?","E","?","?","E","T","E","?","R","?","?","$","M","M","BOSS","R","M","R","M","M","R","T","E","R","E","M","$","M","?","M","BOSS"],"items_purchased_type":["Card","Card","Card"],"build_version":"2020-11-30","purchased_purges":2,"victory":false,"max_hp_per_floor":[90,90,90,90,90,90,104,104,104,104,104,104,104,104,104,104,104,104,104,104,104,104,104,104,104,114,114,114,114,114,114,114,114,114],"card_choices":[{"not_picked":["champ:Haymaker","champ:CrookedStrike"],"picked":"champ:RisingSlash","floor":2},{"not_picked":["champ:Riposte","champ:Backstep"],"picked":"champ:GladiatorsShout","floor":3},{"not_picked":["champ:HeartStrike","champ:Encircle"],"picked":"champ:StanceDance","floor":6},{"not_picked":["champ:FightOn","champ:AdrenalArmor"],"picked":"champ:Circumvent","floor":8},{"not_picked":["champ:GladiatorsShout","champ:FocusedDefense"],"picked":"champ:SkillfulDodge","floor":11},{"not_picked":["champ:Devastate","champ:Duel"],"picked":"champ:ShieldWall","floor":13},{"not_picked":["champ:BladeFlurry","champ:BerserkersShout"],"picked":"champ:TornadoPunch","floor":14},{"not_picked":["champ:FocusedBerserking","champ:CrookedStrike"],"picked":"champ:FocusedDefense","floor":15},{"not_picked":["champ:StrikeOfGenius","champ:HoldFirm"],"picked":"champ:ShieldSlam","floor":16},{"not_picked":["champ:FanOfKnives","champ:TornadoPunch","champ:BerserkersShout"],"picked":"SKIP","floor":19},{"not_picked":["champ:FlashCut","champ:Haymaker","champ:FaceSlap"],"picked":"SKIP","floor":21},{"not_picked":["champ:PerfectedStrike","champ:Encircle","champ:Haymaker"],"picked":"SKIP","floor":22},{"not_picked":["champ:Encircle+1","champ:DancingMaster"],"picked":"champ:DefensiveShout+1","floor":25},{"not_picked":["champ:ArenaPreparation","champ:FanOfKnives","champ:FlashCut+1"],"picked":"SKIP","floor":27},{"not_picked":["champ:FlashCut","champ:BerserkerStyle","champ:BerserkersShout+1"],"picked":"SKIP","floor":28},{"not_picked":["champ:BringItOn","champ:StanceDance"],"picked":"champ:VampiricStrike","floor":29},{"not_picked":["champ:TornadoPunch","champ:BringItOn+1","champ:PreciseThrust"],"picked":"SKIP","floor":30},{"not_picked":["champ:Haymaker","champ:BringItOn+1","champ:FocusedGladiator+1"],"picked":"SKIP","floor":32}],"player_experience":1585762,"relics_obtained":[{"floor":3,"key":"Anchor"},{"floor":6,"key":"Mercury Hourglass"},{"floor":7,"key":"Mango"},{"floor":8,"key":"MealTicket"},{"floor":9,"key":"PreservedInsect"},{"floor":25,"key":"Toy Ornithopter"},{"floor":27,"key":"Orichalcum"}],"event_choices":[{"damage_healed":0,"gold_gain":0,"player_choice":"Success","damage_taken":18,"relics_obtained":["Smiling Mask"],"max_hp_gain":0,"max_hp_loss":0,"event_name":"Scrap Ooze","floor":12,"gold_loss":0}],"is_beta":false,"boss_relics":[{"not_picked":["Runic Dome","Velvet Choker"],"picked":"Astrolabe"}],"items_purged_floors":[13,29],"is_endless":false,"potions_floor_spawned":[3,6,11,14,16,19,27,30,32],"killed_by":"downfall:Watcher","ascension_level":0}}