{"host":"i4eavuqabbk5mi94","time":1607868105,"event":{"mods":["BaseMod","Googly Eyes","Minty Spire (QoL Compilation)"],"gold_per_floor":[110,123,135,153,133,149,159,171,171,171,183,183,203,236,236,335,335,353,353,371,296,296,296,328,3,3,33,43,59,23,58,58,58,58],"floor_reached":33,"playtime":1708,"items_purged":["Defend_G"],"score":395,"play_id":"f477eb0c-cd97-4f12-b220-0ddd60f1d926","local_time":"20201213140145","is_ascension_mode":true,"campfire_choices":[{"data":"Blade Dance","floor":10,"key":"SMITH"},{"data":"Terror","floor":12,"key":"SMITH"},{"floor":15,"key":"REST"},{"floor":23,"key":"REST"},{"data":"After Image","floor":32,"key":"SMITH"}],"circlet_count":0,"master_deck":["Strike_G","Strike_G","Strike_G","Strike_G","Defend_G","Defend_G","Defend_G","Survivor","Neutralize","Caltrops","Terror+1","Poisoned Stab","Blade Dance+1","Crippling Poison","Quick Slash","Backflip","Underhanded Strike","Bouncing Flask","Accuracy","After Image+1","Adrenaline","Noxious Fumes+1","Ghostly","Ghostly","Ghostly","Ghostly","Ghostly","Outmaneuver+1","Cloak And Dagger+1","Noxious Fumes","Blade Dance","Dash+1","Accuracy"],"relics":["Ring of the Snake","Dead Branch","Nunchaku","HoveringKite","InkBottle","Letter Opener","Molten Egg 2","Du-Vu Doll","Pear"],"acts_visited":["Exordium","TheCity"],"potions_floor_usage":[3,6,11,14,16,18,27,31,33],"damage_taken":[{"damage":4,"enemies":"Small Slimes","floor":1,"turns":3},{"damage":3,"enemies":"Cultist","floor":2,"turns":3},{"damage":0,"enemies":"2 Louse","floor":3,"turns":1},{"damage":3,"enemies":"Looter","floor":4,"turns":2},{"damage":4,"enemies":"Large Slime","floor":6,"turns":2},{"damage":0,"enemies":"Exordium Wildlife","floor":7,"turns":5},{"damage":13,"enemies":"Blue Slaver","floor":8,"turns":4},{"damage":0,"enemies":"Looter","floor":11,"turns":2},{"damage":3,"enemies":"2 Fungi Beasts","floor":13,"turns":4},{"damage":10,"enemies":"Gremlin Nob","floor":14,"turns":3},{"damage":14,"enemies":"Slime Boss","floor":16,"turns":8},{"damage":25,"enemies":"2 Thieves","floor":18,"turns":2},{"damage":2,"enemies":"Spheric Guardian","floor":20,"turns":5},{"damage":1,"enemies":"Slavers","floor":24,"turns":6},{"damage":0,"enemies":"Gremlin Leader","floor":27,"turns":2},{"damage":6,"enemies":"Centurion and Healer","floor":28,"turns":4},{"damage":3,"enemies":"Snake Plant","floor":29,"turns":4},{"damage":2,"enemies":"Slavers","floor":31,"turns":6},{"damage":43,"enemies":"Collector","floor":33,"turns":7}],"seed_played":"3167276521234912067","potions_obtained":[{"floor":1,"key":"Explosive Potion"},{"floor":5,"key":"ColorlessPotion"},{"floor":6,"key":"BlessingOfTheForge"},{"floor":8,"key":"GamblersBrew"},{"floor":13,"key":"BlessingOfTheForge"},{"floor":14,"key":"Dexterity Potion"},{"floor":18,"key":"SneckoOil"},{"floor":24,"key":"Energy Potion"},{"floor":28,"key":"LiquidMemories"},{"floor":29,"key":"FearPotion"}],"is_trial":false,"path_per_floor":["M","M","M","M","?","M","M","M","T","R","M","R","M","E","R","B",null,"M","?","M","?","?","R","E","$","T","E","M","M","$","E","R","B"],"character_chosen":"THE_SILENT","items_purchased":["Letter Opener","Accuracy"],"campfire_rested":2,"item_purchase_floors":[25,30],"current_hp_per_floor":[66,63,63,60,60,56,56,43,43,43,43,43,40,30,51,37,70,45,35,33,33,29,40,39,39,39,39,33,30,30,38,38,0,0],"gold":58,"neow_bonus":"TRANSFORM_TWO_CARDS","is_daily":false,"chose_seed":false,"campfire_upgraded":3,"win_rate":0.0,"timestamp":1607868105,"path_taken":["M","M","M","M","?","M","M","?","T","R","M","R","?","E","R","BOSS","M","?","M","?","?","R","E","$","T","E","M","M","$","E","R","BOSS"],"items_purchased_type":["Relic","Card"],"build_version":"2020-11-30","purchased_purges":1,"victory":false,"max_hp_per_floor":[70,70,70,70,70,70,70,70,70,70,70,70,70,70,70,70,70,70,35,35,35,40,40,40,40,40,40,40,40,40,50,50,50,50],"card_choices":[{"not_picked":["Bouncing Flask","Cloak And Dagger"],"picked":"Poisoned Stab","floor":1},{"not_picked":["Distraction","Infinite Blades"],"picked":"Blade Dance","floor":2},{"not_picked":["Sucker Punch","Backflip"],"picked":"Crippling Poison","floor":3},{"not_picked":["Blade Dance","Acrobatics"],"picked":"Quick Slash","floor":4},{"not_picked":["Acrobatics","PiercingWail"],"picked":"Backflip","floor":6},{"not_picked":["Backstab","Dagger Spray"],"picked":"Underhanded Strike","floor":7},{"not_picked":["Skewer","Malaise"],"picked":"Bouncing Flask","floor":8},{"not_picked":["Acrobatics","Eviscerate","Deadly Poison"],"picked":"SKIP","floor":11},{"not_picked":["Backstab","Bane"],"picked":"Accuracy","floor":13},{"not_picked":["Choke","Accuracy"],"picked":"After Image","floor":14},{"not_picked":["A Thousand Cuts","Night Terror"],"picked":"Adrenaline","floor":16},{"not_picked":["Blade Dance","Underhanded Strike"],"picked":"Noxious Fumes+1","floor":18},{"not_picked":["Bane","Dash+1"],"picked":"Outmaneuver+1","floor":20},{"not_picked":["Bullet Time","Poisoned Stab"],"picked":"Cloak And Dagger+1","floor":24},{"not_picked":["Cloak And Dagger","Glass Knife+1"],"picked":"Noxious Fumes","floor":27},{"not_picked":["Backflip+1","Dodge and Roll"],"picked":"Blade Dance","floor":28},{"not_picked":["Backflip","Sucker Punch+1"],"picked":"Dash+1","floor":29},{"not_picked":["Quick Slash+1","Outmaneuver","Deflect"],"picked":"SKIP","floor":31}],"player_experience":325181,"relics_obtained":[{"floor":9,"key":"Dead Branch"},{"floor":14,"key":"Nunchaku"},{"floor":24,"key":"InkBottle"},{"floor":26,"key":"Molten Egg 2"},{"floor":27,"key":"Du-Vu Doll"},{"floor":31,"key":"Pear"}],"event_choices":[{"damage_healed":0,"gold_gain":0,"player_choice":"Bought 1 Potion","damage_taken":0,"max_hp_gain":0,"max_hp_loss":0,"event_name":"The Woman in Blue","floor":5,"gold_loss":0},{"damage_healed":0,"gold_gain":0,"player_choice":"Became a Ghost","damage_taken":0,"max_hp_gain":0,"max_hp_loss":35,"event_name":"Ghosts","floor":19,"gold_loss":0,"cards_obtained":["Ghostly","Ghostly","Ghostly","Ghostly","Ghostly"]},{"cards_removed":["Regret"],"damage_healed":0,"gold_gain":0,"player_choice":"Gave Gold","damage_taken":0,"max_hp_gain":0,"max_hp_loss":0,"event_name":"Beggar","floor":21,"gold_loss":75},{"damage_healed":0,"gold_gain":0,"player_choice":"Shed Blood","damage_taken":9,"max_hp_gain":5,"max_hp_loss":0,"event_name":"Forgotten Altar","floor":22,"gold_loss":0}],"is_beta":false,"boss_relics":[{"not_picked":["Philosopher\u0027s Stone","Pandora\u0027s Box"],"picked":"HoveringKite"}],"items_purged_floors":[25],"is_endless":false,"potions_floor_spawned":[1,6,8,13,14,18,24,28,29],"killed_by":"Collector","ascension_level":2}}