{"host":"wprg2kxo540uzszc","time":1607879924,"event":{"mods":["BaseMod","Bestiary","Better Third Choice","BetterRewards","CapriCore","Conspire","Custom Start","Emptier Cage","Energized Spire","Minty Spire (QoL Compilation)","Permanent Neow","Relic Stats","Shop Mod","Spicy Shops","StSLib","The Servant 0.9.4","Transform Curses","Uncapped"],"gold_per_floor":[119,119,92,92,108,108,127,127,154,179,193,204,204,204,204,306,306,290,290,4,16,27,27,27,27,50,50,60,60,60,60],"floor_reached":30,"playtime":2722,"items_purged":["Shame"],"score":228,"play_id":"93da28f8-4b31-40c7-8f92-9dd92a5bc5c3","local_time":"20201213121844","is_ascension_mode":false,"campfire_choices":[{"data":"GearUp","floor":6.0,"key":"SMITH"},{"floor":8.0,"key":"REST"},{"data":"Read","floor":15.0,"key":"SMITH"},{"data":"DualDimension","floor":23.0,"key":"SMITH"},{"data":"Duplication","floor":24.0,"key":"SMITH"},{"floor":25.0,"key":"REST"},{"data":"Solidify","floor":27.0,"key":"SMITH"}],"circlet_count":0,"master_deck":["Strike_S","Strike_S","Strike_S","Defend_S","Defend_S+1","Defend_S","Defend_S","KidneyShot","Exchange","FastForward+1","GearUp+1","Spin","Solidify+1","SilverBlades","Read+1","Luminosity","Duplication+1","FastForward","SurpressingFire","Defy","Spin","Defy","DualDimension+1","Writhe","WasteNot+1"],"relics":["energizedSpire:NeverEndingSparkler","betterThird:SlimedRelic","Pen Nib","conspire:GiftBox","Cursed Key","WingedGreaves","Dream Catcher"],"acts_visited":["Exordium","TheCity"],"potions_floor_usage":[30,30],"damage_taken":[{"damage":8.0,"enemies":"2 Louse","floor":1.0,"turns":5.0},{"damage":0.0,"enemies":"conspire:RoseBush","floor":5.0,"turns":3.0},{"damage":0.0,"enemies":"Small Slimes","floor":7.0,"turns":4.0},{"damage":10.0,"enemies":"3 Sentries","floor":10.0,"turns":6.0},{"damage":4.0,"enemies":"Exordium Thugs","floor":11.0,"turns":3.0},{"damage":0.0,"enemies":"Large Slime","floor":12.0,"turns":5.0},{"damage":26.0,"enemies":"Slime Boss","floor":16.0,"turns":19.0},{"damage":32.0,"enemies":"2 Thieves","floor":18.0,"turns":4.0},{"damage":0.0,"enemies":"conspire:FuzzyDice","floor":21.0,"turns":17.0},{"damage":0.0,"enemies":"Snake Plant","floor":22.0,"turns":7.0},{"damage":5.0,"enemies":"Shelled Parasite and Fungi","floor":28.0,"turns":9.0},{"damage":19.0,"enemies":"Colosseum Slavers","floor":29.0,"turns":6.0},{"damage":46,"enemies":"Cultist and Chosen","floor":30,"turns":7}],"seed_played":"-4082721178630800063","potions_obtained":[{"floor":4.0,"key":"PowerPotion"},{"floor":4.0,"key":"conspire:TimeTravelPotion"},{"floor":4.0,"key":"Regen Potion"},{"floor":5.0,"key":"CultistPotion"},{"floor":10.0,"key":"SneckoOil"},{"floor":21.0,"key":"Explosive Potion"},{"floor":28.0,"key":"AttackPotion"}],"is_trial":false,"path_per_floor":["M","?","?","?","M","R","M","R","T","E","M","M","?","?","R","B",null,"M","?","$","M","M","R","R","R","T","R","M","?","M"],"character_chosen":"THE_SERVANT","items_purchased":["SurpressingFire","Defy","Spin"],"campfire_rested":2,"item_purchase_floors":[20,20,20],"current_hp_per_floor":[57,44,33,33,33,33,33,52,52,56,52,52,52,45,45,19,65,33,33,33,33,33,33,33,52,52,52,47,28,0,0],"gold":60,"neow_bonus":"BOSS_RELIC","is_daily":false,"chose_seed":false,"campfire_upgraded":5,"win_rate":0.0,"timestamp":1607879924,"path_taken":["M","?","?","?","?","R","M","R","T","E","M","M","?","?","R","BOSS","M","?","$","M","M","R","R","R","T","R","M","?","M"],"items_purchased_type":["Card","Card","Card"],"build_version":"2020-11-30","purchased_purges":1,"victory":false,"max_hp_per_floor":[65,65,65,65,65,65,65,65,65,65,65,65,65,65,65,65,65,65,65,65,65,65,65,65,65,65,65,65,65,65,65],"relic_stats":{"Dream Catcher":0,"counters":[13,95],"Pen Nib":[11],"Cursed Key":1,"obtain_stats":[{"conspire:GiftBox":10,"Dream Catcher":26,"energizedSpire:NeverEndingSparkler":0,"betterThird:SlimedRelic":3,"Pen Nib":9,"WingedGreaves":19,"Uniform":0,"Cursed Key":17},{"conspire:GiftBox":4,"Dream Catcher":10,"energizedSpire:NeverEndingSparkler":0,"betterThird:SlimedRelic":1,"Pen Nib":3,"WingedGreaves":8,"Uniform":0,"Cursed Key":7},{"conspire:GiftBox":18,"Dream Catcher":73,"energizedSpire:NeverEndingSparkler":0,"betterThird:SlimedRelic":5,"Pen Nib":12,"WingedGreaves":49,"Uniform":0,"Cursed Key":45}]},"card_choices":[{"not_picked":["Replace","BottledTime"],"picked":"FastForward","floor":1.0},{"not_picked":["DualDimension","Moondial"],"picked":"GearUp","floor":5.0},{"not_picked":["Replace","ShatteredReality"],"picked":"Spin","floor":7.0},{"not_picked":["ForgedInTime","SoulSculpture"],"picked":"Solidify","floor":10.0},{"not_picked":["BottledTime","Revamp"],"picked":"SilverBlades","floor":10.0},{"not_picked":["ShatteredReality","Replace"],"picked":"Read","floor":11.0},{"not_picked":["Manipulate","TimeWarp"],"picked":"Luminosity","floor":12.0},{"not_picked":["FloweringNight","Sunlight"],"picked":"Duplication","floor":16.0},{"not_picked":["Starlight","DoubleEdge+1"],"picked":"FastForward","floor":18.0},{"not_picked":["DoubleEdge","Rearm"],"picked":"Defy","floor":21.0},{"not_picked":["ShatteredReality","Spin"],"picked":"DualDimension","floor":22.0},{"not_picked":["Foresight","Starlight"],"picked":"WasteNot+1","floor":28.0}],"player_experience":130619,"relics_obtained":[{"floor":9.0,"key":"Pen Nib"},{"floor":10.0,"key":"conspire:GiftBox"},{"floor":26.0,"key":"Dream Catcher"}],"event_choices":[{"damage_healed":57.0,"max_hp_gain":0.0,"max_hp_loss":65.0,"gold_gain":0.0,"event_name":"betterThird:BetterShining","player_choice":"Upgrade","floor":2.0,"gold_loss":0.0,"damage_taken":13.0,"cards_upgraded":["FastForward","Defend_S"]},{"damage_healed":0.0,"max_hp_gain":0.0,"max_hp_loss":0.0,"gold_gain":0.0,"event_name":"betterThird:BetterGoop","player_choice":"Slimed","floor":3.0,"gold_loss":27.0,"damage_taken":11.0},{"damage_healed":0.0,"max_hp_gain":0.0,"max_hp_loss":0.0,"gold_gain":0.0,"event_name":"Lab","player_choice":"Got Potions","floor":4.0,"gold_loss":0.0,"damage_taken":0.0},{"damage_healed":0.0,"max_hp_gain":0.0,"max_hp_loss":0.0,"gold_gain":0.0,"event_name":"conspire:LoneGhost","player_choice":"Disagree","floor":13.0,"gold_loss":0.0,"damage_taken":0.0},{"cards_removed":["Strike_S"],"damage_healed":0.0,"max_hp_gain":0.0,"max_hp_loss":0.0,"gold_gain":0.0,"event_name":"Golden Wing","player_choice":"Card Removal","floor":14.0,"gold_loss":0.0,"damage_taken":7.0},{"damage_healed":0.0,"max_hp_gain":0.0,"max_hp_loss":0.0,"gold_gain":0.0,"event_name":"Addict","player_choice":"Stole Relic","floor":19.0,"gold_loss":0.0,"damage_taken":0.0,"relics_obtained":["WingedGreaves"],"cards_obtained":["Shame"]},{"damage_healed":0.0,"max_hp_gain":0.0,"max_hp_loss":0.0,"gold_gain":0.0,"event_name":"Colosseum","player_choice":"Fight","floor":29.0,"gold_loss":0.0,"damage_taken":0.0},{"damage_healed":0.0,"max_hp_gain":0.0,"max_hp_loss":0.0,"gold_gain":0.0,"event_name":"Colosseum","player_choice":"Fled From Nobs","floor":29.0,"gold_loss":0.0,"damage_taken":0.0}],"is_beta":false,"boss_relics":[{"not_picked":["conspire:RoyalGoblet","Busted Crown"],"picked":"Cursed Key"}],"items_purged_floors":[20],"is_endless":false,"potions_floor_spawned":[5,7,10,21,28,29],"killed_by":"Cultist and Chosen","ascension_level":0}}