{"host":"reretk0dz0kj8f1n","time":1607877482,"event":{"mods":["BaseMod","Lobotomy","Minty Spire (QoL Compilation)","StSLib"],"gold_per_floor":[117,192,142,142,158,184,194,226,253,273,273,290,320,332,332,427,427,437,294,306,306,317,347,359,359,359,376,376,34,66,84,84,187,187,202,215,228,228,228,259,273,300,360,406,433,495,523,535,547,559],"floor_reached":51,"playtime":3988,"items_purged":["Strike_G"],"score":992,"play_id":"3b46cf70-fcb1-4815-9ad4-da1baf68e445","local_time":"20201214013802","is_ascension_mode":true,"campfire_choices":[{"floor":11,"key":"REST"},{"data":"Calculated Gamble","floor":15,"key":"SMITH"},{"data":"After Image","floor":25,"key":"SMITH"},{"data":"Acrobatics","floor":28,"key":"SMITH"},{"data":"Prepared","floor":32,"key":"SMITH"},{"data":"Adrenaline","floor":49,"key":"SMITH"}],"circlet_count":0,"master_deck":["Strike_G","Strike_G","Strike_G","Defend_G","Defend_G","Defend_G","Defend_G","Survivor","Neutralize","MHz","Calculated Gamble+1","Backflip","Backflip","VoidDream","PiercingWail","Acrobatics+1","Choke+1","Expertise+1","After Image+1","Tactician","Acrobatics+1","OSAHOGD","QueenOfHatred","Panache","Prepared+1","Terror","A Thousand Cuts","Acrobatics+1","Expertise","Adrenaline+1","Noxious Fumes","Alriune","Tactician+1","Madness","Madness","Acrobatics+1","After Image","Noxious Fumes","A Thousand Cuts","Panache"],"relics":["Ring of the Snake","CogitoBucket","RabbitCall","Ancient Tea Set","Anchor","Regal Pillow","Omamori","TreeSap","Boot","Coffee Dripper","AspirationHeart","Whetstone","AdjustmentMirror","AtMidnight","Orrery","Letter Opener","Black Star","Vajra","InkBottle","MawBank","Bag of Marbles","Strawberry","Gambling Chip","MealTicket","Du-Vu Doll"],"acts_visited":["Exordium","TheCity","TheBeyond"],"potions_floor_usage":[7,8,13,16,50,51,51],"damage_taken":[{"damage":0,"enemies":"Small Slimes","floor":1,"turns":4},{"damage":0,"enemies":"2 Louse","floor":5,"turns":2},{"damage":0,"enemies":"Lagavulin","floor":6,"turns":4},{"damage":4,"enemies":"Cultist","floor":7,"turns":3},{"damage":43,"enemies":"Gremlin Nob","floor":8,"turns":5},{"damage":23,"enemies":"Lots of Slimes","floor":10,"turns":10},{"damage":10,"enemies":"Exordium Thugs","floor":12,"turns":4},{"damage":23,"enemies":"Lagavulin","floor":13,"turns":13},{"damage":0,"enemies":"Gremlin Gang","floor":14,"turns":8},{"damage":129,"enemies":"Hexaghost","floor":16,"turns":22},{"damage":16,"enemies":"Shell Parasite","floor":18,"turns":7},{"damage":0,"enemies":"Chosen","floor":20,"turns":6},{"damage":17,"enemies":"Sentry and Sphere","floor":22,"turns":7},{"damage":13,"enemies":"Gremlin Leader","floor":23,"turns":10},{"damage":4,"enemies":"Snecko","floor":24,"turns":8},{"damage":0,"enemies":"Shelled Parasite and Fungi","floor":27,"turns":9},{"damage":9,"enemies":"Book of Stabbing","floor":30,"turns":4},{"damage":0,"enemies":"Snake Plant","floor":31,"turns":4},{"damage":24,"enemies":"Champ","floor":33,"turns":9},{"damage":0,"enemies":"3 Shapes","floor":35,"turns":1},{"damage":0,"enemies":"Orb Walker","floor":36,"turns":3},{"damage":11,"enemies":"Transient","floor":37,"turns":5},{"damage":0,"enemies":"Giant Head","floor":40,"turns":5},{"damage":0,"enemies":"Spire Growth","floor":41,"turns":3},{"damage":2,"enemies":"Nemesis","floor":42,"turns":5},{"damage":6,"enemies":"Reptomancer","floor":44,"turns":4},{"damage":2,"enemies":"Writhing Mass","floor":45,"turns":3},{"damage":0,"enemies":"2 Orb Walkers","floor":46,"turns":4},{"damage":0,"enemies":"Sphere and 2 Shapes","floor":47,"turns":3},{"damage":33,"enemies":"Time Eater","floor":50,"turns":6},{"damage":236,"enemies":"Malkuth","floor":51,"turns":16},{"damage":56,"enemies":"Hod","floor":51,"turns":8},{"damage":56,"enemies":"Geburah","floor":51,"turns":9},{"damage":16,"enemies":"Binah","floor":51,"turns":4},{"damage":136,"enemies":"Angela","floor":51,"turns":10}],"seed_played":"-4047608885094669718","potions_obtained":[{"floor":1,"key":"CunningPotion"},{"floor":6,"key":"SkillPotion"},{"floor":7,"key":"Fruit Juice"},{"floor":12,"key":"PowerPotion"},{"floor":14,"key":"BlessingOfTheForge"},{"floor":23,"key":"EssenceOfSteel"},{"floor":30,"key":"BlessingOfTheForge"},{"floor":33,"key":"FearPotion"},{"floor":45,"key":"ColorlessPotion"},{"floor":47,"key":"ColorlessPotion"}],"is_trial":false,"path_per_floor":["M","?","?","?","M","E","M","E","T","M","R","M","E","M","R","B",null,"M","$","M","?","M","E","M","R","T","M","R","$","E","M","R","B",null,"M","M","M","?","?","E","M","E","T","E","M","?","M","?","R","B",null],"character_chosen":"THE_SILENT","items_purchased":["After Image","Panache","Orrery"],"campfire_rested":1,"item_purchase_floors":[19,29,29],"current_hp_per_floor":[70,59,59,59,59,59,60,17,17,24,61,51,49,49,49,48,75,69,69,69,69,52,39,35,35,35,35,35,35,32,44,44,50,85,85,85,74,63,63,81,85,83,90,92,90,92,92,82,82,61],"gold":571,"neow_bonus":"","is_daily":false,"chose_seed":false,"campfire_upgraded":5,"win_rate":0.0,"timestamp":1607877482,"path_taken":["M","?","?","?","M","E","M","E","T","M","R","M","E","M","R","BOSS","M","$","M","?","M","E","?","R","T","M","R","$","E","M","R","BOSS","M","M","M","?","?","E","M","E","T","E","M","?","M","?","R","BOSS"],"items_purchased_type":["Card","Card","Relic"],"build_version":"2020-11-30","purchased_purges":1,"victory":true,"max_hp_per_floor":[70,70,70,70,70,70,75,75,75,75,75,75,75,75,75,75,75,85,85,85,85,85,85,85,85,85,85,85,85,85,85,85,85,85,85,85,85,85,85,85,85,85,92,92,92,92,92,92,92,92],"card_choices":[{"not_picked":["DespairKnight","WallGazer"],"picked":"MHz","floor":1},{"not_picked":["Underhanded Strike","Escape Plan"],"picked":"Calculated Gamble","floor":1},{"not_picked":["DespairKnight","VoidDream","Scorched"],"picked":"Singing Bowl","floor":5},{"not_picked":["Blur","Slice","Flying Knee"],"picked":"SKIP","floor":5},{"not_picked":["Murderer","UniverseFragment","Wellcheers"],"picked":"Singing Bowl","floor":6},{"not_picked":["Quick Slash","Sucker Punch","Dodge and Roll"],"picked":"SKIP","floor":6},{"not_picked":["GreedKing","OSAHOGD","Murderer"],"picked":"Singing Bowl","floor":7},{"not_picked":["Underhanded Strike","Deadly Poison"],"picked":"Backflip","floor":7},{"not_picked":["RedShoes","QueenBee","DespairKnight"],"picked":"Singing Bowl","floor":8},{"not_picked":["Mercenary","QueenBee"],"picked":"CherryBlossoms","floor":8},{"not_picked":["Choke","Crippling Poison"],"picked":"Backflip","floor":8},{"not_picked":["Bloodbath","PunishingBird","HappyTeddy"],"picked":"Singing Bowl","floor":10},{"not_picked":["ShyLook","Variant"],"picked":"VoidDream","floor":10},{"not_picked":["Slice","Flying Knee","Cloak And Dagger"],"picked":"SKIP","floor":10},{"not_picked":["CherryBlossoms","WallGazer","FieryBird"],"picked":"Singing Bowl","floor":12},{"not_picked":["Deadly Poison","Dagger Throw"],"picked":"PiercingWail","floor":12},{"not_picked":["Variant","SpiderBud","Wellcheers"],"picked":"Singing Bowl","floor":13},{"not_picked":["Endless Agony","Flechettes"],"picked":"Acrobatics","floor":13},{"not_picked":["CherryBlossoms","Murderer","SnowQueen"],"picked":"Singing Bowl","floor":14},{"not_picked":["Deflect","Blur"],"picked":"Choke","floor":14},{"not_picked":["PunishingBird","Mercenary","SnowQueen"],"picked":"Singing Bowl","floor":16},{"not_picked":["Bullet Time","Glass Knife"],"picked":"Die Die Die","floor":16},{"not_picked":["QueenOfHatred","ShyLook","Wellcheers"],"picked":"Singing Bowl","floor":18},{"not_picked":["Dodge and Roll","Dagger Throw"],"picked":"Expertise+1","floor":18},{"not_picked":["GalaxyChild","Yin","FairyFestival"],"picked":"Singing Bowl","floor":20},{"not_picked":["Eviscerate","Dodge and Roll"],"picked":"Tactician","floor":20},{"not_picked":["WallGazer","ShyLook","CrumblingArmor"],"picked":"Singing Bowl","floor":22},{"not_picked":["Endless Agony","Poisoned Stab"],"picked":"Acrobatics+1","floor":22},{"not_picked":["LittlePrince","SingingMachine","WhiteNight"],"picked":"Singing Bowl","floor":23},{"not_picked":["Flechettes","Deadly Poison+1","Endless Agony+1"],"picked":"SKIP","floor":23},{"not_picked":["UniverseFragment","OSAHOGD","ShyLook"],"picked":"Singing Bowl","floor":24},{"not_picked":["Laetitia","Wellcheers"],"picked":"OSAHOGD","floor":24},{"not_picked":["Caltrops","Bane","Poisoned Stab+1"],"picked":"SKIP","floor":24},{"not_picked":["Wellcheers","LaLuna","BlackSwan"],"picked":"Singing Bowl","floor":27},{"not_picked":["UniverseFragment","ShyLook"],"picked":"QueenOfHatred","floor":27},{"not_picked":["Bane","Cloak And Dagger","Blade Dance"],"picked":"SKIP","floor":27},{"not_picked":["Expertise","Dagger Throw+1"],"picked":"Prepared","floor":29},{"not_picked":["Dodge and Roll","Caltrops"],"picked":"Terror","floor":29},{"not_picked":["Bane+1","Deflect"],"picked":"A Thousand Cuts","floor":29},{"not_picked":["Deadly Poison","Dagger Spray"],"picked":"Acrobatics+1","floor":29},{"not_picked":["GalaxyChild","Alriune","CherryBlossoms"],"picked":"Singing Bowl","floor":30},{"not_picked":["Flechettes","Glass Knife"],"picked":"Expertise","floor":30},{"not_picked":["UniverseFragment","OldLady","SpiderBud"],"picked":"Singing Bowl","floor":31},{"not_picked":["Eviscerate","Bane","Deadly Poison"],"picked":"SKIP","floor":31},{"not_picked":["Laetitia","SilentOrchestra","HeroicMonk"],"picked":"Singing Bowl","floor":33},{"not_picked":["Night Terror","Wraith Form v2"],"picked":"Adrenaline","floor":33},{"not_picked":["LittlePrince","LittleHelper","Rudolta"],"picked":"Singing Bowl","floor":35},{"not_picked":["Blur+1","Heel Hook"],"picked":"Noxious Fumes","floor":35},{"not_picked":["WallGazer","CrumblingArmor"],"picked":"Alriune","floor":36},{"not_picked":["Bouncing Flask","All Out Attack+1","Crippling Poison+1"],"picked":"SKIP","floor":36},{"not_picked":["BigBird","Rudolta","Yin"],"picked":"Singing Bowl","floor":37},{"not_picked":["Poisoned Stab","Quick Slash+1"],"picked":"Tactician+1","floor":37},{"not_picked":["MeltingLove","LaLuna","WhiteNight"],"picked":"Singing Bowl","floor":40},{"not_picked":["Infinite Blades","Outmaneuver"],"picked":"Acrobatics+1","floor":40},{"not_picked":["OldLady","Laetitia","LaLuna"],"picked":"Singing Bowl","floor":41},{"not_picked":["Dash+1","Bane","Dagger Spray"],"picked":"SKIP","floor":41},{"not_picked":["Murderer","HappyTeddy","GreedKing"],"picked":"Singing Bowl","floor":42},{"not_picked":["Poisoned Stab+1","Acrobatics+1"],"picked":"After Image","floor":42},{"not_picked":["Porccubus","RedShoes","WhitesApple"],"picked":"Singing Bowl","floor":44},{"not_picked":["Deadly Poison","Sucker Punch+1","Outmaneuver+1"],"picked":"SKIP","floor":44},{"not_picked":["LittlePrince","HappyTeddy","CENSORED"],"picked":"Singing Bowl","floor":45},{"not_picked":["Dodge and Roll","Poisoned Stab+1"],"picked":"Noxious Fumes","floor":45},{"not_picked":["Freischutz","GreedKing","SilentOrchestra"],"picked":"Singing Bowl","floor":46},{"not_picked":["Slice+1","Flying Knee+1"],"picked":"A Thousand Cuts","floor":46},{"not_picked":["LittleHelper","CENSORED","Scarecrow"],"picked":"Singing Bowl","floor":47},{"not_picked":["Underhanded Strike+1","Distraction+1","Sucker Punch"],"picked":"SKIP","floor":47},{"not_picked":["Impatience","Mind Blast"],"picked":"Panache","floor":48}],"player_experience":214230,"relics_obtained":[{"floor":6,"key":"Anchor"},{"floor":8,"key":"Regal Pillow"},{"floor":9,"key":"Omamori"},{"floor":13,"key":"Boot"},{"floor":26,"key":"Whetstone"},{"floor":27,"key":"AtMidnight"},{"floor":30,"key":"Letter Opener"},{"floor":40,"key":"Vajra"},{"floor":40,"key":"InkBottle"},{"floor":42,"key":"MawBank"},{"floor":42,"key":"Bag of Marbles"},{"floor":43,"key":"Strawberry"},{"floor":44,"key":"Gambling Chip"},{"floor":44,"key":"MealTicket"},{"floor":46,"key":"Du-Vu Doll"}],"event_choices":[{"damage_healed":0,"gold_gain":75,"player_choice":"Gather Gold","damage_taken":11,"max_hp_gain":0,"max_hp_loss":0,"event_name":"World of Goop","floor":2,"gold_loss":0},{"cards_removed":["Defend_G"],"damage_healed":0,"gold_gain":0,"player_choice":"Card Removal","damage_taken":0,"max_hp_gain":0,"max_hp_loss":0,"event_name":"The Cleric","floor":3,"gold_loss":50},{"damage_healed":0,"gold_gain":0,"player_choice":"Gave Potion","damage_taken":0,"relics_obtained":["Ancient Tea Set"],"max_hp_gain":0,"max_hp_loss":0,"event_name":"WeMeetAgain","floor":4,"gold_loss":0},{"cards_removed":["Strike_G"],"damage_healed":0,"gold_gain":0,"player_choice":"Offered Basic","damage_taken":0,"max_hp_gain":0,"max_hp_loss":0,"event_name":"Bonfire Elementals","floor":21,"gold_loss":0},{"damage_healed":0,"gold_gain":0,"player_choice":"Embrace Madness","damage_taken":11,"max_hp_gain":0,"max_hp_loss":0,"event_name":"Winding Halls","floor":38,"gold_loss":0,"cards_obtained":["Madness","Madness"]},{"cards_removed":["Die Die Die"],"damage_healed":0,"gold_gain":0,"player_choice":"Removed Attack","damage_taken":0,"max_hp_gain":0,"max_hp_loss":0,"event_name":"Falling","floor":39,"gold_loss":0},{"damage_healed":0,"gold_gain":0,"player_choice":"Fight","damage_taken":0,"max_hp_gain":0,"max_hp_loss":0,"event_name":"Mysterious Sphere","floor":46,"gold_loss":0},{"damage_healed":0,"gold_gain":0,"player_choice":"Memory 3","damage_taken":10,"max_hp_gain":0,"max_hp_loss":0,"event_name":"SensoryStone","floor":48,"gold_loss":0}],"is_beta":false,"boss_relics":[{"not_picked":["Philosopher\u0027s Stone","Snecko Eye"],"picked":"Coffee Dripper"},{"not_picked":["Fusion Hammer","Velvet Choker"],"picked":"Black Star"}],"items_purged_floors":[19],"is_endless":false,"potions_floor_spawned":[1,6,7,12,14,23,30,33,41,45,46,47],"ascension_level":1}}