{"host":"q9718omregw4er46","time":1607884414,"event":{"mods":["BaseMod","Bestiary","Colored Powertips","Custom Start","Highlight Path","Minty Spire (QoL Compilation)","Practice Mode","Quick Restart","Relic Stats"],"gold_per_floor":[110,110,110,54,129,160,160,177,203,214,214,214,214,226,226,226,226],"floor_reached":16,"playtime":278,"items_purged":[],"score":240,"play_id":"d47edcfc-636a-43c8-a6fc-43b4ef2d8897","local_time":"20201213233334","is_ascension_mode":true,"campfire_choices":[{"data":"Capacitor","floor":7,"key":"SMITH"},{"data":"Creative AI","floor":11,"key":"SMITH"},{"data":"Self Repair","floor":13,"key":"SMITH"},{"data":"Sweeping Beam","floor":15,"key":"SMITH"}],"circlet_count":0,"master_deck":["AscendersBane","Strike_B","Strike_B","Strike_B","Defend_B","Defend_B","Defend_B","Defend_B","Zap","Dualcast","Self Repair+1","Sweeping Beam+1","Capacitor+1","Creative AI+1"],"relics":["Cracked Core","NeowsBlessing","Kunai","Toy Ornithopter"],"acts_visited":["Exordium"],"potions_floor_usage":[16],"damage_taken":[{"damage":0,"enemies":"2 Louse","floor":1,"turns":1},{"damage":0,"enemies":"Lagavulin","floor":6,"turns":1},{"damage":0,"enemies":"Small Slimes","floor":8,"turns":1},{"damage":4,"enemies":"Jaw Worm","floor":10,"turns":5},{"damage":12,"enemies":"Looter","floor":14,"turns":3},{"damage":57,"enemies":"Slime Boss","floor":16,"turns":9}],"seed_played":"-5197301460637606707","potions_obtained":[{"floor":1,"key":"BlessingOfTheForge"},{"floor":6,"key":"FocusPotion"}],"is_trial":false,"path_per_floor":["M","$","?","$","?","E","R","M","T","M","R","?","R","M","R","B"],"character_chosen":"DEFECT","items_purchased":["Sweeping Beam"],"campfire_rested":0,"item_purchase_floors":[4],"current_hp_per_floor":[64,64,57,57,46,46,46,46,46,49,49,54,54,52,52,0,0],"gold":226,"neow_bonus":"THREE_ENEMY_KILL","is_daily":false,"chose_seed":false,"campfire_upgraded":4,"win_rate":0.0,"timestamp":1607884414,"path_taken":["M","$","?","$","?","E","R","?","T","M","R","?","R","M","R","BOSS"],"items_purchased_type":["Card"],"build_version":"2020-11-30","purchased_purges":0,"victory":false,"max_hp_per_floor":[71,71,71,71,71,71,71,71,71,71,71,76,76,76,76,76,76],"relic_stats":{"counters":[6,20],"Kunai":[0],"obtain_stats":[{"NeowsBlessing":0,"Kunai":6,"Cracked Core":0,"Toy Ornithopter":9},{"NeowsBlessing":0,"Kunai":2,"Cracked Core":0,"Toy Ornithopter":3},{"NeowsBlessing":0,"Kunai":2,"Cracked Core":0,"Toy Ornithopter":3}],"Toy Ornithopter":5},"card_choices":[{"not_picked":["Redo","Reprogram"],"picked":"Self Repair","floor":1},{"not_picked":["Reprogram","Darkness"],"picked":"Capacitor","floor":6},{"not_picked":["Skim","Coolheaded","Leap"],"picked":"SKIP","floor":8},{"not_picked":["Leap","Sweeping Beam"],"picked":"Creative AI","floor":10},{"not_picked":["Redo","Compile Driver","Undo"],"picked":"SKIP","floor":14}],"player_experience":1004234,"relics_obtained":[{"floor":6,"key":"Kunai"},{"floor":9,"key":"Toy Ornithopter"}],"event_choices":[{"cards_removed":["Strike_B"],"damage_healed":0,"gold_gain":0,"player_choice":"Card Removal","damage_taken":7,"max_hp_gain":0,"max_hp_loss":0,"event_name":"Golden Wing","floor":3,"gold_loss":0},{"damage_healed":0,"gold_gain":75,"player_choice":"Gather Gold","damage_taken":11,"max_hp_gain":0,"max_hp_loss":0,"event_name":"World of Goop","floor":5,"gold_loss":0},{"damage_healed":0,"gold_gain":0,"player_choice":"Donut","damage_taken":0,"max_hp_gain":5,"max_hp_loss":0,"event_name":"Big Fish","floor":12,"gold_loss":0}],"is_beta":false,"boss_relics":[],"items_purged_floors":[],"is_endless":false,"potions_floor_spawned":[1,6,10],"killed_by":"Slime Boss","ascension_level":19}}