{"host":"r40cn8c2kv7g6k3i","time":1607829150,"event":{"mods":["Act Like it!","BaseMod","Colored Powertips","Downfall","Gensokyo","Hallownest","KinomotoSakuraMod(ƒæ÷Æ±æ”£)","KomeijiMod","Marisa£®ÏF”Í°°ƒß¿Ì…≥£©","Minty Spire (QoL Compilation)","Onozuka Komachi Mod","Prisma Mod","Reimu£®≤©¿ˆ¡È√Œ£©","Remilia£®¿Ÿ√◊¿Ú—«£©","Replay The Spire","Shop Mod","Spicy Shops","StSLib","The Alterego","UnlockEverythingMod","WarShipGirlsR/’ΩΩ¢…Ÿ≈ÆR mod","Youmu£®ªÍ∆«—˝√Œ£©"],"gold_per_floor":[111,77,77,47,62,62,77,112,112,112,129,143,163,40,40,40,40],"floor_reached":16,"playtime":4212,"items_purged":[],"score":102,"play_id":"03d77520-43c6-41c5-97fe-cd9ce7e92a39","local_time":"20201213111230","is_ascension_mode":false,"campfire_choices":[{"data":"alterego_mod:Swimsuit","floor":6,"key":"SMITH"},{"floor":10,"key":"REST"},{"floor":15,"key":"REST"}],"circlet_count":0,"master_deck":["alterego_mod:Strike","alterego_mod:Strike","alterego_mod:Strike","alterego_mod:Strike","alterego_mod:Defend","alterego_mod:Defend","alterego_mod:Defend","alterego_mod:Defend","alterego_mod:Impale","alterego_mod:BigMeatyClaws","alterego_mod:BrynhildrsRune","alterego_mod:Bounce","alterego_mod:Punishment","alterego_mod:Punishment","alterego_mod:Birthday","alterego_mod:Exercise","alterego_mod:Swimsuit+1","alterego_mod:1TonWallop","alterego_mod:GachaTicket","alterego_mod:DeftHands","alterego_mod:Collar","alterego_mod:Clones","alterego_mod:Nekomimi","alterego_mod:DiscoLights","hexamod:Haunted","alterego_mod:Nekomimi+1","alterego_mod:RidiculouslyBig"],"relics":["alterego_mod:MasochisticConstitution","NeowsBlessing","Gensokyo:NagashiBinaDoll","Shuriken","Potion Belt","ReplayTheSpireMod:CursedCoin","MealTicket"],"acts_visited":["Gensokyo:Gensokyo"],"potions_floor_usage":[12],"damage_taken":[{"damage":0,"enemies":"Gensokyo:2_Kodama","floor":1,"turns":1},{"damage":0,"enemies":"Gensokyo:3_Fairies","floor":5,"turns":2},{"damage":0,"enemies":"Gensokyo:Python","floor":7,"turns":1},{"damage":45,"enemies":"Gensokyo:Aya","floor":8,"turns":6},{"damage":17,"enemies":"Gensokyo:Gryphon_and_Rabbit","floor":11,"turns":3},{"damage":34,"enemies":"Gensokyo:3_Kodama","floor":12,"turns":4},{"damage":15,"enemies":"Gensokyo:2_Rabbits","floor":13,"turns":4},{"damage":34,"enemies":"Gensokyo:Kokoro","floor":16,"turns":7}],"seed_played":"2438872267138137095","potions_obtained":[{"floor":1,"key":"CalmPotion"},{"floor":5,"key":"Regen Potion"},{"floor":8,"key":"Energy Potion"}],"is_trial":false,"path_per_floor":["M","$","?","?","M","R","M","E","T","R","M","M","M","$","R","B"],"character_chosen":"The_Alterego","items_purchased":["alterego_mod:Punishment","ReplayTheSpireMod:CursedCoin","alterego_mod:Nekomimi+1","MealTicket","alterego_mod:RidiculouslyBig"],"campfire_rested":2,"item_purchase_floors":[2,14,14,14,14],"current_hp_per_floor":[70,70,70,70,70,70,70,28,28,49,35,16,9,9,31,0,0],"gold":40,"neow_bonus":"THREE_ENEMY_KILL","is_daily":false,"chose_seed":false,"campfire_upgraded":1,"win_rate":0.0,"timestamp":1607829150,"path_taken":["M","$","?","?","?","R","M","E","T","R","M","M","M","$","R","BOSS"],"items_purchased_type":["Card","Relic","Card","Relic","Card"],"build_version":"2020-11-30","purchased_purges":0,"victory":false,"max_hp_per_floor":[70,70,70,70,70,70,70,71,71,71,72,73,74,74,74,74,74],"card_choices":[{"not_picked":["alterego_mod:Bloomers","alterego_mod:Bunnysuit"],"picked":"alterego_mod:Bounce","floor":1},{"not_picked":[],"picked":"alterego_mod:Birthday","floor":4},{"not_picked":[],"picked":"alterego_mod:Exercise","floor":4},{"not_picked":[],"picked":"alterego_mod:Swimsuit","floor":4},{"not_picked":[],"picked":"alterego_mod:1TonWallop","floor":4},{"not_picked":["alterego_mod:GoddessCore","alterego_mod:PerceptionDisorder"],"picked":"alterego_mod:GachaTicket","floor":5},{"not_picked":["alterego_mod:Rip","alterego_mod:Bounce"],"picked":"alterego_mod:DeftHands","floor":7},{"not_picked":["alterego_mod:BoobPocket","alterego_mod:ClassAdvantage"],"picked":"alterego_mod:Collar","floor":8},{"not_picked":["alterego_mod:Bloomers","alterego_mod:Complex"],"picked":"alterego_mod:Clones","floor":11},{"not_picked":["alterego_mod:Bloomers","alterego_mod:Schoolgirl"],"picked":"alterego_mod:Nekomimi","floor":12},{"not_picked":["alterego_mod:BusterCard","alterego_mod:Bloomers"],"picked":"alterego_mod:DiscoLights","floor":13}],"player_experience":105188,"relics_obtained":[{"floor":8,"key":"Shuriken"},{"floor":9,"key":"Potion Belt"}],"event_choices":[],"is_beta":false,"boss_relics":[],"items_purged_floors":[],"is_endless":false,"potions_floor_spawned":[1,5,8],"killed_by":"Gensokyo:Kokoro","ascension_level":0}}