{"host":"q9718omregw4er46","time":1607880135,"event":{"mods":["BaseMod","Bestiary","Colored Powertips","Custom Start","Highlight Path","Minty Spire (QoL Compilation)","Practice Mode","Quick Restart","Relic Stats"],"gold_per_floor":[369,369,22,32,51,51,70,70,94,94,94,94],"floor_reached":11,"playtime":247,"items_purged":[],"score":123,"play_id":"ce41ae29-54a0-4547-a94d-61b9b3bc873a","local_time":"20201213222215","is_ascension_mode":true,"campfire_choices":[{"floor":6,"key":"REST"},{"floor":8,"key":"REST"},{"data":"Zap","floor":10,"key":"SMITH"}],"circlet_count":0,"master_deck":["AscendersBane","Strike_B","Strike_B","Strike_B","Strike_B+1","Defend_B","Defend_B","Defend_B","Defend_B","Zap+1","Dualcast","Capacitor","Compile Driver","Ball Lightning+1"],"relics":["Cracked Core","Toy Ornithopter","Torii","Whetstone"],"acts_visited":["Exordium"],"potions_floor_usage":[],"damage_taken":[{"damage":3,"enemies":"2 Louse","floor":1,"turns":3},{"damage":7,"enemies":"Jaw Worm","floor":4,"turns":5},{"damage":1,"enemies":"Small Slimes","floor":5,"turns":3},{"damage":24,"enemies":"3 Louse","floor":7,"turns":4},{"damage":36,"enemies":"Gremlin Nob","floor":11,"turns":3}],"seed_played":"-2821108280745636373","potions_obtained":[{"floor":7,"key":"EssenceOfDarkness"}],"is_trial":false,"path_per_floor":["M","?","$","M","M","R","M","R","T","R","E"],"character_chosen":"DEFECT","items_purchased":["Torii"],"campfire_rested":2,"item_purchase_floors":[3],"current_hp_per_floor":[61,16,16,9,8,27,3,22,22,22,0,0],"gold":94,"neow_bonus":"TWO_FIFTY_GOLD","is_daily":false,"chose_seed":false,"campfire_upgraded":1,"win_rate":0.0,"timestamp":1607880135,"path_taken":["M","?","$","M","M","R","M","R","T","R","E"],"items_purchased_type":["Relic"],"build_version":"2020-11-30","purchased_purges":0,"victory":false,"max_hp_per_floor":[64,64,64,64,64,64,64,64,64,64,64,64],"relic_stats":{"Torii":4,"counters":[5,18],"Whetstone":["Strike_B","Ball Lightning"],"obtain_stats":[{"Torii":3,"Whetstone":9,"Cracked Core":0,"Toy Ornithopter":2},{"Torii":1,"Whetstone":4,"Cracked Core":0,"Toy Ornithopter":1},{"Torii":3,"Whetstone":15,"Cracked Core":0,"Toy Ornithopter":3}],"Toy Ornithopter":0},"card_choices":[{"not_picked":["Hologram","Sunder"],"picked":"Capacitor","floor":1},{"not_picked":["Loop","Storm"],"picked":"Compile Driver","floor":4},{"not_picked":["Leap","Force Field"],"picked":"Ball Lightning","floor":5},{"not_picked":["Hologram","Chaos","Coolheaded"],"picked":"SKIP","floor":7}],"player_experience":1000148,"relics_obtained":[{"floor":9,"key":"Whetstone"}],"event_choices":[{"damage_healed":0,"gold_gain":0,"player_choice":"Success","damage_taken":45,"relics_obtained":["Toy Ornithopter"],"max_hp_gain":0,"max_hp_loss":0,"event_name":"Scrap Ooze","floor":2,"gold_loss":0}],"is_beta":false,"boss_relics":[],"items_purged_floors":[],"is_endless":false,"potions_floor_spawned":[7],"killed_by":"Gremlin Nob","ascension_level":19}}