{"host":"k88fqnqg39joo1wf","time":1607822975,"event":{"mods":["Act Like it!","BaseMod","Colored Powertips","Downfall","Highlight Path","Hubris","Infinite Spire","Mimic Mod","Minty Spire (QoL Compilation)","Pale of the Ancients","StSLib","Wandering Minibosses"],"gold_per_floor":[199,209,209,102,27,37,86,86,119,44,64,64,77,283,293,293,293],"floor_reached":16,"playtime":772,"items_purged":[],"score":105,"play_id":"37cf1f65-2ed6-4680-a8b4-38230dc86743","local_time":"20201212192935","is_ascension_mode":true,"campfire_choices":[{"data":"hexamod:Float","floor":1,"key":"SMITH"},{"floor":3,"key":"RECALL"},{"data":"Enlightenment","floor":5,"key":"SMITH"},{"data":"hexamod:HeatMetal","floor":10,"key":"SMITH"}],"circlet_count":0,"master_deck":["hexamod:Strike","hexamod:Strike","hexamod:Strike","hexamod:Strike","hexamod:Defend","hexamod:Defend","hexamod:Defend","hexamod:Defend","hexamod:Sear","hexamod:Float+1","hexamod:ThermalTransfer","hexamod:Incineration+1","Enlightenment+1","hexamod:HeatMetal+1","hexamod:Firestarter","hexamod:ChargedBarrage","hexamod:DynamicBlow","hexamod:RadiantFlame","hexamod:Incineration"],"relics":["hexamod:SpiritBrand","downfall:HeartBlessingRed","hubris:DisguiseKit","downfall:HeartBlessingBlue","Dream Catcher"],"acts_visited":["Exordium"],"potions_floor_usage":[14],"damage_taken":[{"damage":7,"enemies":"infinitespire:Voidling","floor":2,"turns":3},{"damage":4,"enemies":"downfall:FleeingMerchant","floor":4,"turns":4},{"damage":0,"enemies":"Cultist","floor":6,"turns":3},{"damage":2,"enemies":"Gremlin Nob","floor":9,"turns":3},{"damage":2,"enemies":"Small Slimes","floor":11,"turns":2},{"damage":13,"enemies":"2 Fungi Beasts","floor":13,"turns":3},{"damage":17,"enemies":"downfall:FleeingMerchant","floor":14,"turns":10},{"damage":1,"enemies":"Blue Slaver","floor":15,"turns":2},{"damage":34,"enemies":"downfall:Defect","floor":16,"turns":4}],"seed_played":"-5023859421328456452","potions_obtained":[{"floor":2,"key":"SkillPotion"},{"floor":6,"key":"DuplicationPotion"},{"floor":13,"key":"Fire Potion"}],"is_trial":false,"path_per_floor":["R","M","R","$","R","M","T","?","E","R","M","T","M","$","M","B"],"character_chosen":"THE_SPIRIT","items_purchased":["Enlightenment","hexamod:RadiantFlame","hexamod:Incineration"],"campfire_rested":0,"item_purchase_floors":[4,14,14],"current_hp_per_floor":[70,63,63,59,59,59,59,59,57,67,65,65,52,35,34,0,0],"gold":293,"neow_bonus":"HUNDRED_GOLD","is_daily":false,"chose_seed":false,"campfire_upgraded":3,"win_rate":0.0,"timestamp":1607822975,"path_taken":["R","?","R","?","R","M","T","?","E","R","M","?","M","$","M","BOSS"],"items_purchased_type":["Card","Card","Card"],"build_version":"2020-11-30","purchased_purges":0,"victory":false,"max_hp_per_floor":[70,70,70,70,70,70,70,70,70,80,80,80,80,80,80,80,80],"card_choices":[{"not_picked":["hexamod:SwordOfDarkness","hexamod:InspiringFlames"],"picked":"hexamod:ThermalTransfer","floor":2},{"not_picked":["hexamod:BurningTouch","hexamod:GhostOfSpireFuture"],"picked":"hexamod:Incineration","floor":4},{"not_picked":["hexamod:Hexaguard","hexamod:GhostOfSpirePast","hexamod:NightmareGuise"],"picked":"SKIP","floor":6},{"not_picked":["hexamod:TimeOfNeed","hexamod:ShieldOfDarkness"],"picked":"hexamod:HeatMetal","floor":9},{"not_picked":["hexamod:GhostOfSpirePast","hexamod:Hexaguard","Slimebound:SlimeBrawl"],"picked":"hexamod:Firestarter","floor":11},{"not_picked":["hexamod:InspiringFlames","hexamod:HauntingEcho","Slimebound:SlimeTap"],"picked":"hexamod:ChargedBarrage","floor":13},{"not_picked":["hexamod:GhostOfSpireFuture","hexamod:ShieldOfDarkness","Slimebound:Nibble"],"picked":"hexamod:DynamicBlow","floor":14},{"not_picked":["hexamod:Rewind","hexamod:CatchUp","hexamod:BacktrackSmack","Slimebound:Recollect"],"picked":"SKIP","floor":15}],"player_experience":234202,"relics_obtained":[{"floor":9,"key":"hubris:DisguiseKit"},{"floor":12,"key":"Dream Catcher"}],"event_choices":[{"damage_healed":0,"gold_gain":0,"player_choice":"Grow","damage_taken":0,"max_hp_gain":0,"max_hp_loss":0,"event_name":"Living Wall","floor":8,"gold_loss":0,"cards_upgraded":["hexamod:Incineration"]}],"is_beta":false,"boss_relics":[],"items_purged_floors":[],"is_endless":false,"potions_floor_spawned":[2,6,13],"killed_by":"downfall:Defect","ascension_level":1}}