{"host":"046f94hp0svsg0ce","time":1607825958,"event":{"mods":["Act Like it!","Astrologer","BaseMod","Beaked The Cultist","Better Third Choice","Colored Map","Colored Powertips","Hermit","Highlight Path","Mad Scientist","Marisa????????","Minty Spire (QoL Compilation)","Quick Restart","Rare Cards Sparkle","Relic Stats","Remilia??????","Somnambulant","StSLib","The Clintock","The Construct","The Disciple","The Exalted","The Forsaken","The Hierophant","The Necromancer","The Runesmith","The Servant 0.9.4","The Valiant"],"gold_per_floor":[115,115,125,18,36,36,61,80,80,105,105,124,152,166,166,266,266,293,322,6,17,32,8,8,39,89,89,89,89,117,117,117,245,245,245],"floor_reached":34,"playtime":4553,"items_purged":[],"score":419,"play_id":"8a167bed-0f8a-40da-99db-4af348540197","local_time":"20201213031918","is_ascension_mode":false,"campfire_choices":[{"data":"FairyDestructionRay","floor":6.0,"key":"SMITH"},{"floor":11.0,"key":"REST"},{"data":"PowerUp","floor":15.0,"key":"SMITH"},{"floor":24.0,"key":"REST"},{"floor":27.0,"key":"REST"},{"floor":29.0,"key":"RECALL"},{"floor":32.0,"key":"REST"}],"circlet_count":1,"master_deck":["Strike_MRS","Strike_MRS","Strike_MRS","Strike_MRS","Defend_MRS","Defend_MRS","Defend_MRS","Defend_MRS","MasterSpark","UpSweep","6A","FairyDestructionRay+1","Mind Blast","IllusionStar+1","MagicAbsorber","MaximisePower","FinalSpark","AsteroidBelt+1","AlicesGift","PowerUp+1","MillisecondPulsars","StarBarrage+1","OrrerysSun","Apotheosis","DeepEcoloBomb","SprinkleStarSeal+1","IllusionStar","DC","NonDirectionalLaser+1","StarDustReverie"],"relics":["MiniHakkero","Boot","Smiling Mask","Du-Vu Doll","Circlet","Toolbox","War Paint","Tiny Chest","Lizard Tail"],"acts_visited":[],"potions_floor_usage":[],"damage_taken":[{"damage":10.0,"enemies":"Small Slimes","floor":1.0,"turns":4.0},{"damage":0.0,"enemies":"Cultist","floor":3.0,"turns":3.0},{"damage":0.0,"enemies":"2 Louse","floor":5.0,"turns":1.0},{"damage":6.0,"enemies":"Gremlin Nob","floor":7.0,"turns":3.0},{"damage":12.0,"enemies":"Exordium Thugs","floor":8.0,"turns":5.0},{"damage":18.0,"enemies":"Lagavulin","floor":10.0,"turns":6.0},{"damage":6.0,"enemies":"3 Louse","floor":12.0,"turns":2.0},{"damage":4.0,"enemies":"Gremlin Nob","floor":13.0,"turns":4.0},{"damage":8.0,"enemies":"Red Slaver","floor":14.0,"turns":2.0},{"damage":1.0,"enemies":"Slime Boss","floor":16.0,"turns":8.0},{"damage":24.0,"enemies":"2 Thieves","floor":18.0,"turns":4.0},{"damage":14.0,"enemies":"Shell Parasite","floor":19.0,"turns":5.0},{"damage":17.0,"enemies":"Snecko","floor":21.0,"turns":4.0},{"damage":8.0,"enemies":"3 Cultists","floor":22.0,"turns":4.0},{"damage":23.0,"enemies":"Book of Stabbing","floor":25.0,"turns":5.0},{"damage":15.0,"enemies":"Cultist and Chosen","floor":30.0,"turns":4.0},{"damage":0.0,"enemies":"Shelled Parasite and Fungi","floor":31.0,"turns":1.0},{"damage":47.0,"enemies":"Automaton","floor":33.0,"turns":8.0}],"seed_played":"-4852304562599267739","potions_obtained":[{"floor":2.0,"key":"Block Potion"},{"floor":2.0,"key":"Block Potion"},{"floor":2.0,"key":"BottledSpark"},{"floor":7.0,"key":"ShroomBrew"},{"floor":12.0,"key":"Fruit Juice"},{"floor":13.0,"key":"LiquidMemories"},{"floor":14.0,"key":"Ancient Potion"},{"floor":18.0,"key":"SmokeBomb"},{"floor":19.0,"key":"DistilledChaos"},{"floor":22.0,"key":"Dexterity Potion"},{"floor":25.0,"key":"SpeedPotion"},{"floor":30.0,"key":"BlessingOfTheForge"},{"floor":33.0,"key":"AttackPotion"}],"is_trial":false,"path_per_floor":["M","?","M","$","M","R","E","M","T","E","R","M","E","M","R","B",null,"M","M","$","M","M","$","R","E","T","R","T","R","M","M","R","B",null],"character_chosen":"MARISA","items_purchased":["Mind Blast","IllusionStar","Toolbox","Apotheosis","IllusionStar"],"campfire_rested":4,"item_purchase_floors":[4,4,20,20,23],"current_hp_per_floor":[72,72,72,72,72,72,66,54,54,36,60,59,55,47,47,46,87,63,49,49,32,24,24,50,27,27,53,53,53,38,38,64,17,17,17],"gold":245,"neow_bonus":"TEN_PERCENT_HP_BONUS","is_daily":false,"chose_seed":false,"campfire_upgraded":2,"win_rate":0.0,"timestamp":1607825958,"path_taken":["M","?","M","$","M","R","E","?","T","E","R","M","E","M","R","BOSS","M","M","$","?","M","?","R","E","T","R","?","R","M","M","R","BOSS"],"items_purchased_type":["Card","Card","Relic","Card","Card"],"build_version":"2020-11-30","purchased_purges":0,"victory":false,"max_hp_per_floor":[82,82,82,82,82,82,82,82,82,82,82,87,87,87,87,87,87,87,87,87,87,87,87,87,87,87,87,87,87,87,87,87,87,87,87],"relic_stats":{"Lizard Tail":0,"counters":[0,0],"Tiny Chest":0,"War Paint":[],"Boot":[0],"Smiling Mask":0,"obtain_stats":[{"Du-Vu Doll":0,"Lizard Tail":0,"Circlet":0,"Toolbox":0,"Tiny Chest":0,"MiniHakkero":0,"War Paint":0,"Boot":0,"Smiling Mask":0},{"Du-Vu Doll":0,"Lizard Tail":0,"Circlet":0,"Toolbox":0,"Tiny Chest":0,"MiniHakkero":0,"War Paint":0,"Boot":0,"Smiling Mask":0},{"Du-Vu Doll":0,"Lizard Tail":0,"Circlet":0,"Toolbox":0,"Tiny Chest":0,"MiniHakkero":0,"War Paint":0,"Boot":0,"Smiling Mask":0}]},"card_choices":[{"not_picked":["GravityBeat","Acceleration"],"picked":"6A","floor":1.0},{"not_picked":["IllusionStar","MysteriousBeam"],"picked":"FairyDestructionRay","floor":3.0},{"not_picked":["MysteriousBeam","GalacticHalo"],"picked":"MagicAbsorber","floor":5.0},{"not_picked":["GravityBeat","Acceleration","GrandCross"],"picked":"SKIP","floor":7.0},{"not_picked":["GravityBeat","6A"],"picked":"MaximisePower","floor":8.0},{"not_picked":["AsteroidBelt","AlicesGift"],"picked":"FinalSpark","floor":10.0},{"not_picked":["Acceleration","MagicAbsorber"],"picked":"AsteroidBelt","floor":12.0},{"not_picked":["GravityBeat","LuminesStrike"],"picked":"AlicesGift","floor":13.0},{"not_picked":["StarlightTyphoon","GravityBeat"],"picked":"PowerUp","floor":14.0},{"not_picked":["SatelliteIllusion","BinaryStars"],"picked":"MillisecondPulsars","floor":16.0},{"not_picked":["WitchLeyline","MilkyWay"],"picked":"StarBarrage+1","floor":18.0},{"not_picked":["Acceleration","DoubleSpark"],"picked":"OrrerysSun","floor":19.0},{"not_picked":["WitchLeyline+1","Acceleration"],"picked":"DeepEcoloBomb","floor":21.0},{"not_picked":["WitchOfGreed","CasketOfStar"],"picked":"SprinkleStarSeal+1","floor":22.0},{"not_picked":["IllusionStar","GrandCross"],"picked":"DC","floor":25.0},{"not_picked":["LuminesStrike","6A+1"],"picked":"NonDirectionalLaser+1","floor":30.0},{"not_picked":["JA","BigCrunch"],"picked":"StarDustReverie","floor":33.0}],"player_experience":1593111,"relics_obtained":[{"floor":7.0,"key":"Boot"},{"floor":10.0,"key":"Smiling Mask"},{"floor":13.0,"key":"Du-Vu Doll"},{"floor":25.0,"key":"War Paint"},{"floor":26.0,"key":"Tiny Chest"},{"floor":28.0,"key":"Lizard Tail"}],"event_choices":[{"damage_healed":0.0,"max_hp_gain":0.0,"max_hp_loss":0.0,"gold_gain":0.0,"event_name":"Lab","player_choice":"Got Potions","floor":2.0,"gold_loss":0.0,"damage_taken":0.0}],"is_beta":false,"boss_relics":[{"not_picked":["hubris:Stopwatch","Cursed Key"],"picked":"hubris:GrandSneckoEye"}],"items_purged_floors":[],"is_endless":false,"potions_floor_spawned":[7,12,13,14,22,25,31],"ascension_level":0}}