{"host":"abdxwahegzejqccj","time":1607851525,"event":{"mods":["BaseMod","Better Note","BetterRewards","Colored Powertips","Downfall","Hermit","Minty Spire (QoL Compilation)","Replay The Spire","StSLib","The Cursed","The Hierophant"],"gold_per_floor":[99,126,126,76,109,109,109,127,156,81,98,115,135,190,207,305,305,305,316,8,19,19,51,51,64,89,89,74,93,7,26,37,37,37],"floor_reached":33,"playtime":2336,"items_purged":[],"score":332,"play_id":"02a330a5-fb47-42ae-a3bf-0bb844c5a052","local_time":"20201213202525","is_ascension_mode":false,"campfire_choices":[{"data":"champ:Taunt","floor":1,"key":"SMITH"},{"data":"champ:Duel","floor":6,"key":"SMITH"},{"data":"champ:DefensiveShout","floor":10,"key":"SMITH"},{"data":"champ:Lariat","floor":18,"key":"SMITH"},{"floor":27,"key":"REST"}],"circlet_count":0,"master_deck":["champ:Strike+1","champ:Strike+1","champ:Strike+1","champ:Strike+1","champ:Defend","champ:Defend","champ:Defend","champ:Defend","champ:Execute","champ:Taunt+1","champ:DefensiveShout+1","champ:ViciousMockery","champ:BringItOn","champ:TornadoPunch","champ:Duel+1","champ:BerserkersShout","champ:StrikeOfGenius+1","champ:EnragedBash","champ:FanOfKnives","champ:Lariat+1","champ:FlashCut","champ:StanceDance","champ:ShieldSlam+1","champ:Encircle","champ:EndlessRage","champ:EndlessRage","champ:DefensiveStyle+1","champ:ShieldWall+1","champ:GladiatorStyle","champ:IronFortress+1","champ:Circumvent+1"],"relics":["champ:ChampionCrown","downfall:HeartsMalice","Happy Flower","Omamori","Divine Protection","Golden Egg","downfall:HeartBlessingGreen","Pen Nib","champ:ChampionCrownUpgraded","Ginger","Art of War","Akabeko","Replay:Bottled Eggs"],"acts_visited":["Exordium","TheCity"],"potions_floor_usage":[5,9,16,16,16,23,33,33],"damage_taken":[{"damage":0,"enemies":"3 Sentries","floor":2,"turns":1},{"damage":0,"enemies":"Cultist","floor":3,"turns":1},{"damage":0,"enemies":"downfall:FleeingMerchant","floor":4,"turns":1},{"damage":42,"enemies":"Gremlin Nob","floor":5,"turns":4},{"damage":0,"enemies":"Small Slimes","floor":8,"turns":3},{"damage":11,"enemies":"Replay:BlueRogue","floor":9,"turns":6},{"damage":3,"enemies":"Jaw Worm","floor":11,"turns":4},{"damage":0,"enemies":"Gremlin Gang","floor":12,"turns":3},{"damage":1,"enemies":"Red Slaver","floor":13,"turns":2},{"damage":2,"enemies":"Lagavulin Event","floor":14,"turns":6},{"damage":0,"enemies":"Exordium Wildlife","floor":15,"turns":2},{"damage":43,"enemies":"downfall:Ironclad","floor":16,"turns":9},{"damage":11,"enemies":"3 Byrds","floor":19,"turns":4},{"damage":13,"enemies":"downfall:FleeingMerchant","floor":20,"turns":4},{"damage":11,"enemies":"Spheric Guardian","floor":21,"turns":4},{"damage":64,"enemies":"Gremlin Leader","floor":23,"turns":6},{"damage":19,"enemies":"Snecko","floor":25,"turns":4},{"damage":38,"enemies":"Replay:Snechameleon","floor":26,"turns":6},{"damage":9,"enemies":"downfall:FleeingMerchant","floor":28,"turns":4},{"damage":18,"enemies":"Sentry and Sphere","floor":29,"turns":6},{"damage":25,"enemies":"downfall:FleeingMerchant","floor":30,"turns":4},{"damage":12,"enemies":"Cultist and Chosen","floor":31,"turns":4},{"damage":25,"enemies":"Snake Plant","floor":32,"turns":4},{"damage":57,"enemies":"downfall:Silent","floor":33,"turns":6}],"seed_played":"-6303698616028387203","potions_obtained":[{"floor":2,"key":"LiquidMemories"},{"floor":5,"key":"LiquidBronze"},{"floor":8,"key":"Dexterity Potion"},{"floor":9,"key":"Weak Potion"},{"floor":11,"key":"PowerPotion"},{"floor":16,"key":"Fire Potion"},{"floor":19,"key":"Dexterity Potion"},{"floor":25,"key":"Fire Potion"},{"floor":29,"key":"Dexterity Potion"},{"floor":32,"key":"FearPotion"}],"is_trial":false,"path_per_floor":["R","E","M","$","E","R","T","M","E","R","M","M","M","?","M","B",null,"R","M","$","M","?","E","T","M","E","R","$","M","$","M","M","B"],"character_chosen":"THE_CHAMP","items_purchased":["champ:TornadoPunch","Ginger","champ:IronFortress"],"campfire_rested":1,"item_purchase_floors":[4,20,30],"current_hp_per_floor":[90,90,90,90,58,58,58,63,60,60,60,62,64,70,76,56,90,90,90,90,90,90,52,52,42,38,65,75,63,60,66,57,0,0],"gold":37,"neow_bonus":"THREE_ENEMY_KILL","is_daily":false,"chose_seed":false,"campfire_upgraded":4,"win_rate":0.0,"timestamp":1607851525,"path_taken":["R","E","M","?","E","R","T","M","E","R","M","M","M","?","M","BOSS","R","M","$","M","?","E","T","M","E","R","$","?","$","M","M","BOSS"],"items_purchased_type":["Card","Relic","Card"],"build_version":"2020-11-30","purchased_purges":0,"victory":false,"max_hp_per_floor":[90,90,90,90,90,90,90,90,90,90,90,90,90,90,90,90,90,90,90,90,90,90,90,90,90,90,90,90,90,90,90,90,90,90],"card_choices":[{"not_picked":["champ:Lariat","champ:Encircle"],"picked":"champ:DefensiveShout","floor":2},{"not_picked":["champ:HeartStrike","champ:AdrenalArmor"],"picked":"champ:ViciousMockery","floor":3},{"not_picked":["champ:Circumvent","champ:BladeFlurry"],"picked":"champ:BringItOn","floor":4},{"not_picked":["champ:PreciseThrust","champ:FaceSlap"],"picked":"champ:Duel","floor":5},{"not_picked":["champ:PerfectedStrike","champ:CrookedStrike"],"picked":"champ:BerserkersShout","floor":8},{"not_picked":["champ:ViciousMockery","champ:HeartStrike"],"picked":"champ:StrikeOfGenius","floor":9},{"not_picked":["champ:CrookedStrike","champ:PerfectedStrike"],"picked":"champ:EnragedBash","floor":11},{"not_picked":["champ:RapidStrikes","champ:Duel"],"picked":"champ:FanOfKnives","floor":12},{"not_picked":["champ:GladiatorsShout","champ:Encircle"],"picked":"champ:Lariat","floor":13},{"not_picked":["champ:StrikeOfGenius","champ:GladiatorStyle"],"picked":"champ:FlashCut","floor":14},{"not_picked":["champ:SkillfulDodge","champ:GladiatorStyle"],"picked":"champ:StanceDance","floor":15},{"not_picked":["champ:VampiricStrike","champ:CrownThrow"],"picked":"champ:ShieldSlam","floor":16},{"not_picked":["champ:FlashCut","champ:StanceDance"],"picked":"champ:Encircle","floor":19},{"not_picked":["champ:GladiatorsShout+1","champ:FanOfKnives","champ:FightOn"],"picked":"SKIP","floor":20},{"not_picked":["champ:FaceSlap+1","champ:FocusedGladiator+1"],"picked":"champ:EndlessRage","floor":21},{"not_picked":["champ:BringItOn","champ:AdrenalArmor"],"picked":"champ:EndlessRage","floor":23},{"not_picked":["champ:RecklessLeap","champ:DefensiveShout+1"],"picked":"champ:DefensiveStyle+1","floor":25},{"not_picked":["champ:Duel","champ:FanOfKnives","champ:PerfectForm"],"picked":"SKIP","floor":26},{"not_picked":["champ:Encircle","champ:PreciseThrust+1"],"picked":"champ:ShieldWall","floor":28},{"not_picked":["champ:Backstep","champ:GladiatorsShout+1"],"picked":"champ:GladiatorStyle","floor":29},{"not_picked":["champ:DancingMaster","champ:CrownThrow","champ:StanceDance+1"],"picked":"SKIP","floor":30},{"not_picked":["champ:BerserkersShout","champ:PreciseThrust","champ:FightOn"],"picked":"SKIP","floor":31},{"not_picked":["champ:StanceDance+1","champ:GladiatorsShout+1"],"picked":"champ:Circumvent+1","floor":32}],"player_experience":369830,"relics_obtained":[{"floor":2,"key":"Happy Flower"},{"floor":5,"key":"Omamori"},{"floor":7,"key":"Divine Protection"},{"floor":9,"key":"Golden Egg"},{"floor":23,"key":"Art of War"},{"floor":24,"key":"Akabeko"},{"floor":26,"key":"Replay:Bottled Eggs"}],"event_choices":[{"damage_healed":0,"gold_gain":0,"player_choice":"Ignored","damage_taken":0,"max_hp_gain":0,"max_hp_loss":0,"event_name":"betterNote:BetterNote","floor":22,"gold_loss":0,"cards_obtained":["hermit:RoundhouseKick"]}],"is_beta":false,"boss_relics":[{"not_picked":["Snecko Eye","ReplayTheSpireMod:DimensionalGlitch"],"picked":"champ:ChampionCrownUpgraded"}],"items_purged_floors":[],"is_endless":false,"potions_floor_spawned":[2,5,8,9,11,14,16,19,25,29,32],"killed_by":"downfall:Silent","ascension_level":0}}