{"host":"x1qj4d8ympd5jdqh","time":1607860803,"event":{"mods":["AchievementEnabler","AlwaysNeverKeys","BaseMod","Colored Map","Custom Start","DeckTracker","Highlight Path","Minty Spire (QoL Compilation)","StSLib","SuperFastMode"],"gold_per_floor":[109,126,143,143,68,68,68,68,68,80,80,80,80,80,80],"floor_reached":14,"playtime":252,"items_purged":[],"score":176,"play_id":"2d5af17f-0029-4e4a-bdb7-531f03f8e20e","local_time":"20201213210003","is_ascension_mode":true,"campfire_choices":[{"data":"Venomology","floor":6,"key":"SMITH"},{"floor":8,"key":"REST"},{"data":"1","floor":11,"key":"LIFT"},{"data":"2","floor":13,"key":"LIFT"}],"circlet_count":0,"master_deck":["AscendersBane","Strike_G","Strike_G","Strike_G","Strike_G","Defend_G","Defend_G","Defend_G","Defend_G","Defend_G","Survivor","Neutralize","Venomology+1","Dagger Spray","Deadly Poison","Concentrate"],"relics":["Ring of the Snake","Girya","Ornamental Fan"],"acts_visited":["Exordium"],"potions_floor_usage":[3,3,12,14],"damage_taken":[{"damage":7,"enemies":"2 Louse","floor":1,"turns":3},{"damage":4,"enemies":"Small Slimes","floor":2,"turns":4},{"damage":1,"enemies":"Jaw Worm","floor":3,"turns":6},{"damage":10,"enemies":"Exordium Thugs","floor":10,"turns":6},{"damage":0,"enemies":"Lagavulin","floor":12,"turns":1},{"damage":16,"enemies":"3 Sentries","floor":14,"turns":4}],"seed_played":"2555867613870000947","potions_obtained":[],"is_trial":false,"path_per_floor":["M","M","M","?","?","R","?","R","T","M","R","E","R","E"],"character_chosen":"THE_SILENT","items_purchased":[],"campfire_rested":1,"item_purchase_floors":[],"current_hp_per_floor":[37,33,32,32,32,32,14,33,33,23,23,23,23,7,7],"gold":80,"neow_bonus":"THREE_RARE_CARDS","is_daily":false,"chose_seed":false,"campfire_upgraded":1,"win_rate":0.0,"timestamp":1607860803,"path_taken":["M","M","M","?","?","R","?","R","T","M","R","E","R","E"],"items_purchased_type":[],"build_version":"2020-11-30","purchased_purges":0,"victory":false,"max_hp_per_floor":[66,66,66,66,66,66,66,66,66,66,66,66,66,66,66],"card_choices":[{"not_picked":["Storm of Steel","Doppelganger"],"picked":"Venomology","floor":0},{"not_picked":["PiercingWail","Predator"],"picked":"Dagger Spray","floor":1},{"not_picked":["Slice","Setup","Outmaneuver"],"picked":"SKIP","floor":2},{"not_picked":["Sucker Punch","Deflect"],"picked":"Deadly Poison","floor":3},{"not_picked":["Flechettes","Backstab"],"picked":"Concentrate","floor":10}],"player_experience":1216357,"relics_obtained":[{"floor":9,"key":"Ornamental Fan"}],"event_choices":[{"damage_healed":0,"gold_gain":0,"player_choice":"Ignored","damage_taken":0,"max_hp_gain":0,"max_hp_loss":0,"event_name":"Liars Game","floor":4,"gold_loss":0},{"cards_removed":["Strike_G"],"damage_healed":0,"gold_gain":0,"player_choice":"Card Removal","damage_taken":0,"max_hp_gain":0,"max_hp_loss":0,"event_name":"The Cleric","floor":5,"gold_loss":75},{"damage_healed":0,"gold_gain":0,"player_choice":"Success","damage_taken":18,"relics_obtained":["Girya"],"max_hp_gain":0,"max_hp_loss":0,"event_name":"Scrap Ooze","floor":7,"gold_loss":0}],"is_beta":false,"boss_relics":[],"items_purged_floors":[],"is_endless":false,"potions_floor_spawned":[10],"killed_by":"3 Sentries","ascension_level":20}}