{"host":"vtakxgab1vu2j1nx","time":1607893323,"event":{"mods":["AchievementEnabler","BaseMod","Colored Map","Minty Spire (QoL Compilation)","Quick Restart","SuperFastMode"],"gold_per_floor":[119,119,21,31,41,71,71,71,71,71,97,97,115,115,115,238,238,263,282,297,267,285,285,285],"floor_reached":23,"playtime":394,"items_purged":[],"score":322,"play_id":"4a9c1e67-683b-4f88-b02f-3128879c9345","local_time":"20201213160203","is_ascension_mode":true,"campfire_choices":[{"data":"Perfected Strike","floor":8.0,"key":"SMITH"},{"data":"Perfected Strike","floor":10.0,"key":"SMITH"},{"data":"Twin Strike","floor":12.0,"key":"SMITH"},{"floor":15.0,"key":"REST"}],"circlet_count":0,"master_deck":["AscendersBane","Strike_R","Strike_R","Strike_R","Strike_R","Strike_R","Defend_R","Defend_R","Defend_R","Defend_R","Bash","Perfected Strike+1","Perfected Strike+1","Pommel Strike","Twin Strike+1","Flex","Injury","Demon Form","Twin Strike","Shrug It Off","Cleave+1"],"relics":["Burning Blood","NeowsBlessing","InkBottle","Art of War","Bronze Scales","Golden Idol","Mark of Pain"],"acts_visited":["Exordium","TheCity"],"potions_floor_usage":[22,23],"damage_taken":[{"damage":0.0,"enemies":"Jaw Worm","floor":1.0,"turns":1.0},{"damage":0.0,"enemies":"Cultist","floor":4.0,"turns":1.0},{"damage":0.0,"enemies":"2 Louse","floor":5.0,"turns":1.0},{"damage":21.0,"enemies":"Gremlin Nob","floor":6.0,"turns":4.0},{"damage":30.0,"enemies":"3 Sentries","floor":11.0,"turns":6.0},{"damage":3.0,"enemies":"Blue Slaver","floor":13.0,"turns":2.0},{"damage":56.0,"enemies":"Slime Boss","floor":16.0,"turns":10.0},{"damage":11.0,"enemies":"Spheric Guardian","floor":18.0,"turns":3.0},{"damage":27.0,"enemies":"3 Byrds","floor":19.0,"turns":5.0},{"damage":24.0,"enemies":"Centurion and Healer","floor":20.0,"turns":4.0},{"damage":21,"enemies":"Chosen and Byrds","floor":22,"turns":6},{"damage":0,"enemies":"Slavers","floor":23,"turns":1}],"seed_played":"-8481356820962128683","potions_obtained":[{"floor":4.0,"key":"Block Potion"},{"floor":5.0,"key":"SteroidPotion"},{"floor":19.0,"key":"AttackPotion"},{"floor":21.0,"key":"LiquidMemories"},{"floor":21.0,"key":"AttackPotion"},{"floor":22,"key":"FearPotion"}],"is_trial":false,"path_per_floor":["M","$","?","M","M","E","?","R","T","R","E","R","M","?","R","B",null,"M","M","M","?","M","E"],"character_chosen":"IRONCLAD","items_purchased":[],"campfire_rested":1,"item_purchase_floors":[],"current_hp_per_floor":[78,78,78,80,80,65,70,70,70,70,46,46,49,49,74,24,70,65,44,26,26,11,11,11],"gold":285,"neow_bonus":"THREE_ENEMY_KILL","is_daily":false,"chose_seed":false,"campfire_upgraded":3,"win_rate":0.0,"timestamp":1607893323,"path_taken":["M","$","?","?","M","E","?","R","T","R","E","R","M","?","R","BOSS","M","M","M","?","?","E"],"items_purchased_type":[],"build_version":"2020-11-30","purchased_purges":0,"victory":false,"max_hp_per_floor":[80,80,80,80,80,80,85,85,85,85,85,85,85,85,85,85,85,85,85,85,85,85,85,85],"card_choices":[{"not_picked":["Cleave","Clothesline"],"picked":"Perfected Strike","floor":1.0},{"not_picked":["Body Slam","Infernal Blade"],"picked":"Perfected Strike","floor":4.0},{"not_picked":["Sever Soul","Feel No Pain","Clothesline"],"picked":"SKIP","floor":5.0},{"not_picked":["Clothesline","Body Slam"],"picked":"Pommel Strike","floor":6.0},{"not_picked":["Sever Soul","Barricade"],"picked":"Twin Strike","floor":11.0},{"not_picked":["True Grit","Pommel Strike"],"picked":"Flex","floor":13.0},{"not_picked":["Immolate","Barricade"],"picked":"Demon Form","floor":16.0},{"not_picked":["Anger","Thunderclap","Warcry"],"picked":"SKIP","floor":18.0},{"not_picked":["Shrug It Off","Rupture"],"picked":"Twin Strike","floor":19.0},{"not_picked":["Dark Embrace+1","Twin Strike"],"picked":"Shrug It Off","floor":20.0},{"not_picked":["Havoc","Perfected Strike"],"picked":"Cleave+1","floor":22}],"player_experience":179486,"relics_obtained":[{"floor":6.0,"key":"Art of War"},{"floor":11.0,"key":"Bronze Scales"}],"event_choices":[{"damage_healed":0.0,"max_hp_gain":0.0,"max_hp_loss":0.0,"gold_gain":0.0,"event_name":"WeMeetAgain","player_choice":"Paid Gold","floor":3.0,"gold_loss":98.0,"damage_taken":0.0,"relics_obtained":["InkBottle"]},{"damage_healed":0.0,"max_hp_gain":5.0,"max_hp_loss":0.0,"gold_gain":0.0,"event_name":"Big Fish","player_choice":"Donut","floor":7.0,"gold_loss":0.0,"damage_taken":0.0},{"damage_healed":0.0,"max_hp_gain":0.0,"max_hp_loss":0.0,"gold_gain":0.0,"event_name":"Golden Idol","player_choice":"Take Wound","floor":14.0,"gold_loss":0.0,"damage_taken":0.0,"relics_obtained":["Golden Idol"],"cards_obtained":["Injury"]},{"damage_healed":0.0,"max_hp_gain":0.0,"max_hp_loss":0.0,"gold_gain":0.0,"event_name":"The Woman in Blue","player_choice":"Bought 2 Potions","floor":21.0,"gold_loss":0.0,"damage_taken":0.0}],"is_beta":false,"boss_relics":[{"not_picked":["Cursed Key","Velvet Choker"],"picked":"Mark of Pain"}],"items_purged_floors":[],"is_endless":false,"potions_floor_spawned":[4,5,19,22],"killed_by":"Slavers","ascension_level":12}}