{"host":"p7j7o00jacnw7qzt","time":1607821419,"event":{"mods":["BaseMod","Colored Map","Colored Powertips","DeckTracker","Highlight Path","Minty Spire (QoL Compilation)","Relic Stats"],"gold_per_floor":[115,134,153,78,3,3,22,22,22,36,68,85,99,115,115,192,192,210,224,224,124,124,124,124,124],"floor_reached":24,"playtime":1116,"items_purged":["Strike_R","Strike_R"],"score":400,"play_id":"3c380df2-a7d9-43fa-8c2d-f6afedb1f92a","local_time":"20201212200339","is_ascension_mode":true,"campfire_choices":[{"data":"Body Slam","floor":6.0,"key":"SMITH"},{"data":"Shockwave","floor":8.0,"key":"SMITH"},{"data":"Pommel Strike","floor":15.0,"key":"SMITH"},{"data":"Limit Break","floor":23.0,"key":"SMITH"}],"circlet_count":0,"master_deck":["AscendersBane","Strike_R","Strike_R","Defend_R","Defend_R","Defend_R","Defend_R","Bash","Shockwave+1","Ghostly Armor","Body Slam+1","Seeing Red","Power Through","Spot Weakness","Pommel Strike+1","Fiend Fire","Limit Break+1","Evolve"],"relics":["Burning Blood","StrikeDummy","Runic Dome"],"acts_visited":["Exordium","TheCity"],"potions_floor_usage":[24],"damage_taken":[{"damage":2.0,"enemies":"Small Slimes","floor":1.0,"turns":5.0},{"damage":5.0,"enemies":"2 Louse","floor":2.0,"turns":4.0},{"damage":4.0,"enemies":"Jaw Worm","floor":3.0,"turns":5.0},{"damage":27.0,"enemies":"Exordium Wildlife","floor":7.0,"turns":6.0},{"damage":4.0,"enemies":"2 Fungi Beasts","floor":10.0,"turns":4.0},{"damage":35.0,"enemies":"Gremlin Nob","floor":11.0,"turns":6.0},{"damage":4.0,"enemies":"Exordium Thugs","floor":12.0,"turns":5.0},{"damage":1.0,"enemies":"Gremlin Gang","floor":13.0,"turns":5.0},{"damage":5.0,"enemies":"Lots of Slimes","floor":14.0,"turns":5.0},{"damage":19.0,"enemies":"The Guardian","floor":16.0,"turns":11.0},{"damage":0.0,"enemies":"2 Thieves","floor":18.0,"turns":3.0},{"damage":14.0,"enemies":"Shell Parasite","floor":19.0,"turns":4.0},{"damage":57,"enemies":"Gremlin Leader","floor":24,"turns":4}],"seed_played":"-4173089122224135884","potions_obtained":[{"floor":1.0,"key":"Swift Potion"},{"floor":2.0,"key":"LiquidMemories"},{"floor":13.0,"key":"Block Potion"},{"floor":18.0,"key":"GamblersBrew"}],"is_trial":false,"path_per_floor":["M","M","M","$","?","R","M","R","T","M","E","M","M","M","R","B",null,"M","M","?","$","?","R","E"],"character_chosen":"IRONCLAD","items_purchased":[],"campfire_rested":0,"item_purchase_floors":[],"current_hp_per_floor":[79,80,82,82,82,82,61,61,61,63,34,36,41,42,42,29,69,75,67,67,67,67,67,10,10],"gold":124,"neow_bonus":"TEN_PERCENT_HP_BONUS","is_daily":false,"chose_seed":false,"campfire_upgraded":4,"win_rate":0.0,"timestamp":1607821419,"path_taken":["M","M","M","$","?","R","M","R","T","M","E","M","M","M","R","BOSS","M","M","?","$","?","R","E"],"items_purchased_type":[],"build_version":"2020-11-30","purchased_purges":2,"victory":false,"max_hp_per_floor":[82,82,82,82,82,82,82,82,82,82,82,82,82,82,82,82,82,82,82,82,82,82,82,82,82],"relic_stats":{"counters":[13,67],"obtain_stats":[{"Runic Dome":17,"StrikeDummy":11,"Burning Blood":0},{"Runic Dome":10,"StrikeDummy":6,"Burning Blood":0},{"Runic Dome":56,"StrikeDummy":30,"Burning Blood":0}],"Burning Blood":72},"card_choices":[{"not_picked":["Combust","Ghostly Armor"],"picked":"Shockwave","floor":1.0},{"not_picked":["Flex","Warcry"],"picked":"Ghostly Armor","floor":2.0},{"not_picked":["Feel No Pain","Sentinel"],"picked":"Body Slam","floor":3.0},{"not_picked":["Carnage","Heavy Blade"],"picked":"Seeing Red","floor":7.0},{"not_picked":["Clothesline","Sword Boomerang"],"picked":"Power Through","floor":10.0},{"not_picked":["Heavy Blade","Reaper"],"picked":"Spot Weakness","floor":11.0},{"not_picked":["Fire Breathing","Warcry","Twin Strike"],"picked":"SKIP","floor":12.0},{"not_picked":["Power Through","Heavy Blade"],"picked":"Pommel Strike","floor":13.0},{"not_picked":["Body Slam","Perfected Strike"],"picked":"Fiend Fire","floor":14.0},{"not_picked":["Fiend Fire","Brutality"],"picked":"Limit Break","floor":16.0},{"not_picked":["Cleave","Rupture","Headbutt"],"picked":"SKIP","floor":18.0},{"not_picked":["Clothesline","Cleave","Perfected Strike"],"picked":"SKIP","floor":19.0}],"player_experience":817965,"relics_obtained":[{"floor":11.0,"key":"StrikeDummy"}],"event_choices":[{"cards_removed":["Strike_R"],"damage_healed":0.0,"max_hp_gain":0.0,"max_hp_loss":0.0,"gold_gain":0.0,"event_name":"The Cleric","player_choice":"Card Removal","floor":5.0,"gold_loss":75.0,"damage_taken":0.0},{"damage_healed":0.0,"max_hp_gain":0.0,"max_hp_loss":0.0,"gold_gain":0.0,"event_name":"The Library","player_choice":"Read","floor":20.0,"gold_loss":0.0,"damage_taken":0.0,"cards_obtained":["Evolve"]},{"damage_healed":0.0,"max_hp_gain":0.0,"max_hp_loss":0.0,"gold_gain":0.0,"event_name":"Ghosts","player_choice":"Ignored","floor":22.0,"gold_loss":0.0,"damage_taken":0.0}],"is_beta":false,"boss_relics":[{"not_picked":["Calling Bell","Sozu"],"picked":"Runic Dome"}],"items_purged_floors":[4,21],"is_endless":false,"potions_floor_spawned":[1,2,13,18],"killed_by":"Gremlin Leader","ascension_level":20}}