{"host":"a7kzx4u255enh074","time":1607872038,"event":{"mods":["AchievementEnabler","BaseMod","BetterRewards","Colored Map","Hubris","Infinite Spire","Marked Mod","Minty Spire (QoL Compilation)","Quick Restart","Rare Cards Sparkle","Replay The Spire","StSLib","The Jungle"],"gold_per_floor":[112,112,130,405,421,421,435,360,387,147,147,147,165,176,176,253,253,271,287,307,307,320,320,320,320],"floor_reached":24,"playtime":1170,"items_purged":["Strike_B","Defend_B"],"score":380,"play_id":"4c336d2f-919f-48ac-985e-d25a71b2526f","local_time":"20201213160718","is_ascension_mode":true,"campfire_choices":[{"data":"Blizzard","floor":6,"key":"SMITH"},{"data":"Coolheaded","floor":15,"key":"SMITH"},{"floor":23,"key":"REST"}],"circlet_count":0,"master_deck":["AscendersBane","Defend_B","Defend_B","Defend_B","Zap","Dualcast","Cold Snap","Blizzard+1","ReplayTheSpireMod:Calculation Training+1","White Noise","Blizzard","Coolheaded+1","Loop","Mirror Shield","Rip and Tear+1","Recycle+1","Conserve Battery+1","Glacier","infinitespire:Collect","Conserve Battery+1"],"relics":["Cracked Core","NeowsBlessing","Omamori","Garlic","Astrolabe","Blood Vial"],"acts_visited":["Exordium","TheCity"],"potions_floor_usage":[16,24],"damage_taken":[{"damage":0,"enemies":"2 Louse","floor":1,"turns":1},{"damage":0,"enemies":"Cultist","floor":3,"turns":1},{"damage":0,"enemies":"Jaw Worm","floor":5,"turns":1},{"damage":10,"enemies":"2 Fungi Beasts","floor":7,"turns":4},{"damage":3,"enemies":"Large Slime","floor":13,"turns":6},{"damage":0,"enemies":"Gremlin Gang","floor":14,"turns":3},{"damage":21,"enemies":"The Guardian","floor":16,"turns":13},{"damage":11,"enemies":"2 Thieves","floor":18,"turns":3},{"damage":3,"enemies":"Spheric Guardian","floor":19,"turns":7},{"damage":25,"enemies":"Shelled Parasite and Fungi","floor":20,"turns":10},{"damage":8,"enemies":"Snake Plant","floor":22,"turns":4},{"damage":54,"enemies":"Chosen and Byrds","floor":24,"turns":5}],"seed_played":"-3632069514105350213","potions_obtained":[{"floor":7,"key":"Dexterity Potion"},{"floor":14,"key":"SteroidPotion"},{"floor":18,"key":"infinitespire:BlackPotion"}],"is_trial":false,"path_per_floor":["M","?","M","?","M","R","M","?","T","$","T","?","M","M","R_BF","B",null,"M","M","M","AVR","M","R","M"],"character_chosen":"DEFECT","items_purchased":["White Noise","Blizzard"],"campfire_rested":1,"item_purchase_floors":[10,10],"current_hp_per_floor":[64,64,64,64,64,64,54,54,54,54,54,54,51,51,51,30,61,50,47,22,22,16,37,0,0],"gold":320,"neow_bonus":"THREE_ENEMY_KILL","is_daily":false,"chose_seed":false,"campfire_upgraded":2,"win_rate":0.0,"timestamp":1607872038,"path_taken":["M","?","?","?","M","R","?","?","T","$","?","?","M","M","R_BF","BOSS","M","M","M","AVR","M","R","M"],"items_purchased_type":["Card","Card"],"build_version":"2020-11-30","purchased_purges":2,"victory":false,"max_hp_per_floor":[71,71,71,71,71,71,71,71,71,71,71,71,71,71,71,71,71,71,71,71,71,71,71,71,71],"card_choices":[{"not_picked":["Ball Lightning","Steam"],"picked":"Cold Snap","floor":1},{"not_picked":["Redo","Panic Button","Aggregate"],"picked":"SKIP","floor":3},{"not_picked":["Streamline","Panic Button"],"picked":"Blizzard","floor":5},{"not_picked":["Beam Cell","Thunder Strike"],"picked":"ReplayTheSpireMod:Calculation Training","floor":7},{"not_picked":["Sweeping Beam","Gash"],"picked":"Coolheaded","floor":13},{"not_picked":["Redo","Leap"],"picked":"Loop","floor":14},{"not_picked":["ReplayRNGCard","hubris:Prefetch"],"picked":"Mirror Shield","floor":16},{"not_picked":["Hologram","Compile Driver"],"picked":"Glacier","floor":18},{"not_picked":["ReplayTheSpireMod:Reroute Power+1","Go for the Eyes","Turbo"],"picked":"SKIP","floor":19},{"not_picked":["Redo","Fusion","Hello World"],"picked":"SKIP","floor":20},{"not_picked":["Heatsinks","Sweeping Beam"],"picked":"Conserve Battery+1","floor":22}],"player_experience":178937,"relics_obtained":[{"floor":9,"key":"Omamori"},{"floor":11,"key":"Garlic"}],"event_choices":[{"damage_healed":0,"gold_gain":0,"player_choice":"0 cards matched","damage_taken":0,"max_hp_gain":0,"max_hp_loss":0,"event_name":"Match and Keep!","floor":2,"gold_loss":0,"cards_obtained":[]},{"damage_healed":0,"gold_gain":275,"player_choice":"Desecrate","damage_taken":0,"max_hp_gain":0,"max_hp_loss":0,"event_name":"Golden Shrine","floor":4,"gold_loss":0,"cards_obtained":["Regret"]},{"cards_removed":["Regret"],"damage_healed":0,"gold_gain":0,"player_choice":"Card Removal","damage_taken":0,"max_hp_gain":0,"max_hp_loss":0,"event_name":"The Cleric","floor":8,"gold_loss":75}],"is_beta":false,"boss_relics":[{"not_picked":["hubris:CrackedHourglass","hubris:VirtuousBlindfold"],"picked":"Astrolabe"}],"items_purged_floors":[10,21],"is_endless":false,"potions_floor_spawned":[7,14,18],"killed_by":"Chosen and Byrds","ascension_level":20}}