{"host":"4cz9gr89nglr7k8k","time":1607897869,"event":{"mods":["BaseMod","Minty Spire (QoL Compilation)","Relic Stats","Slay-I"],"gold_per_floor":[117,117,128,53,53,53,71,90,139,139,157,157,157,157,157,234,234,245,47,47,47,57,83,83,83,83,83,83,94,15,15,15,15,15],"floor_reached":33,"playtime":946,"items_purged":[],"score":514,"play_id":"03f2ce1f-6bac-40d9-a0bd-c5d740638b39","local_time":"20201213231749","is_ascension_mode":true,"campfire_choices":[{"data":"Backstab","floor":6,"key":"SMITH"},{"data":"Backstab","floor":10,"key":"SMITH"},{"data":"Slice","floor":12,"key":"SMITH"},{"floor":15,"key":"REST"},{"floor":25,"key":"REST"},{"floor":27,"key":"REST"},{"data":"After Image","floor":32,"key":"SMITH"}],"circlet_count":0,"master_deck":["AscendersBane","Strike_G+1","Strike_G+1","Strike_G+1","Strike_G+1","Defend_G+1","Defend_G+1","Defend_G+1","Defend_G+1","Survivor","Neutralize","Slice+1","Backstab+1","Sucker Punch","Backstab+1","Bouncing Flask","After Image+1","Backstab","Slice","Backstab","Acrobatics+1","Endless Agony","All Out Attack","Infinite Blades"],"relics":["Ring of the Snake","NeowsBlessing","Anchor","Boot","SacredBark","Lee\u0027s Waffle","Snake Skull","Paper Crane"],"acts_visited":["Exordium","TheCity"],"potions_floor_usage":[18,23,33,33],"damage_taken":[{"damage":0,"enemies":"Jaw Worm","floor":1,"turns":1},{"damage":0,"enemies":"Small Slimes","floor":3,"turns":1},{"damage":0,"enemies":"Cultist","floor":7,"turns":1},{"damage":0,"enemies":"2 Fungi Beasts","floor":8,"turns":3},{"damage":0,"enemies":"Blue Slaver","floor":11,"turns":1},{"damage":52,"enemies":"Hexaghost","floor":16,"turns":10},{"damage":33,"enemies":"Chosen","floor":18,"turns":5},{"damage":6,"enemies":"Shell Parasite","floor":22,"turns":2},{"damage":37,"enemies":"Book of Stabbing","floor":23,"turns":6},{"damage":6,"enemies":"Centurion and Healer","floor":29,"turns":4},{"damage":77,"enemies":"Automaton","floor":33,"turns":12}],"seed_played":"2322077176724302801","potions_obtained":[{"floor":3,"key":"Regen Potion"},{"floor":22,"key":"SkillPotion"},{"floor":23,"key":"Explosive Potion"},{"floor":29,"key":"Fire Potion"}],"is_trial":false,"path_per_floor":["M","?","M","?","?","R","M","M","T","R","M","R","$","?","R","B",null,"M","$","?","?","M","E","$","R","T","R","?","M","$","?","R","B"],"character_chosen":"THE_SILENT","items_purchased":["Lee\u0027s Waffle","Slice","Infinite Blades"],"campfire_rested":3,"item_purchase_floors":[19,19,30],"current_hp_per_floor":[59,54,54,54,54,54,54,54,54,54,54,54,54,34,53,1,50,27,73,73,73,67,30,30,51,51,72,72,66,66,66,66,0,0],"gold":15,"neow_bonus":"THREE_ENEMY_KILL","is_daily":false,"chose_seed":false,"campfire_upgraded":4,"win_rate":0.0,"timestamp":1607897869,"path_taken":["M","?","M","?","?","R","M","?","T","R","M","R","$","?","R","BOSS","M","$","?","?","?","E","$","R","T","R","?","M","$","?","R","BOSS"],"items_purchased_type":["Relic","Card","Card"],"build_version":"2020-11-30","purchased_purges":0,"victory":false,"max_hp_per_floor":[66,66,66,66,66,66,66,66,66,66,66,66,66,66,66,66,66,66,73,73,73,73,73,73,73,73,73,73,73,73,73,73,73,73],"relic_stats":{"Lee\u0027s Waffle":46,"counters":[11,46],"Snake Skull":[6],"Boot":[51],"obtain_stats":[{"Anchor":2,"Lee\u0027s Waffle":19,"NeowsBlessing":0,"SacredBark":17,"Snake Skull":23,"Paper Crane":26,"Boot":9,"Ring of the Snake":0},{"Anchor":1,"Lee\u0027s Waffle":7,"NeowsBlessing":0,"SacredBark":6,"Snake Skull":9,"Paper Crane":9,"Boot":4,"Ring of the Snake":0},{"Anchor":1,"Lee\u0027s Waffle":22,"NeowsBlessing":0,"SacredBark":17,"Snake Skull":30,"Paper Crane":30,"Boot":6,"Ring of the Snake":0}],"Ring of the Snake":[22]},"card_choices":[{"not_picked":["Poisoned Stab","Dagger Throw"],"picked":"Slice","floor":1},{"not_picked":["Calculated Gamble","Underhanded Strike"],"picked":"Backstab","floor":3},{"not_picked":["Prepared","Expertise"],"picked":"Sucker Punch","floor":7},{"not_picked":["Choke","Outmaneuver"],"picked":"Backstab","floor":8},{"not_picked":["Quick Slash","Backflip"],"picked":"Bouncing Flask","floor":11},{"not_picked":["Adrenaline","Venomology"],"picked":"After Image","floor":16},{"not_picked":["Slice+1","Flying Knee"],"picked":"Backstab","floor":18},{"not_picked":["Backflip","Dash"],"picked":"Acrobatics+1","floor":22},{"not_picked":["Corpse Explosion","Distraction"],"picked":"Endless Agony","floor":23},{"not_picked":["Deflect","Quick Slash"],"picked":"All Out Attack","floor":29}],"player_experience":1437921,"relics_obtained":[{"floor":9,"key":"Boot"},{"floor":23,"key":"Snake Skull"},{"floor":26,"key":"Paper Crane"}],"event_choices":[{"damage_healed":0,"gold_gain":0,"player_choice":"Success","damage_taken":5,"relics_obtained":["Anchor"],"max_hp_gain":0,"max_hp_loss":0,"event_name":"Scrap Ooze","floor":2,"gold_loss":0},{"cards_removed":["Strike_G"],"damage_healed":0,"gold_gain":0,"player_choice":"Card Removal","damage_taken":0,"max_hp_gain":0,"max_hp_loss":0,"event_name":"The Cleric","floor":4,"gold_loss":75},{"damage_healed":0,"gold_gain":0,"cards_transformed":["Defend_G"],"player_choice":"Transformed","damage_taken":0,"max_hp_gain":0,"max_hp_loss":0,"event_name":"Transmorgrifier","floor":5,"gold_loss":0,"cards_obtained":["Flechettes"]},{"damage_healed":0,"gold_gain":0,"player_choice":"Entered Light","damage_taken":20,"max_hp_gain":0,"max_hp_loss":0,"event_name":"Shining Light","floor":14,"gold_loss":0,"cards_upgraded":["Strike_G","Defend_G"]},{"damage_healed":0,"gold_gain":0,"player_choice":"Read","damage_taken":0,"max_hp_gain":0,"max_hp_loss":0,"event_name":"The Library","floor":20,"gold_loss":0,"cards_obtained":["Backstab"]},{"damage_healed":0,"gold_gain":0,"player_choice":"Ignored","damage_taken":0,"max_hp_gain":0,"max_hp_loss":0,"event_name":"Vampires","floor":21,"gold_loss":0},{"damage_healed":0,"gold_gain":0,"player_choice":"Simplicity","damage_taken":0,"max_hp_gain":0,"max_hp_loss":0,"event_name":"Back to Basics","floor":28,"gold_loss":0,"cards_upgraded":["Strike_G","Strike_G","Strike_G","Defend_G","Defend_G","Defend_G"]},{"cards_removed":["Flechettes"],"damage_healed":0,"gold_gain":0,"player_choice":"Purged","damage_taken":0,"max_hp_gain":0,"max_hp_loss":0,"event_name":"Purifier","floor":31,"gold_loss":0}],"is_beta":false,"boss_relics":[{"not_picked":["Coffee Dripper","Runic Pyramid"],"picked":"SacredBark"}],"items_purged_floors":[],"is_endless":false,"potions_floor_spawned":[3,22,23,29],"killed_by":"Automaton","ascension_level":19}}