{"host":"a7iur02kkvpf5owd","time":1607868049,"event":{"mods":["AchievementEnabler","BaseMod","Better Altar","Better Match","Better Note","Better Sensory Stone","Better Skull","Better Third Choice","BetterRewards","Colored Map","Downfall","Minty Spire (QoL Compilation)","Spicy Shops","StSLib"],"gold_per_floor":[112,128,147,161,179,210,210,210,210,235,260,260,294,320,332,473,485,510,432,237,260,185,223,239,239,239,239,270,270,313,333,333,457,457,481,499,319,334,667,667,306,326,326,360,360,387,387,416,416,416,416,416,6,34,34],"floor_reached":56,"playtime":1921,"items_purged":["Strike_G","Defend_G","Strike_G","Defend_G","Strike_G","Regret","Strike_G","Injury"],"score":2093,"play_id":"48d60315-f85a-4d40-b97b-4dafa153f051","local_time":"20201213090049","is_ascension_mode":true,"campfire_choices":[{"data":"Neutralize","floor":8,"key":"SMITH"},{"data":"Blade Dance","floor":12,"key":"SMITH"},{"floor":15,"key":"REST"},{"data":"Blade Dance","floor":25,"key":"SMITH"},{"data":"Accuracy","floor":29,"key":"SMITH"},{"data":"Footwork","floor":32,"key":"SMITH"},{"data":"Survivor","floor":40,"key":"SMITH"},{"floor":45,"key":"RECALL"},{"data":"Defend_G","floor":47,"key":"SMITH"},{"data":"Defend_G","floor":49,"key":"SMITH"},{"data":"Defend_G","floor":52,"key":"SMITH"}],"circlet_count":0,"master_deck":["Defend_G+1","Defend_G+1","Defend_G+1","Survivor+1","Neutralize+1","Blade Dance+1","Blade Dance+1","Footwork+1","Blade Dance+1","Accuracy+1","Terror+1","Accuracy+1","A Thousand Cuts+1","A Thousand Cuts+1","Noxious Fumes+1"],"relics":["Ring of the Snake","Mummified Hand","Eternal Feather","Thread and Needle","The Courier","MawBank","Black Star","Snake Skull","Frozen Egg 2","The Specimen","Pantograph","Toy Ornithopter","Bronze Scales","Darkstone Periapt","Sundial","WristBlade","Orrery","Ice Cream","Smiling Mask","Unceasing Top","Blood Vial","CaptainsWheel","Ancient Tea Set","Tough Bandages","Pear","Membership Card","TungstenRod","Nunchaku","Pen Nib","Oddly Smooth Stone","Bag of Marbles","Mercury Hourglass"],"acts_visited":["Exordium","TheCity","TheBeyond","TheEnding"],"potions_floor_usage":[55,55,55],"damage_taken":[{"damage":0,"enemies":"2 Louse","floor":1,"turns":2},{"damage":0,"enemies":"Jaw Worm","floor":2,"turns":3},{"damage":0,"enemies":"Cultist","floor":3,"turns":2},{"damage":0,"enemies":"Looter","floor":4,"turns":3},{"damage":0,"enemies":"Large Slime","floor":5,"turns":4},{"damage":14,"enemies":"Gremlin Nob","floor":6,"turns":5},{"damage":2,"enemies":"Lots of Slimes","floor":10,"turns":5},{"damage":0,"enemies":"Looter","floor":11,"turns":3},{"damage":6,"enemies":"Lagavulin","floor":13,"turns":5},{"damage":0,"enemies":"Large Slime","floor":14,"turns":3},{"damage":32,"enemies":"Hexaghost","floor":16,"turns":12},{"damage":8,"enemies":"2 Thieves","floor":18,"turns":4},{"damage":0,"enemies":"Spheric Guardian","floor":21,"turns":3},{"damage":11,"enemies":"Slavers","floor":23,"turns":4},{"damage":9,"enemies":"Shelled Parasite and Fungi","floor":24,"turns":3},{"damage":0,"enemies":"Gremlin Leader","floor":28,"turns":3},{"damage":6,"enemies":"Slavers","floor":30,"turns":3},{"damage":0,"enemies":"Snecko","floor":31,"turns":2},{"damage":0,"enemies":"Collector","floor":33,"turns":2},{"damage":0,"enemies":"3 Shapes","floor":35,"turns":2},{"damage":0,"enemies":"Orb Walker","floor":36,"turns":2},{"damage":0,"enemies":"Sphere and 2 Shapes","floor":38,"turns":1},{"damage":0,"enemies":"Maw","floor":42,"turns":3},{"damage":0,"enemies":"Reptomancer","floor":44,"turns":2},{"damage":0,"enemies":"Giant Head","floor":46,"turns":3},{"damage":0,"enemies":"Nemesis","floor":48,"turns":1},{"damage":23,"enemies":"Awakened One","floor":50,"turns":5},{"damage":0,"enemies":"Shield and Spear","floor":54,"turns":2},{"damage":45,"enemies":"The Heart","floor":55,"turns":5}],"seed_played":"6468086592765230920","potions_obtained":[{"floor":1,"key":"ColorlessPotion"},{"floor":2,"key":"Energy Potion"},{"floor":4,"key":"Weak Potion"},{"floor":6,"key":"CultistPotion"}],"is_trial":false,"path_per_floor":["M","M","M","M","M","E","?","R","T","M","M","R","E","M","R","B",null,"M","?","$","M","?","E","M","R","T","?","E","R","E","M","R","B",null,"M","M","$","M","?","R","$","M","T","E","R","E","R","E","R","B",null,"R","$","E","B",null],"character_chosen":"THE_SILENT","items_purchased":["Mummified Hand","Blade Dance","Eternal Feather","Blade Dance","Thread and Needle","Snake Skull","Orrery","Ice Cream","Membership Card","TungstenRod","Nunchaku","Pen Nib","Oddly Smooth Stone"],"campfire_rested":1,"item_purchase_floors":[0,0,0,0,0,20,41,41,53,53,53,53,53],"current_hp_per_floor":[28,28,28,28,28,14,14,20,20,18,18,24,18,18,43,11,65,57,57,57,57,57,46,37,43,43,43,43,49,43,43,49,65,65,65,65,65,65,65,65,71,71,71,71,71,71,71,81,81,58,81,81,81,81,36],"gold":34,"neow_bonus":"","is_daily":false,"chose_seed":false,"campfire_upgraded":9,"win_rate":0.0,"timestamp":1607868049,"path_taken":["M","M","M","M","M","E","?","R","T","M","M","R","E","M","R","BOSS","M","?","$","?","?","E","M","R","T","?","E","R","E","M","R","BOSS","M","M","$","M","?","R","$","M","T","E","R","E","R","E","R","BOSS","R","$","E","BOSS"],"items_purchased_type":["Relic","Card","Relic","Card","Relic","Relic","Relic","Relic","Relic","Relic","Relic","Relic","Relic"],"build_version":"2020-11-30","purchased_purges":8,"victory":true,"max_hp_per_floor":[70,70,70,70,70,70,65,65,65,65,65,65,65,65,65,65,65,65,65,65,65,65,65,65,65,65,65,65,65,65,65,65,65,65,65,65,65,65,65,65,71,71,71,71,71,71,71,81,81,81,81,81,81,81,81],"card_choices":[{"not_picked":["Infinite Blades","Calculated Gamble","Acrobatics"],"picked":"SKIP","floor":1},{"not_picked":["Deflect","Dagger Spray","Backstab"],"picked":"SKIP","floor":2},{"not_picked":["Sucker Punch","Finisher","Poisoned Stab"],"picked":"SKIP","floor":3},{"not_picked":["Slice","Tactician","Flying Knee"],"picked":"SKIP","floor":4},{"not_picked":["Deadly Poison","Quick Slash"],"picked":"Footwork","floor":5},{"not_picked":["Finisher","PiercingWail","All Out Attack"],"picked":"SKIP","floor":6},{"not_picked":["Quick Slash","Flying Knee","All Out Attack"],"picked":"SKIP","floor":10},{"not_picked":["Cloak And Dagger","Dash","Deadly Poison"],"picked":"SKIP","floor":11},{"not_picked":["Phantasmal Killer","Finisher"],"picked":"Blade Dance","floor":13},{"not_picked":["Flechettes","Dagger Throw","Concentrate"],"picked":"SKIP","floor":14},{"not_picked":["Skewer","Endless Agony","Bane"],"picked":"SKIP","floor":18},{"not_picked":["Masterful Stab","Distraction"],"picked":"Accuracy","floor":21},{"not_picked":["All Out Attack+1","Calculated Gamble+1"],"picked":"Terror+1","floor":22},{"not_picked":["Expertise+1","Distraction","Reflex"],"picked":"SKIP","floor":23},{"not_picked":["Poisoned Stab+1","Bane"],"picked":"Accuracy+1","floor":24},{"not_picked":["Terror","Riddle With Holes","Prepared+1"],"picked":"SKIP","floor":28},{"not_picked":["Deadly Poison+1","Dodge and Roll","Sucker Punch"],"picked":"SKIP","floor":30},{"not_picked":["Masterful Stab","Poisoned Stab"],"picked":"A Thousand Cuts+1","floor":31},{"not_picked":["Corpse Explosion","Doppelganger"],"picked":"A Thousand Cuts+1","floor":33},{"not_picked":["Leg Sweep","Poisoned Stab+1","Cloak And Dagger+1"],"picked":"SKIP","floor":35},{"not_picked":["PiercingWail+1","Sucker Punch+1","Riddle With Holes+1"],"picked":"SKIP","floor":36},{"not_picked":["Deflect+1","Poisoned Stab","Prepared+1"],"picked":"SKIP","floor":38},{"not_picked":["Masterful Stab+1","Flying Knee+1","Deflect"],"picked":"SKIP","floor":42},{"not_picked":["Masterful Stab","Bane+1","Dagger Spray"],"picked":"SKIP","floor":44},{"not_picked":["Well Laid Plans+1","Blade Dance"],"picked":"Noxious Fumes+1","floor":46},{"not_picked":["All Out Attack","Finisher+1","Flechettes"],"picked":"SKIP","floor":48},{"not_picked":["Backflip+1","Dodge and Roll","Flying Knee+1"],"picked":"SKIP","floor":54}],"player_experience":322510,"relics_obtained":[{"floor":6,"key":"The Courier"},{"floor":13,"key":"MawBank"},{"floor":23,"key":"Frozen Egg 2"},{"floor":23,"key":"The Specimen"},{"floor":26,"key":"Pantograph"},{"floor":28,"key":"Toy Ornithopter"},{"floor":28,"key":"Bronze Scales"},{"floor":30,"key":"Darkstone Periapt"},{"floor":30,"key":"Sundial"},{"floor":43,"key":"Smiling Mask"},{"floor":44,"key":"Unceasing Top"},{"floor":44,"key":"Blood Vial"},{"floor":46,"key":"CaptainsWheel"},{"floor":46,"key":"Ancient Tea Set"},{"floor":48,"key":"Tough Bandages"},{"floor":48,"key":"Pear"},{"floor":54,"key":"Bag of Marbles"},{"floor":54,"key":"Mercury Hourglass"}],"event_choices":[{"damage_healed":0,"gold_gain":0,"player_choice":"Lose Max HP","damage_taken":0,"relics_obtained":["Golden Idol"],"max_hp_gain":0,"max_hp_loss":5,"event_name":"Golden Idol","floor":7,"gold_loss":0},{"cards_removed":["Strike_G"],"damage_healed":0,"gold_gain":0,"player_choice":"Upgrade and Remove","damage_taken":0,"max_hp_gain":0,"max_hp_loss":0,"event_name":"Designer","floor":19,"gold_loss":90,"cards_upgraded":["Blade Dance"]},{"damage_healed":0,"gold_gain":0,"player_choice":"2","damage_taken":0,"max_hp_gain":0,"max_hp_loss":0,"event_name":"betterMatch:BetterMatch","floor":22,"gold_loss":0,"cards_obtained":["betterMatch:UncommonCard"]},{"cards_removed":["Strike_G"],"damage_healed":0,"gold_gain":0,"player_choice":"Give","damage_taken":0,"max_hp_gain":0,"max_hp_loss":0,"event_name":"betterNote:BetterNote","floor":27,"gold_loss":0,"cards_obtained":["Strike_G"]},{"damage_healed":0,"gold_gain":333,"player_choice":"Gave Idol","damage_taken":0,"max_hp_gain":0,"max_hp_loss":0,"event_name":"The Moai Head","floor":39,"relics_lost":["Golden Idol"],"gold_loss":0}],"is_beta":false,"boss_relics":[{"not_picked":["Philosopher\u0027s Stone","SlaversCollar"],"picked":"Black Star"},{"not_picked":["Ring of the Serpent","Sozu"],"picked":"WristBlade"}],"items_purged_floors":[0,0,0,0,0,20,37,41],"is_endless":false,"potions_floor_spawned":[1,2,4,5,6,14,18,23,24,28,30,38,42,44],"ascension_level":4}}