{"host":"x0ovlu53kkkog8rv","time":1607858362,"event":{"mods":["BaseMod","Colored Map","Minty Spire (QoL Compilation)","Quick Restart","SuperFastMode"],"gold_per_floor":[109,109,109,129,229,229,260,260,260,274,51,69,94,112,112,236,236,259,259,259,7,27,27,42,60,109,109,124,150,168,15,15,116,116,130,130,140,140,166,166,199,216,241,241,38,49,0,0,0,0],"floor_reached":51,"playtime":2201,"items_purged":["Strike_P","Injury","Doubt"],"score":786,"play_id":"201caeac-5738-4c23-87f4-26bfcc9cd4c8","local_time":"20201213201922","is_ascension_mode":true,"campfire_choices":[{"data":"FearNoEvil","floor":6,"key":"SMITH"},{"data":"Vigilance","floor":8,"key":"SMITH"},{"floor":15,"key":"REST"},{"data":"Vault","floor":23,"key":"SMITH"},{"floor":27,"key":"REST"},{"data":"MentalFortress","floor":32,"key":"SMITH"},{"data":"FearNoEvil","floor":40,"key":"SMITH"},{"data":"ClearTheMind","floor":49,"key":"SMITH"}],"circlet_count":0,"master_deck":["Eruption+1","Vigilance+1","FearNoEvil+1","Vault+1","Wish","ClearTheMind+1","SashWhip","Nirvana","Tantrum+1","DeceiveReality","Vengeance","TalkToTheHand+1","MentalFortress+1","MentalFortress","MentalFortress+1","LikeWater","JustLucky","FearNoEvil+1","ClearTheMind+1"],"relics":["PureWater","NeowsBlessing","Bloody Idol","Bag of Marbles","Ornamental Fan","Pen Nib","Pandora\u0027s Box","MealTicket","Oddly Smooth Stone","Lantern","Orrery","SacredBark","Akabeko","Whetstone","Juzu Bracelet","Red Mask"],"acts_visited":["Exordium","TheCity","TheBeyond"],"potions_floor_usage":[16,18,18,25,33,33,46,50,50],"damage_taken":[{"damage":0,"enemies":"2 Louse","floor":1,"turns":1},{"damage":0,"enemies":"Small Slimes","floor":4,"turns":1},{"damage":0,"enemies":"3 Sentries","floor":7,"turns":1},{"damage":0,"enemies":"Cultist","floor":10,"turns":1},{"damage":5,"enemies":"Looter","floor":12,"turns":2},{"damage":10,"enemies":"Large Slime","floor":13,"turns":5},{"damage":0,"enemies":"Blue Slaver","floor":14,"turns":2},{"damage":27,"enemies":"Slime Boss","floor":16,"turns":11},{"damage":14,"enemies":"Chosen","floor":18,"turns":2},{"damage":0,"enemies":"Shell Parasite","floor":22,"turns":3},{"damage":16,"enemies":"Centurion and Healer","floor":24,"turns":3},{"damage":15,"enemies":"Snake Plant","floor":25,"turns":5},{"damage":0,"enemies":"Chosen and Byrds","floor":28,"turns":4},{"damage":12,"enemies":"Shelled Parasite and Fungi","floor":30,"turns":4},{"damage":69,"enemies":"Automaton","floor":33,"turns":12},{"damage":69,"enemies":"3 Darklings","floor":35,"turns":8},{"damage":7,"enemies":"Orb Walker","floor":37,"turns":5},{"damage":0,"enemies":"Giant Head","floor":41,"turns":11},{"damage":24,"enemies":"Jaw Worm Horde","floor":42,"turns":6},{"damage":0,"enemies":"3 Darklings","floor":46,"turns":4},{"damage":61,"enemies":"Time Eater","floor":50,"turns":17}],"seed_played":"5938789855406257848","potions_obtained":[{"floor":1,"key":"FearPotion"},{"floor":10,"key":"Weak Potion"},{"floor":12,"key":"BottledMiracle"},{"floor":16,"key":"Fire Potion"},{"floor":24,"key":"Energy Potion"},{"floor":28,"key":"GamblersBrew"},{"floor":30,"key":"Explosive Potion"},{"floor":35,"key":"Energy Potion"},{"floor":37,"key":"ColorlessPotion"}],"is_trial":false,"path_per_floor":["M","?","?","M","?","R","E","R","T","M","$","M","M","M","R","B",null,"M","?","?","$","M","R","M","M","T","R","M","T","M","$","R","B",null,"M","?","M","?","T","R","E","M","T","?","$","M","?","$","R","B",null],"character_chosen":"WATCHER","items_purchased":["Pen Nib","MealTicket","Orrery","StancePotion"],"campfire_rested":2,"item_purchase_floors":[11,21,31,45],"current_hp_per_floor":[72,72,72,72,72,72,72,72,72,72,72,67,57,57,72,45,72,58,58,58,58,63,63,52,42,47,68,72,72,65,72,72,8,72,8,8,6,63,63,63,63,44,49,63,63,63,63,63,63,2],"gold":0,"neow_bonus":"THREE_ENEMY_KILL","is_daily":false,"chose_seed":false,"campfire_upgraded":6,"win_rate":0.0,"timestamp":1607858362,"path_taken":["M","?","?","M","?","R","E","R","T","M","$","M","?","M","R","BOSS","M","?","?","$","M","R","M","M","T","R","M","?","M","?","R","BOSS","M","?","?","?","?","R","E","M","T","?","?","M","?","$","R","BOSS"],"items_purchased_type":["Relic","Relic","Relic","Potion"],"build_version":"2020-11-30","purchased_purges":3,"victory":true,"max_hp_per_floor":[72,72,72,72,72,72,72,72,72,72,72,72,72,72,72,72,72,72,72,72,72,72,72,72,72,72,72,72,72,72,72,72,72,72,72,72,72,63,63,63,63,63,63,63,63,63,63,63,63,63],"card_choices":[{"not_picked":["Study","JustLucky"],"picked":"FearNoEvil","floor":1},{"not_picked":["JustLucky","ThirdEye","Crescendo"],"picked":"SKIP","floor":4},{"not_picked":["WheelKick","BowlingBash","EmptyFist"],"picked":"SKIP","floor":7},{"not_picked":["BattleHymn","Study","CutThroughFate"],"picked":"SKIP","floor":10},{"not_picked":["EmptyFist","Study","Swivel"],"picked":"SKIP","floor":12},{"not_picked":["EmptyFist","Meditate","FollowUp"],"picked":"SKIP","floor":13},{"not_picked":["CutThroughFate","Collect","EmptyFist"],"picked":"SKIP","floor":14},{"not_picked":["ConjureBlade","SpiritShield"],"picked":"Vault","floor":16},{"not_picked":["FlyingSleeves","JustLucky","Nirvana"],"picked":"SKIP","floor":18},{"not_picked":["EmptyFist","Prostrate","FlurryOfBlows"],"picked":"SKIP","floor":22},{"not_picked":["Swivel+1","EmptyBody","BattleHymn"],"picked":"SKIP","floor":24},{"not_picked":["EmptyMind","ForeignInfluence+1"],"picked":"TalkToTheHand","floor":25},{"not_picked":["CrushJoints+1","JustLucky","SashWhip"],"picked":"SKIP","floor":28},{"not_picked":["CarveReality","ReachHeaven"],"picked":"MentalFortress","floor":30},{"not_picked":["Vengeance+1","FollowUp+1"],"picked":"MentalFortress","floor":31},{"not_picked":["EmptyMind","SashWhip+1"],"picked":"MentalFortress+1","floor":31},{"not_picked":["LessonLearned","CutThroughFate"],"picked":"LikeWater","floor":31},{"not_picked":["Crescendo","Protect"],"picked":"JustLucky","floor":35},{"not_picked":["Evaluate+1","Prostrate+1"],"picked":"FearNoEvil","floor":37},{"not_picked":["Wallop+1","BowlingBash","CutThroughFate+1"],"picked":"SKIP","floor":41},{"not_picked":["Crescendo","SandsOfTime+1","Consecrate+1"],"picked":"SKIP","floor":42},{"not_picked":["Swivel+1","CutThroughFate+1"],"picked":"ClearTheMind+1","floor":46}],"player_experience":203992,"relics_obtained":[{"floor":7,"key":"Bag of Marbles"},{"floor":9,"key":"Ornamental Fan"},{"floor":26,"key":"Oddly Smooth Stone"},{"floor":29,"key":"Lantern"},{"floor":39,"key":"Akabeko"},{"floor":41,"key":"Whetstone"},{"floor":43,"key":"Juzu Bracelet"}],"event_choices":[{"damage_healed":0,"gold_gain":0,"player_choice":"Take Wound","damage_taken":0,"relics_obtained":["Golden Idol"],"max_hp_gain":0,"max_hp_loss":0,"event_name":"Golden Idol","floor":2,"gold_loss":0,"cards_obtained":["Injury"]},{"damage_healed":0,"gold_gain":0,"player_choice":"Grow","damage_taken":0,"max_hp_gain":0,"max_hp_loss":0,"event_name":"Living Wall","floor":3,"gold_loss":0,"cards_upgraded":["Eruption"]},{"damage_healed":0,"gold_gain":100,"player_choice":"Pray","damage_taken":0,"max_hp_gain":0,"max_hp_loss":0,"event_name":"Golden Shrine","floor":5,"gold_loss":0},{"damage_healed":0,"gold_gain":0,"player_choice":"Gave Idol","damage_taken":0,"relics_obtained":["Bloody Idol"],"max_hp_gain":0,"max_hp_loss":0,"event_name":"Forgotten Altar","floor":19,"relics_lost":["Golden Idol"],"gold_loss":0},{"damage_healed":0,"gold_gain":0,"player_choice":"Ignored","damage_taken":0,"max_hp_gain":0,"max_hp_loss":0,"event_name":"Vampires","floor":20,"gold_loss":0},{"damage_healed":0,"gold_gain":0,"player_choice":"0 cards matched","damage_taken":0,"max_hp_gain":0,"max_hp_loss":0,"event_name":"Match and Keep!","floor":36,"gold_loss":0,"cards_obtained":[]},{"damage_healed":63,"gold_gain":0,"player_choice":"Heal","damage_taken":0,"max_hp_gain":0,"max_hp_loss":9,"event_name":"The Moai Head","floor":38,"gold_loss":0},{"damage_healed":14,"gold_gain":0,"player_choice":"Heal","damage_taken":0,"max_hp_gain":0,"max_hp_loss":0,"event_name":"MindBloom","floor":44,"gold_loss":0,"cards_obtained":["Doubt"]},{"damage_healed":0,"gold_gain":0,"player_choice":"Paid","damage_taken":0,"relics_obtained":["Red Mask"],"max_hp_gain":0,"max_hp_loss":0,"event_name":"Tomb of Lord Red Mask","floor":47,"gold_loss":49}],"is_beta":false,"boss_relics":[{"not_picked":["Calling Bell","Black Star"],"picked":"Pandora\u0027s Box"},{"not_picked":["Sozu","Cursed Key"],"picked":"SacredBark"}],"items_purged_floors":[11,21,45],"is_endless":false,"potions_floor_spawned":[1,10,12,16,24,28,30,35,37],"ascension_level":1}}