{"host":"27hat5v0dffgaxzm","time":1607873858,"event":{"mods":["BaseMod","Colored Map","Colored Powertips","Highlight Path","Minty Spire (QoL Compilation)","Permanent Neow","Quick Restart"],"gold_per_floor":[113,132,147,159,169,204,204,262,334,509,542,560,15,31,31,134,134,144,144,155,55,69,98,98,123,123,157,170,181,206,406,406,502,502,516,526,550,550,73,73,98,113,113,129,129,183,212,231,231,231,231],"floor_reached":50,"playtime":2096,"items_purged":["Doubt","Decay","Strike_R"],"score":942,"play_id":"3358a4f9-89b2-47ab-b7a9-4c4adfe880d9","local_time":"20201214003738","is_ascension_mode":true,"campfire_choices":[{"data":"Uppercut","floor":7.0,"key":"SMITH"},{"data":"Panacea","floor":15.0,"key":"SMITH"},{"data":"Immolate","floor":24.0,"key":"SMITH"},{"data":"Pommel Strike","floor":32.0,"key":"SMITH"},{"data":"Warcry","floor":40.0,"key":"SMITH"},{"data":"Shockwave","floor":45.0,"key":"SMITH"},{"data":"Ghostly Armor","floor":49.0,"key":"SMITH"}],"circlet_count":0,"master_deck":["Strike_R","Strike_R","Strike_R","Defend_R","Defend_R","Defend_R","Bash","Uppercut+1","Ghostly Armor+1","Immolate+1","Feel No Pain","Flame Barrier","Fire Breathing","Panacea+1","Pommel Strike+1","Reaper","Warcry+1","Warcry","Armaments+1","Feel No Pain","Headbutt","Finesse","Headbutt","Shockwave+1","Parasite","Dropkick","Flame Barrier+1"],"relics":["Burning Blood","Bird Faced Urn","Mango","Darkstone Periapt","Orichalcum","Akabeko","Bottled Flame","Busted Crown","HornCleat","Calipers","Paper Frog","Blood Vial","Thread and Needle","Philosopher\u0027s Stone","Anchor","Happy Flower","Gremlin Horn","Blue Candle","Oddly Smooth Stone","Frozen Egg 2"],"acts_visited":["Exordium","TheCity","TheBeyond"],"potions_floor_usage":[50,50],"damage_taken":[{"damage":11.0,"enemies":"Cultist","floor":1.0,"turns":4.0},{"damage":4.0,"enemies":"Jaw Worm","floor":2.0,"turns":3.0},{"damage":8.0,"enemies":"Small Slimes","floor":3.0,"turns":3.0},{"damage":14.0,"enemies":"Exordium Wildlife","floor":4.0,"turns":5.0},{"damage":20.0,"enemies":"Gremlin Gang","floor":5.0,"turns":4.0},{"damage":10.0,"enemies":"3 Sentries","floor":6.0,"turns":3.0},{"damage":26.0,"enemies":"Gremlin Nob","floor":8.0,"turns":4.0},{"damage":45.0,"enemies":"Lagavulin","floor":11.0,"turns":8.0},{"damage":0.0,"enemies":"Exordium Thugs","floor":12.0,"turns":4.0},{"damage":9.0,"enemies":"Red Slaver","floor":14.0,"turns":3.0},{"damage":26.0,"enemies":"Hexaghost","floor":16.0,"turns":11.0},{"damage":11.0,"enemies":"Shell Parasite","floor":18.0,"turns":5.0},{"damage":6.0,"enemies":"Chosen","floor":20.0,"turns":4.0},{"damage":6.0,"enemies":"Snake Plant","floor":22.0,"turns":3.0},{"damage":31.0,"enemies":"Slavers","floor":23.0,"turns":3.0},{"damage":58.0,"enemies":"Book of Stabbing","floor":25.0,"turns":6.0},{"damage":0.0,"enemies":"Gremlin Leader","floor":27.0,"turns":4.0},{"damage":7.0,"enemies":"Centurion and Healer","floor":28.0,"turns":8.0},{"damage":8.0,"enemies":"Shelled Parasite and Fungi","floor":29.0,"turns":5.0},{"damage":26.0,"enemies":"Slavers","floor":30.0,"turns":4.0},{"damage":57.0,"enemies":"Collector","floor":33.0,"turns":12.0},{"damage":0.0,"enemies":"3 Shapes","floor":35.0,"turns":1.0},{"damage":22.0,"enemies":"3 Darklings","floor":36.0,"turns":6.0},{"damage":95.0,"enemies":"Nemesis","floor":41.0,"turns":9.0},{"damage":0.0,"enemies":"Sphere and 2 Shapes","floor":42.0,"turns":2.0},{"damage":18.0,"enemies":"Writhing Mass","floor":44.0,"turns":6.0},{"damage":79.0,"enemies":"Giant Head","floor":47.0,"turns":10.0},{"damage":0.0,"enemies":"Jaw Worm Horde","floor":48.0,"turns":3.0},{"damage":81,"enemies":"Donu and Deca","floor":50,"turns":7}],"seed_played":"-8970209141515380891","potions_obtained":[{"floor":1.0,"key":"FairyPotion"},{"floor":2.0,"key":"SmokeBomb"},{"floor":4.0,"key":"Energy Potion"},{"floor":12.0,"key":"Fruit Juice"},{"floor":14.0,"key":"Block Potion"},{"floor":18.0,"key":"FairyPotion"},{"floor":22.0,"key":"BlessingOfTheForge"},{"floor":25.0,"key":"LiquidMemories"},{"floor":28.0,"key":"Block Potion"},{"floor":30.0,"key":"FearPotion"},{"floor":33.0,"key":"Dexterity Potion"},{"floor":36.0,"key":"Regen Potion"}],"is_trial":false,"path_per_floor":["M","M","M","M","M","E","R","?","T","?","E","M","$","M","R","B",null,"M","?","M","$","M","E","R","E","T","E","M","M","E","?","R","B",null,"M","M","T","?","$","R","E","M","T","M","R","T","E","M","R","B"],"character_chosen":"IRONCLAD","items_purchased":["Akabeko","Bottled Flame","Panacea","Anchor","Happy Flower","Headbutt"],"campfire_rested":0,"item_purchase_floors":[13,13,13,39,39,39],"current_hp_per_floor":[46,48,46,38,24,20,20,44,44,50,13,26,26,25,25,9,81,82,88,96,96,102,91,91,49,49,77,93,97,93,93,93,50,96,104,99,99,89,89,89,13,23,23,30,30,30,21,39,39,0,0],"gold":231,"neow_bonus":"REMOVE_TWO","is_daily":false,"chose_seed":false,"campfire_upgraded":7,"win_rate":0.0,"timestamp":1607873858,"path_taken":["M","M","M","M","?","E","R","?","T","?","E","M","$","M","R","BOSS","M","?","?","$","M","E","R","E","T","E","M","M","E","?","R","BOSS","M","M","?","?","?","R","E","?","T","M","R","?","E","M","R","BOSS"],"items_purchased_type":["Relic","Relic","Card","Relic","Relic","Card"],"build_version":"2020-11-30","purchased_purges":3,"victory":false,"max_hp_per_floor":[80,80,80,80,80,80,80,94,94,100,100,105,105,105,105,105,105,105,111,111,111,111,111,111,111,111,111,111,111,111,111,111,111,111,111,111,111,111,111,111,111,111,111,117,117,117,117,117,117,117,117],"card_choices":[{"not_picked":["Perfected Strike","Seeing Red"],"picked":"Uppercut","floor":1.0},{"not_picked":["Flex","Twin Strike","Heavy Blade"],"picked":"SKIP","floor":2.0},{"not_picked":["Iron Wave","Disarm"],"picked":"Ghostly Armor","floor":3.0},{"not_picked":["Clash","Body Slam","Iron Wave"],"picked":"SKIP","floor":4.0},{"not_picked":["Sword Boomerang","Heavy Blade"],"picked":"Immolate","floor":5.0},{"not_picked":["Heavy Blade","Pommel Strike"],"picked":"Feel No Pain","floor":6.0},{"not_picked":["Sword Boomerang","Shockwave"],"picked":"Flame Barrier","floor":8.0},{"not_picked":["Brutality","Inflame"],"picked":"Fire Breathing","floor":11.0},{"not_picked":["Clothesline","Clash","Body Slam"],"picked":"SKIP","floor":12.0},{"not_picked":["Clash","Body Slam"],"picked":"Pommel Strike","floor":14.0},{"not_picked":["Exhume","Limit Break"],"picked":"Reaper","floor":16.0},{"not_picked":["Iron Wave"],"picked":"SKIP","floor":18.0},{"not_picked":[],"picked":"Warcry","floor":20.0},{"not_picked":[],"picked":"Warcry","floor":22.0},{"not_picked":["Uppercut"],"picked":"SKIP","floor":23.0},{"not_picked":[],"picked":"Armaments+1","floor":25.0},{"not_picked":[],"picked":"Feel No Pain","floor":27.0},{"not_picked":["Flame Barrier"],"picked":"SKIP","floor":28.0},{"not_picked":["Wild Strike+1"],"picked":"SKIP","floor":29.0},{"not_picked":["Second Wind"],"picked":"SKIP","floor":30.0},{"not_picked":["Feel No Pain"],"picked":"SKIP","floor":35.0},{"not_picked":[],"picked":"Headbutt","floor":36.0},{"not_picked":[],"picked":"Finesse","floor":38.0},{"not_picked":["Rampage"],"picked":"SKIP","floor":41.0},{"not_picked":[],"picked":"Shockwave","floor":42.0},{"not_picked":[],"picked":"Dropkick","floor":44.0},{"not_picked":["Clothesline+1"],"picked":"SKIP","floor":47.0},{"not_picked":[],"picked":"Flame Barrier+1","floor":48.0}],"player_experience":313573,"relics_obtained":[{"floor":6.0,"key":"Bird Faced Urn"},{"floor":8.0,"key":"Mango"},{"floor":9.0,"key":"Darkstone Periapt"},{"floor":11.0,"key":"Orichalcum"},{"floor":23.0,"key":"HornCleat"},{"floor":25.0,"key":"Calipers"},{"floor":26.0,"key":"Paper Frog"},{"floor":27.0,"key":"Blood Vial"},{"floor":30.0,"key":"Thread and Needle"},{"floor":41.0,"key":"Gremlin Horn"},{"floor":43.0,"key":"Blue Candle"},{"floor":46.0,"key":"Oddly Smooth Stone"},{"floor":47.0,"key":"Frozen Egg 2"}],"event_choices":[{"damage_healed":0.0,"max_hp_gain":0.0,"max_hp_loss":0.0,"gold_gain":30.0,"event_name":"Dead Adventurer","player_choice":"Searched \u00272\u0027 times","floor":8.0,"gold_loss":0.0,"damage_taken":0.0},{"damage_healed":0.0,"max_hp_gain":0.0,"max_hp_loss":0.0,"gold_gain":175.0,"event_name":"Liars Game","player_choice":"AGREE","floor":10.0,"gold_loss":0.0,"damage_taken":0.0,"cards_obtained":["Doubt"]},{"damage_healed":0.0,"max_hp_gain":0.0,"max_hp_loss":0.0,"gold_gain":0.0,"event_name":"Wheel of Change","player_choice":"Cursed","floor":19.0,"gold_loss":0.0,"damage_taken":0.0,"cards_obtained":["Decay"]},{"damage_healed":0.0,"max_hp_gain":0.0,"max_hp_loss":0.0,"gold_gain":200.0,"event_name":"Wheel of Change","player_choice":"Gold","floor":31.0,"gold_loss":0.0,"damage_taken":0.0},{"damage_healed":0.0,"max_hp_gain":0.0,"max_hp_loss":0.0,"gold_gain":0.0,"event_name":"SensoryStone","player_choice":"Memory 3","floor":38.0,"gold_loss":0.0,"damage_taken":10.0}],"is_beta":false,"boss_relics":[{"not_picked":["Snecko Eye","Ectoplasm"],"picked":"Busted Crown"},{"not_picked":["Pandora\u0027s Box","Sozu"],"picked":"Philosopher\u0027s Stone"}],"items_purged_floors":[13,21,39],"is_endless":false,"potions_floor_spawned":[1,2,4,12,14,18,22,25,28,30,33,36,44],"killed_by":"Donu and Deca","ascension_level":8}}