{"host":"f0gpob8hq9vgebej","time":1607872567,"event":{"mods":["AchievementEnabler","BaseMod","Googly Eyes","Minty Spire (QoL Compilation)","Quick Restart","SuperFastMode"],"gold_per_floor":[109,120,134,12,24,24,24,24,24,24,61,90,108,129,129,239,320,339,249,262,93,114,114,132,132,132,147,182,57,82,102,102,201,201,217,217,217,227,89,89,117,126,126,126,139,174,198,11,20,20,20],"floor_reached":50,"playtime":1794,"items_purged":["Normality","Well Laid Plans","Masterful Stab","Unload"],"score":579,"play_id":"055b061d-eda7-4cbc-9dad-d620a9b7aab5","local_time":"20201214001607","is_ascension_mode":true,"campfire_choices":[{"data":"Tactician","floor":6.0,"key":"SMITH"},{"data":"Neutralize","floor":8.0,"key":"SMITH"},{"floor":15.0,"key":"REST"},{"data":"Burst","floor":23.0,"key":"SMITH"},{"floor":25.0,"key":"REST"},{"floor":32.0,"key":"REST"},{"data":"Noxious Fumes","floor":40,"key":"SMITH"},{"floor":42,"key":"REST"},{"floor":44,"key":"REST"},{"floor":49,"key":"REST"}],"circlet_count":0,"master_deck":["Survivor","Neutralize+1","Sadistic Nature+1","Finisher","Blade Dance","Acrobatics","Tactician+1","Terror","Venomology","Poisoned Stab","Burst+1","Cloak And Dagger","Well Laid Plans","Leg Sweep","Noxious Fumes+1","Blade Dance","Prepared","Backflip+1","Heel Hook+1","Prepared+1","Adrenaline","Acrobatics","Poisoned Stab","Heel Hook"],"relics":["Ring of the Snake","Snake Skull","Blue Candle","CeramicFish","Pandora\u0027s Box","Mango","Potion Belt","Empty Cage","Orrery","Dream Catcher","Darkstone Periapt","PreservedInsect"],"acts_visited":["Exordium","TheCity","TheBeyond"],"potions_floor_usage":[38,38,38,41,41,41,41,45,46,46,46,47,47,50,50,50,50,50,50],"damage_taken":[{"damage":0.0,"enemies":"Jaw Worm","floor":1.0,"turns":4.0},{"damage":6.0,"enemies":"Cultist","floor":2.0,"turns":5.0},{"damage":7.0,"enemies":"Small Slimes","floor":3.0,"turns":4.0},{"damage":4.0,"enemies":"Looter","floor":5.0,"turns":3.0},{"damage":32.0,"enemies":"3 Sentries","floor":11.0,"turns":8.0},{"damage":0.0,"enemies":"3 Louse","floor":12.0,"turns":2.0},{"damage":1.0,"enemies":"2 Fungi Beasts","floor":13.0,"turns":3.0},{"damage":1.0,"enemies":"Exordium Thugs","floor":14.0,"turns":3.0},{"damage":22.0,"enemies":"The Guardian","floor":16.0,"turns":11.0},{"damage":0.0,"enemies":"3 Byrds","floor":18.0,"turns":4.0},{"damage":10.0,"enemies":"2 Thieves","floor":20.0,"turns":3.0},{"damage":18.0,"enemies":"Centurion and Healer","floor":22.0,"turns":4.0},{"damage":28.0,"enemies":"Sentry and Sphere","floor":24.0,"turns":5.0},{"damage":8.0,"enemies":"Chosen and Byrds","floor":27.0,"turns":5.0},{"damage":27.0,"enemies":"Book of Stabbing","floor":28.0,"turns":5.0},{"damage":7.0,"enemies":"Snake Plant","floor":30.0,"turns":5.0},{"damage":4.0,"enemies":"Sentry and Sphere","floor":31.0,"turns":5.0},{"damage":22.0,"enemies":"Champ","floor":33.0,"turns":9.0},{"damage":10.0,"enemies":"3 Darklings","floor":35.0,"turns":3.0},{"damage":16,"enemies":"Orb Walker","floor":38,"turns":4},{"damage":32,"enemies":"Reptomancer","floor":41,"turns":7},{"damage":11,"enemies":"Maw","floor":45,"turns":6},{"damage":14,"enemies":"Giant Head","floor":46,"turns":7},{"damage":17,"enemies":"Writhing Mass","floor":47,"turns":7},{"damage":59,"enemies":"Awakened One","floor":50,"turns":11}],"seed_played":"3683329940371329978","potions_obtained":[{"floor":2.0,"key":"DuplicationPotion"},{"floor":5.0,"key":"FearPotion"},{"floor":12.0,"key":"GamblersBrew"},{"floor":13.0,"key":"SpeedPotion"},{"floor":14.0,"key":"Block Potion"},{"floor":28.0,"key":"Block Potion"},{"floor":33.0,"key":"SpeedPotion"},{"floor":41,"key":"EssenceOfSteel"},{"floor":45,"key":"ColorlessPotion"},{"floor":46,"key":"Energy Potion"},{"floor":47,"key":"SkillPotion"}],"is_trial":false,"path_per_floor":["M","M","M","$","M","R","?","R","T","?","E","M","M","M","R","B",null,"M","?","M","$","M","R","M","R","T","M","E","$","M","M","R","B",null,"M","?","?","M","$","R","E","R","T","R","M","E","M","$","R","B"],"character_chosen":"THE_SILENT","items_purchased":["Acrobatics","Noxious Fumes","Orrery","Poisoned Stab"],"campfire_rested":6,"item_purchase_floors":[4,21,39,48],"current_hp_per_floor":[70,64,57,57,53,53,46,46,46,39,7,7,6,5,26,4,70,70,70,60,60,42,42,14,35,49,41,14,14,7,3,28,6,84,74,74,74,58,58,58,26,50,50,74,63,58,41,41,65,6,6],"gold":20,"neow_bonus":"RANDOM_COLORLESS_2","is_daily":false,"chose_seed":false,"campfire_upgraded":4,"win_rate":0.0,"timestamp":1607872567,"path_taken":["M","M","M","$","M","R","?","R","T","?","E","M","M","M","R","BOSS","M","?","M","$","M","R","M","R","T","M","E","$","M","M","R","BOSS","M","?","?","M","$","R","E","R","T","R","M","E","M","$","R","BOSS"],"items_purchased_type":["Card","Card","Relic","Card"],"build_version":"2020-11-30","purchased_purges":4,"victory":false,"max_hp_per_floor":[70,70,70,70,70,70,70,70,70,70,70,70,70,70,70,70,70,70,70,70,70,70,70,70,70,84,84,84,84,84,84,84,84,84,84,80,80,80,80,80,80,80,80,80,80,80,80,80,80,80,80],"card_choices":[{"not_picked":["HandOfGreed","Transmutation"],"picked":"Sadistic Nature","floor":0.0},{"not_picked":["Predator","Cloak And Dagger"],"picked":"Dagger Spray","floor":1.0},{"not_picked":["Dagger Spray","Caltrops"],"picked":"Finisher","floor":2.0},{"not_picked":["Deflect","Choke"],"picked":"Blade Dance","floor":3.0},{"not_picked":["Heel Hook","Predator"],"picked":"Tactician","floor":5.0},{"not_picked":["Eviscerate","Underhanded Strike"],"picked":"Terror","floor":11.0},{"not_picked":["Eviscerate","Dagger Spray"],"picked":"Venomology","floor":12.0},{"not_picked":["Expertise","Bane","Quick Slash"],"picked":"SKIP","floor":13.0},{"not_picked":["Sucker Punch","Acrobatics"],"picked":"Poisoned Stab","floor":14.0},{"not_picked":["A Thousand Cuts","Tools of the Trade"],"picked":"Burst","floor":16.0},{"not_picked":["Outmaneuver","Quick Slash","Blur+1"],"picked":"SKIP","floor":18.0},{"not_picked":["All Out Attack","Dagger Throw","Concentrate"],"picked":"SKIP","floor":20.0},{"not_picked":["Poisoned Stab","Bane"],"picked":"Blade Dance","floor":22.0},{"not_picked":["Distraction","Burst","Slice"],"picked":"SKIP","floor":24.0},{"not_picked":["Bane+1","Distraction","Masterful Stab"],"picked":"SKIP","floor":27.0},{"not_picked":["Bullet Time","Sucker Punch"],"picked":"Prepared","floor":28.0},{"not_picked":["PiercingWail","Dagger Throw"],"picked":"Backflip+1","floor":30.0},{"not_picked":["Quick Slash+1","Poisoned Stab","Acrobatics"],"picked":"SKIP","floor":31.0},{"not_picked":["Sucker Punch","PiercingWail+1","Noxious Fumes+1"],"picked":"SKIP","floor":35.0},{"not_picked":["Finisher+1","Quick Slash","Deflect"],"picked":"SKIP","floor":38},{"not_picked":["Leg Sweep","Bane"],"picked":"Heel Hook+1","floor":39},{"not_picked":["Bane","Flying Knee","Unload"],"picked":"SKIP","floor":41},{"not_picked":["All Out Attack+1","Flying Knee"],"picked":"Prepared+1","floor":42},{"not_picked":["Cloak And Dagger+1","Bouncing Flask","Quick Slash+1"],"picked":"SKIP","floor":45},{"not_picked":["Flying Knee","Slice+1"],"picked":"Adrenaline","floor":46},{"not_picked":["Sucker Punch+1","Caltrops"],"picked":"Acrobatics","floor":47},{"not_picked":["PiercingWail+1","Underhanded Strike"],"picked":"Heel Hook","floor":49}],"player_experience":125222,"relics_obtained":[{"floor":9.0,"key":"Blue Candle"},{"floor":11.0,"key":"CeramicFish"},{"floor":26.0,"key":"Mango"},{"floor":28.0,"key":"Potion Belt"},{"floor":41,"key":"Dream Catcher"},{"floor":43,"key":"Darkstone Periapt"},{"floor":46,"key":"PreservedInsect"}],"event_choices":[{"damage_healed":0.0,"max_hp_gain":0.0,"max_hp_loss":0.0,"gold_gain":0.0,"event_name":"Scrap Ooze","player_choice":"Success","floor":7.0,"gold_loss":0.0,"damage_taken":7.0,"relics_obtained":["Snake Skull"]},{"cards_removed":["Strike_G"],"damage_healed":0.0,"max_hp_gain":0.0,"max_hp_loss":0.0,"gold_gain":0.0,"event_name":"Golden Wing","player_choice":"Card Removal","floor":10.0,"gold_loss":0.0,"damage_taken":7.0},{"cards_removed":["Bullet Time"],"damage_healed":0.0,"max_hp_gain":0.0,"max_hp_loss":0.0,"gold_gain":0.0,"event_name":"Designer","player_choice":"Upgrade and Remove","floor":19.0,"gold_loss":90.0,"damage_taken":0.0,"cards_upgraded":["Sadistic Nature"]},{"damage_healed":0.0,"max_hp_gain":0.0,"max_hp_loss":4.0,"gold_gain":0.0,"event_name":"Winding Halls","player_choice":"Max HP","floor":36.0,"gold_loss":0.0,"damage_taken":0.0},{"cards_removed":["Dagger Spray"],"damage_healed":0.0,"max_hp_gain":0.0,"max_hp_loss":0.0,"gold_gain":0.0,"event_name":"Falling","player_choice":"Removed Attack","floor":37.0,"gold_loss":0.0,"damage_taken":0.0}],"is_beta":false,"boss_relics":[{"not_picked":["Runic Dome","Fusion Hammer"],"picked":"Pandora\u0027s Box"},{"not_picked":["Philosopher\u0027s Stone","Busted Crown"],"picked":"Empty Cage"}],"items_purged_floors":[4,21,29,48],"is_endless":false,"potions_floor_spawned":[2,5,12,13,14,18,24,28,33,41,45,46,47],"killed_by":"Awakened One","ascension_level":2}}