{"host":"ow9msrs9p2ctkx99","time":1607870096,"event":{"mods":["AchievementEnabler","BaseMod","Colored Map","Colored Powertips","Minty Spire (QoL Compilation)","Permanent Neow","Quick Restart","SuperFastMode"],"gold_per_floor":[113,213,227,227,227,253,318,318,318,352,367,367,442,459,459,559,559,573,498,498,498,518,518,518,518],"floor_reached":24,"playtime":397,"items_purged":[],"score":352,"play_id":"16625754-aa92-4529-b58b-a80be4cf1e31","local_time":"20201213153456","is_ascension_mode":true,"campfire_choices":[{"data":"Strike_B","floor":8,"key":"PURGE"},{"data":"Darkness","floor":12,"key":"SMITH"},{"floor":15,"key":"REST"},{"floor":23,"key":"REST"}],"circlet_count":0,"master_deck":["AscendersBane","Defend_B","Defend_B","Defend_B+1","Zap+1","Dualcast","Cold Snap","Conserve Battery","Doom and Gloom","Darkness+1","Skim","Rebound","Sweeping Beam","Fission","Hologram","Thunder Strike","Darkness","Coolheaded"],"relics":["Cracked Core","NeowsBlessing","Peace Pipe","Juzu Bracelet","Gremlin Horn","Thread and Needle","SacredBark"],"acts_visited":["Exordium","TheCity"],"potions_floor_usage":[7,10,16,24,24],"damage_taken":[{"damage":0,"enemies":"Cultist","floor":1,"turns":1},{"damage":0,"enemies":"Small Slimes","floor":3,"turns":1},{"damage":0,"enemies":"3 Sentries","floor":6,"turns":1},{"damage":14,"enemies":"Lagavulin Event","floor":7,"turns":5},{"damage":8,"enemies":"Lagavulin","floor":10,"turns":6},{"damage":0,"enemies":"2 Louse","floor":11,"turns":2},{"damage":0,"enemies":"Exordium Thugs","floor":14,"turns":3},{"damage":31,"enemies":"The Guardian","floor":16,"turns":9},{"damage":8,"enemies":"Chosen","floor":18,"turns":4},{"damage":26,"enemies":"2 Thieves","floor":22,"turns":4},{"damage":49,"enemies":"Book of Stabbing","floor":24,"turns":8}],"seed_played":"-8865573102555543102","potions_obtained":[{"floor":1,"key":"Fire Potion"},{"floor":7,"key":"EssenceOfDarkness"},{"floor":10,"key":"Strength Potion"},{"floor":14,"key":"Dexterity Potion"},{"floor":22,"key":"Weak Potion"}],"is_trial":false,"path_per_floor":["M","?","M","?","?","E","?","R","T","E","M","R","?","M","R","B",null,"M","?","?","?","M","R","E"],"character_chosen":"DEFECT","items_purchased":[],"campfire_rested":2,"item_purchase_floors":[],"current_hp_per_floor":[68,68,68,68,53,53,39,39,39,31,31,31,20,20,42,11,59,51,51,51,51,25,47,0,0],"gold":518,"neow_bonus":"THREE_ENEMY_KILL","is_daily":false,"chose_seed":false,"campfire_upgraded":1,"win_rate":0.0,"timestamp":1607870096,"path_taken":["M","?","?","?","?","E","?","R","T","E","M","R","?","M","R","BOSS","M","?","?","?","M","R","E"],"items_purchased_type":[],"build_version":"2020-11-30","purchased_purges":0,"victory":false,"max_hp_per_floor":[75,75,75,75,75,75,75,75,75,75,75,75,75,75,75,75,75,75,75,75,75,75,75,75,75],"card_choices":[{"not_picked":["Scrape","Leap"],"picked":"Cold Snap","floor":1},{"not_picked":["Heatsinks","Streamline"],"picked":"Conserve Battery","floor":3},{"not_picked":["Aggregate","Skim"],"picked":"Doom and Gloom","floor":6},{"not_picked":["Compile Driver","Ball Lightning"],"picked":"Darkness","floor":7},{"not_picked":["Cold Snap","Doom and Gloom"],"picked":"Skim","floor":10},{"not_picked":["Redo","Ball Lightning"],"picked":"Rebound","floor":11},{"not_picked":["Rip and Tear","Blizzard"],"picked":"Sweeping Beam","floor":14},{"not_picked":["Hyperbeam","Meteor Strike"],"picked":"Fission","floor":16},{"not_picked":["Steam Power","Rip and Tear"],"picked":"Hologram","floor":18},{"not_picked":["Scrape","Beam Cell+1"],"picked":"Coolheaded","floor":22}],"player_experience":1017689,"relics_obtained":[{"floor":6,"key":"Peace Pipe"},{"floor":7,"key":"Juzu Bracelet"},{"floor":9,"key":"Gremlin Horn"},{"floor":10,"key":"Thread and Needle"}],"event_choices":[{"damage_healed":0,"gold_gain":100,"player_choice":"Gold","damage_taken":0,"max_hp_gain":0,"max_hp_loss":0,"event_name":"Wheel of Change","floor":2,"gold_loss":0},{"cards_removed":["Strike_B"],"damage_healed":0,"gold_gain":0,"player_choice":"Forget","damage_taken":0,"max_hp_gain":0,"max_hp_loss":0,"event_name":"Living Wall","floor":4,"gold_loss":0},{"damage_healed":0,"gold_gain":0,"player_choice":"Entered Light","damage_taken":15,"max_hp_gain":0,"max_hp_loss":0,"event_name":"Shining Light","floor":5,"gold_loss":0,"cards_upgraded":["Defend_B","Zap"]},{"damage_healed":0,"gold_gain":0,"player_choice":"Searched \u00271\u0027 times","damage_taken":0,"max_hp_gain":0,"max_hp_loss":0,"event_name":"Dead Adventurer","floor":7,"gold_loss":0},{"damage_healed":0,"gold_gain":75,"player_choice":"Gather Gold","damage_taken":11,"max_hp_gain":0,"max_hp_loss":0,"event_name":"World of Goop","floor":13,"gold_loss":0},{"cards_removed":["Strike_B"],"damage_healed":0,"gold_gain":0,"player_choice":"Gave Gold","damage_taken":0,"max_hp_gain":0,"max_hp_loss":0,"event_name":"Beggar","floor":19,"gold_loss":75},{"damage_healed":0,"gold_gain":0,"player_choice":"0 cards matched","damage_taken":0,"max_hp_gain":0,"max_hp_loss":0,"event_name":"Match and Keep!","floor":20,"gold_loss":0,"cards_obtained":[]},{"damage_healed":0,"gold_gain":0,"cards_transformed":["Strike_B","Defend_B"],"player_choice":"Became Test Subject","damage_taken":0,"max_hp_gain":0,"max_hp_loss":0,"event_name":"Drug Dealer","floor":21,"gold_loss":0,"cards_obtained":["Thunder Strike","Darkness"]}],"is_beta":false,"boss_relics":[{"not_picked":["Snecko Eye","Pandora\u0027s Box"],"picked":"SacredBark"}],"items_purged_floors":[],"is_endless":false,"potions_floor_spawned":[1,7,10,14,22],"killed_by":"Book of Stabbing","ascension_level":11}}