{"host":"04aht2z7d1qbuefv","time":1607902157,"event":{"mods":["AchievementEnabler","BaseMod","Downfall","Minty Spire (QoL Compilation)","StSLib","The Cursed","The Necromancer"],"gold_per_floor":[99,112,37,51,51,86,86,101,11,36,53,66,66,77,97,195,195,120,152,163,48,62,97,167,167,182,213,228,242,242,261,261,261],"floor_reached":32,"playtime":2437,"items_purged":["TheCursedMod:Strike_TheCursed","TheCursedMod:DarkBarrier"],"score":391,"play_id":"13ecb561-d15a-4e21-b455-e7afd7baa966","local_time":"20201213202917","is_ascension_mode":false,"campfire_choices":[{"floor":1.0,"key":"RECALL"},{"data":"TheCursedMod:EmpowerCircles","floor":3.0,"key":"SMITH"},{"data":"TheCursedMod:CleanUpWorkshop","floor":5.0,"key":"SMITH"},{"data":"TheCursedMod:AntiAging","floor":18.0,"key":"SMITH"},{"floor":25.0,"key":"REST"}],"circlet_count":0,"master_deck":["TheCursedMod:Strike_TheCursed","TheCursedMod:Strike_TheCursed","TheCursedMod:Strike_TheCursed","TheCursedMod:Defend_TheCursed","TheCursedMod:Defend_TheCursed","TheCursedMod:Defend_TheCursed","TheCursedMod:Defend_TheCursed","TheCursedMod:CursedWand","TheCursedMod:CleanUpWorkshop+1","TheCursedMod:Dregs","TheCursedMod:Dregs","TheCursedMod:DemonSword","TheCursedMod:EmpowerCircles+1","TheCursedMod:SoulReap","TheCursedMod:CircleOfFlame","TheCursedMod:CursedShiv","TheCursedMod:CircleOfFocus","TheCursedMod:FleshFromBone","TheCursedMod:Grudge","TheCursedMod:AntiAging+1","TheCursedMod:CircleOfCorruption","TheCursedMod:CursedBlade+1","TheCursedMod:RapidMovement+1","TheCursedMod:Wield+1","TheCursedMod:SoulReap","TheCursedMod:SmokeScreen+1","TheCursedMod:HellsGateOpen"],"relics":["TheCursedMod:BlackMagic101","downfall:HeartBlessingRed","Ancient Tea Set","Letter Opener","Black Star","downfall:HeartBlessingGreen","Question Card","Turnip","TheCursedMod:Tack","Potion Belt","Toy Ornithopter","Ginger","downfall:RedIOU"],"acts_visited":["Exordium","TheCity"],"potions_floor_usage":[27,29,29],"damage_taken":[{"damage":0.0,"enemies":"Cultist","floor":2.0,"turns":3.0},{"damage":5.0,"enemies":"Small Slimes","floor":4.0,"turns":4.0},{"damage":21.0,"enemies":"Gremlin Nob","floor":6.0,"turns":4.0},{"damage":1.0,"enemies":"Jaw Worm","floor":8.0,"turns":3.0},{"damage":10.0,"enemies":"downfall:FleeingMerchant","floor":9.0,"turns":4.0},{"damage":13.0,"enemies":"3 Sentries","floor":10.0,"turns":6.0},{"damage":8.0,"enemies":"2 Fungi Beasts","floor":11.0,"turns":3.0},{"damage":8.0,"enemies":"Gremlin Gang","floor":12.0,"turns":3.0},{"damage":5.0,"enemies":"Exordium Wildlife","floor":14.0,"turns":3.0},{"damage":16.0,"enemies":"Large Slime","floor":15.0,"turns":6.0},{"damage":36.0,"enemies":"downfall:Watcher","floor":16.0,"turns":12.0},{"damage":0.0,"enemies":"Slavers","floor":19.0,"turns":6.0},{"damage":22.0,"enemies":"Shell Parasite","floor":20.0,"turns":8.0},{"damage":4.0,"enemies":"downfall:FleeingMerchant","floor":21.0,"turns":4.0},{"damage":25.0,"enemies":"Centurion and Healer","floor":22.0,"turns":5.0},{"damage":19.0,"enemies":"Gremlin Leader","floor":23.0,"turns":7.0},{"damage":24.0,"enemies":"3 Cultists","floor":26.0,"turns":5.0},{"damage":52,"enemies":"Slavers","floor":27,"turns":5},{"damage":26,"enemies":"Chosen and Byrds","floor":28,"turns":7},{"damage":5,"enemies":"Snake Plant","floor":29,"turns":5},{"damage":28,"enemies":"Centurion and Healer","floor":31,"turns":9},{"damage":16,"enemies":"Cultist and Chosen","floor":32,"turns":4}],"seed_played":"1028139623190558449","potions_obtained":[{"floor":2.0,"key":"DistilledChaos"},{"floor":10.0,"key":"Explosive Potion"},{"floor":14.0,"key":"PowerPotion"},{"floor":15.0,"key":"GamblersBrew"},{"floor":16.0,"key":"AttackPotion"},{"floor":20.0,"key":"DistilledChaos"},{"floor":23.0,"key":"Dexterity Potion"},{"floor":26.0,"key":"sneckomod:MuddlingPotion"},{"floor":27,"key":"DistilledChaos"}],"is_trial":false,"path_per_floor":["R","M","R","M","R","E","T","M","$","E","M","M","?","M","M","B",null,"R","E","M","$","M","E","T","R","M","E","M","M","?","M","M"],"character_chosen":"THE_CURSED","items_purchased":[],"campfire_rested":1,"item_purchase_floors":[],"current_hp_per_floor":[75,75,75,70,70,51,51,56,52,47,45,43,68,69,59,28,75,75,78,65,70,55,45,45,72,57,14,3,17,17,4,0,0],"gold":261,"neow_bonus":"THREE_RARE_CARDS","is_daily":false,"chose_seed":false,"campfire_upgraded":3,"win_rate":0.0,"timestamp":1607902157,"path_taken":["R","M","R","?","R","E","T","M","?","E","M","M","?","M","M","BOSS","R","E","M","$","M","E","T","R","M","E","M","M","?","M","M"],"items_purchased_type":[],"build_version":"2020-11-30","purchased_purges":2,"victory":false,"max_hp_per_floor":[75,75,75,75,75,75,75,75,75,75,75,75,75,75,75,75,75,75,78,81,84,87,90,90,90,93,96,99,102,102,105,105,105],"card_choices":[{"not_picked":["TheCursedMod:CollectTribute","TheCursedMod:StunningStrike"],"picked":"TheCursedMod:DemonSword","floor":0.0},{"not_picked":["TheCursedMod:CursedShiv","TheCursedMod:WearCloak"],"picked":"TheCursedMod:EmpowerCircles","floor":2.0},{"not_picked":["TheCursedMod:StingEye","TheCursedMod:SpitefulStrike"],"picked":"TheCursedMod:SoulReap","floor":4.0},{"not_picked":["TheCursedMod:ManaBullet","TheCursedMod:CursedArmor"],"picked":"TheCursedMod:CircleOfFlame","floor":6.0},{"not_picked":["TheCursedMod:TroublousMinions","TheCursedMod:RapidMovement"],"picked":"TheCursedMod:CursedShiv","floor":8.0},{"not_picked":["TheCursedMod:BlessingInDisguise","TheCursedMod:VitalStrike"],"picked":"TheCursedMod:CircleOfFocus","floor":9.0},{"not_picked":["TheCursedMod:CursedShiv","TheCursedMod:SmokeScreen"],"picked":"TheCursedMod:DarkBarrier","floor":10.0},{"not_picked":["TheCursedMod:Obscuration","TheCursedMod:CursedMace","TheCursedMod:RapidMovement"],"picked":"SKIP","floor":11.0},{"not_picked":["TheCursedMod:Obscuration","TheCursedMod:CircleOfAmplification"],"picked":"TheCursedMod:FleshFromBone","floor":12.0},{"not_picked":["TheCursedMod:VitalStrike","TheCursedMod:Wield","TheCursedMod:TacticalStrike"],"picked":"SKIP","floor":14.0},{"not_picked":["TheCursedMod:CursedShiv","TheCursedMod:CircleOfFlame"],"picked":"TheCursedMod:Grudge","floor":15.0},{"not_picked":["TheCursedMod:ParallelWorld","TheCursedMod:Neurasthenia"],"picked":"TheCursedMod:AntiAging","floor":16.0},{"not_picked":["TheCursedMod:SurpriseAttack+1","TheCursedMod:CursedBlade"],"picked":"TheCursedMod:CircleOfCorruption","floor":19.0},{"not_picked":["TheCursedMod:RavingStaff+1","TheCursedMod:SurpriseAttack","TheCursedMod:CircleOfCorruption"],"picked":"TheCursedMod:CursedBlade+1","floor":20.0},{"not_picked":["TheCursedMod:DarkBarrier","TheCursedMod:LuckyCharm","TheCursedMod:RavingStaff"],"picked":"TheCursedMod:RapidMovement+1","floor":21.0},{"not_picked":["TheCursedMod:SoulCrush","TheCursedMod:CursedArmor","TheCursedMod:CursedMace"],"picked":"TheCursedMod:Wield+1","floor":22.0},{"not_picked":["TheCursedMod:TacticalStrike","TheCursedMod:RapidMovement+1","TheCursedMod:Obscuration","TheCursedMod:RavingStaff"],"picked":"SKIP","floor":23.0},{"not_picked":["TheCursedMod:Wield","TheCursedMod:Obscuration","TheCursedMod:StunningStrike"],"picked":"TheCursedMod:SoulReap","floor":26.0},{"not_picked":["TheCursedMod:RavingStaff","TheCursedMod:FleshFromBone","TheCursedMod:TacticalStrike","TheCursedMod:Mangle"],"picked":"SKIP","floor":27},{"not_picked":["TheCursedMod:CursedMace+1","TheCursedMod:CircleOfFlame","TheCursedMod:RapidMovement+1"],"picked":"TheCursedMod:SmokeScreen+1","floor":28},{"not_picked":["TheCursedMod:VitalStrike","TheCursedMod:TacticalStrike","TheCursedMod:CircleOfFocus+1","TheCursedMod:CircleOfFlame+1"],"picked":"SKIP","floor":29},{"not_picked":["TheCursedMod:TacticalStrike","TheCursedMod:CircleOfFocus+1","TheCursedMod:PrepareRite"],"picked":"TheCursedMod:HellsGateOpen","floor":31}],"player_experience":132822,"relics_obtained":[{"floor":6.0,"key":"Ancient Tea Set"},{"floor":7.0,"key":"Letter Opener"},{"floor":10.0,"key":"Pen Nib"},{"floor":19.0,"key":"Question Card"},{"floor":19.0,"key":"Turnip"},{"floor":23.0,"key":"TheCursedMod:Tack"},{"floor":23.0,"key":"Potion Belt"},{"floor":27,"key":"Toy Ornithopter"},{"floor":27,"key":"Ginger"}],"event_choices":[{"damage_healed":25.0,"max_hp_gain":0.0,"max_hp_loss":0.0,"gold_gain":0.0,"event_name":"Big Fish","player_choice":"Banana","floor":13.0,"gold_loss":0.0,"damage_taken":0.0}],"is_beta":false,"boss_relics":[{"not_picked":["Pandora\u0027s Box","TheCursedMod:OminousMark"],"picked":"Black Star"}],"items_purged_floors":[9,21],"is_endless":false,"potions_floor_spawned":[2,10,14,15,16,20,23,26,27],"killed_by":"Cultist and Chosen","ascension_level":0}}