{"host":"3t6uby4o5waaq95r","time":1607834250,"event":{"mods":["AchievementEnabler","BaseMod","Bestiary","Colored Map","Highlight Path","Minty Spire (QoL Compilation)","Permanent Neow","Quick Restart","Random Character Button","SuperFastMode"],"gold_per_floor":[113,126,51,63,77,104,104,118,118,149,161,161,174,231,231,334,334,349,366,383,395,395,395,395],"floor_reached":23,"playtime":1699,"items_purged":["Strike_P"],"score":411,"play_id":"1ff466d6-783d-4f1e-9f0b-5de55881c76b","local_time":"20201212223730","is_ascension_mode":true,"campfire_choices":[{"data":"Eruption","floor":7,"key":"SMITH"},{"floor":12,"key":"REST"},{"data":"Study","floor":15,"key":"SMITH"}],"circlet_count":0,"master_deck":["AscendersBane","Strike_P","Strike_P","Strike_P","Defend_P","Defend_P","Defend_P","Defend_P","Eruption+1","Vigilance","Prostrate","SignatureMove","JustLucky","Tantrum","Halt","FlurryOfBlows","Scrawl","Prostrate","EmptyBody","Study+1","Scrawl","TalkToTheHand","FlurryOfBlows","WindmillStrike","Indignation"],"relics":["PureWater","Regal Pillow","Gambling Chip","Ancient Tea Set","Toy Ornithopter","Question Card","VioletLotus"],"acts_visited":["Exordium","TheCity"],"potions_floor_usage":[10,16,19,23],"damage_taken":[{"damage":2,"enemies":"Cultist","floor":1,"turns":5},{"damage":6,"enemies":"Jaw Worm","floor":2,"turns":6},{"damage":0,"enemies":"2 Louse","floor":4,"turns":2},{"damage":0,"enemies":"Exordium Wildlife","floor":5,"turns":3},{"damage":8,"enemies":"Lagavulin","floor":6,"turns":3},{"damage":16,"enemies":"Lots of Slimes","floor":8,"turns":3},{"damage":8,"enemies":"Gremlin Nob","floor":10,"turns":3},{"damage":9,"enemies":"Blue Slaver","floor":11,"turns":2},{"damage":0,"enemies":"3 Louse","floor":13,"turns":2},{"damage":0,"enemies":"3 Sentries","floor":14,"turns":4},{"damage":0,"enemies":"Slime Boss","floor":16,"turns":5},{"damage":15,"enemies":"3 Byrds","floor":18,"turns":4},{"damage":0,"enemies":"Spheric Guardian","floor":19,"turns":2},{"damage":8,"enemies":"3 Cultists","floor":20,"turns":5},{"damage":36,"enemies":"Snake Plant","floor":21,"turns":4},{"damage":29,"enemies":"Book of Stabbing","floor":23,"turns":2}],"seed_played":"-1990650826172494349","potions_obtained":[{"floor":4,"key":"Ancient Potion"},{"floor":6,"key":"BottledMiracle"},{"floor":10,"key":"CultistPotion"},{"floor":14,"key":"DistilledChaos"},{"floor":16,"key":"BlessingOfTheForge"}],"is_trial":false,"path_per_floor":["M","M","$","M","M","E","R","M","T","E","M","R","M","?","R","B",null,"M","M","M","M","?","E"],"character_chosen":"WATCHER","items_purchased":[],"campfire_rested":1,"item_purchase_floors":[],"current_hp_per_floor":[63,57,57,57,57,49,49,33,33,25,16,52,52,52,52,57,68,53,58,50,14,14,0,0],"gold":395,"neow_bonus":"RANDOM_COMMON_RELIC","is_daily":false,"chose_seed":false,"campfire_upgraded":2,"win_rate":0.0,"timestamp":1607834250,"path_taken":["M","?","$","M","M","E","R","M","T","E","M","R","?","?","R","BOSS","M","M","M","M","?","E"],"items_purchased_type":[],"build_version":"2020-11-30","purchased_purges":1,"victory":false,"max_hp_per_floor":[72,72,72,72,72,72,72,72,72,72,72,72,72,72,72,72,72,72,72,72,72,72,72,72],"card_choices":[{"not_picked":["Crescendo","Study"],"picked":"Prostrate","floor":1},{"not_picked":["FlyingSleeves","Evaluate"],"picked":"SignatureMove","floor":2},{"not_picked":["Halt","BowlingBash"],"picked":"JustLucky","floor":4},{"not_picked":["Halt","Worship"],"picked":"Tantrum","floor":5},{"not_picked":["WindmillStrike","Establishment"],"picked":"Halt","floor":6},{"not_picked":["CutThroughFate","Indignation"],"picked":"FlurryOfBlows","floor":8},{"not_picked":["BowlingBash","EmptyBody"],"picked":"Scrawl","floor":10},{"not_picked":["WreathOfFlame","ThirdEye"],"picked":"Prostrate","floor":11},{"not_picked":["Protect","Perseverance"],"picked":"EmptyBody","floor":13},{"not_picked":["BowlingBash","Vengeance"],"picked":"Study","floor":14},{"not_picked":["SpiritShield","MasterReality","Vault"],"picked":"Scrawl","floor":16},{"not_picked":["FollowUp","FlyingSleeves","LikeWater"],"picked":"TalkToTheHand","floor":18},{"not_picked":["ThirdEye","SandsOfTime","Tantrum"],"picked":"FlurryOfBlows","floor":19},{"not_picked":["Perseverance","Fasting2","DeceiveReality"],"picked":"WindmillStrike","floor":20},{"not_picked":["FlyingSleeves","WheelKick","ThirdEye"],"picked":"Indignation","floor":21}],"player_experience":743781,"relics_obtained":[{"floor":6,"key":"Gambling Chip"},{"floor":9,"key":"Ancient Tea Set"},{"floor":10,"key":"Toy Ornithopter"},{"floor":14,"key":"Question Card"}],"event_choices":[{"damage_healed":0,"gold_gain":30,"player_choice":"Searched \u00272\u0027 times","damage_taken":0,"max_hp_gain":0,"max_hp_loss":0,"event_name":"Dead Adventurer","floor":14,"gold_loss":0},{"damage_healed":0,"gold_gain":0,"player_choice":"Ignored","damage_taken":0,"max_hp_gain":0,"max_hp_loss":0,"event_name":"Vampires","floor":22,"gold_loss":0}],"is_beta":false,"boss_relics":[{"not_picked":["Runic Pyramid","Fusion Hammer"],"picked":"VioletLotus"}],"items_purged_floors":[3],"is_endless":false,"potions_floor_spawned":[4,6,10,14,16,18],"killed_by":"Book of Stabbing","ascension_level":12}}