{"host":"absfy23j4tbeb1p6","time":1607898580,"event":{"mods":["BaseMod","Colored Map","Minty Spire (QoL Compilation)","StSLib","SuperFastMode"],"gold_per_floor":[119,130,130,305,380,380,408,408,408,408,371,394,405,424,424,519,519,531,531,89,39,52,85,85,115,115,127,52,68,100,111,111,214,214,232,232,57,75,122,122,138,138,162,190,206,206,206],"floor_reached":46,"playtime":1419,"items_purged":["Doubt"],"score":582,"play_id":"ca3f6d4a-0c08-44d0-83f3-9cbd5401711b","local_time":"20201213232940","is_ascension_mode":true,"campfire_choices":[{"floor":6.0,"key":"RECALL"},{"data":"Defragment","floor":8.0,"key":"SMITH"},{"floor":10.0,"key":"REST"},{"data":"Genetic Algorithm","floor":15.0,"key":"SMITH"},{"floor":24.0,"key":"REST"},{"floor":32.0,"key":"REST"},{"floor":40,"key":"REST"},{"floor":42,"key":"REST"}],"circlet_count":0,"master_deck":["Strike_B","Strike_B","Strike_B","Defend_B","Defend_B","Defend_B","Defend_B","Zap","Dualcast","Gash","Defragment+1","Electrodynamics","Hologram","White Noise","Genetic Algorithm+1","FTL","Seek","Ball Lightning+1","Necronomicurse","Coolheaded","Conserve Battery","Ball Lightning+1","BootSequence","Lockon+1","Hologram","Turbo+1","Cold Snap","Buffer+1","BootSequence+1","Madness","Madness","Leap","White Noise+1","Sunder+1","Chill","Steam+1","Double Energy+1","Rebound+1","BootSequence+1"],"relics":["Cracked Core","Bag of Preparation","Bottled Flame","Centennial Puzzle","Black Star","Necronomicon","Bottled Lightning","Orichalcum","Pen Nib","Bronze Scales","Bottled Tornado","Emotion Chip","Frozen Egg 2","Darkstone Periapt","Omamori","Calling Bell","Potion Belt","White Beast Statue","Du-Vu Doll","Runic Capacitor","Prayer Wheel","Anchor","Pantograph","Mummified Hand"],"acts_visited":["Exordium","TheCity","TheBeyond"],"potions_floor_usage":[44,44,44],"damage_taken":[{"damage":1.0,"enemies":"Cultist","floor":1.0,"turns":3.0},{"damage":1.0,"enemies":"2 Louse","floor":2.0,"turns":3.0},{"damage":9.0,"enemies":"3 Sentries","floor":7.0,"turns":2.0},{"damage":0.0,"enemies":"Small Slimes","floor":13.0,"turns":2.0},{"damage":11.0,"enemies":"Blue Slaver","floor":14.0,"turns":3.0},{"damage":37.0,"enemies":"Slime Boss","floor":16.0,"turns":8.0},{"damage":18.0,"enemies":"3 Byrds","floor":18.0,"turns":2.0},{"damage":15.0,"enemies":"Spheric Guardian","floor":22.0,"turns":4.0},{"damage":16.0,"enemies":"Slavers","floor":23.0,"turns":4.0},{"damage":22.0,"enemies":"Gremlin Leader","floor":25.0,"turns":5.0},{"damage":8.0,"enemies":"Shelled Parasite and Fungi","floor":27.0,"turns":2.0},{"damage":19.0,"enemies":"Snake Plant","floor":29.0,"turns":3.0},{"damage":1.0,"enemies":"Book of Stabbing","floor":30.0,"turns":5.0},{"damage":0.0,"enemies":"Chosen and Byrds","floor":31.0,"turns":4.0},{"damage":18,"enemies":"Collector","floor":33,"turns":7},{"damage":10,"enemies":"3 Shapes","floor":35,"turns":2},{"damage":2,"enemies":"3 Darklings","floor":38,"turns":3},{"damage":9,"enemies":"2 Orb Walkers","floor":39,"turns":3},{"damage":19,"enemies":"Maw","floor":41,"turns":4},{"damage":53,"enemies":"Giant Head","floor":44,"turns":10},{"damage":0,"enemies":"Jaw Worm Horde","floor":45,"turns":4},{"damage":27,"enemies":"Nemesis","floor":46,"turns":4}],"seed_played":"8892914392489400176","potions_obtained":[{"floor":1.0,"key":"Regen Potion"},{"floor":2.0,"key":"Swift Potion"},{"floor":13.0,"key":"SkillPotion"},{"floor":18.0,"key":"ColorlessPotion"},{"floor":27.0,"key":"Explosive Potion"},{"floor":30.0,"key":"Weak Potion"},{"floor":35,"key":"BlessingOfTheForge"},{"floor":38,"key":"Fire Potion"},{"floor":39,"key":"SkillPotion"},{"floor":41,"key":"Weak Potion"},{"floor":44,"key":"GamblersBrew"},{"floor":45,"key":"Strength Potion"}],"is_trial":false,"path_per_floor":["M","M","?","?","?","R","E","R","T","R","$","T","M","M","R","B",null,"M","?","$","?","M","E","R","E","T","M","$","M","E","M","R","B",null,"M","?","$","M","?","R","M","R","T","E","M","E"],"character_chosen":"DEFECT","items_purchased":["White Noise","Bottled Lightning","Orichalcum","Coolheaded","Runic Capacitor","Leap"],"campfire_rested":5,"item_purchase_floors":[11,20,20,20,37,37],"current_hp_per_floor":[81,80,80,80,69,69,60,60,60,82,82,82,82,71,71,34,82,64,48,48,48,33,29,53,31,31,23,23,4,3,3,27,9,82,72,62,62,60,51,75,56,80,80,27,27,0,0],"gold":206,"neow_bonus":"TEN_PERCENT_HP_BONUS","is_daily":false,"chose_seed":false,"campfire_upgraded":2,"win_rate":0.0,"timestamp":1607898580,"path_taken":["M","M","?","?","?","R","E","R","T","R","$","?","M","?","R","BOSS","M","?","$","?","M","E","R","E","T","?","$","M","E","M","R","BOSS","M","?","$","M","?","R","M","R","T","E","M","E"],"items_purchased_type":["Card","Relic","Relic","Card","Relic","Card"],"build_version":"2020-11-30","purchased_purges":1,"victory":false,"max_hp_per_floor":[82,82,82,82,82,82,82,82,82,82,82,82,82,82,82,82,82,82,82,82,82,82,82,82,82,82,82,82,82,82,82,82,82,82,82,82,82,82,82,82,82,82,82,82,82,82,82],"card_choices":[{"not_picked":["Hello World","Leap"],"picked":"Gash","floor":1.0},{"not_picked":["Steam","Hologram"],"picked":"Defragment","floor":2.0},{"not_picked":["Biased Cognition","Lockon"],"picked":"Hologram","floor":7.0},{"not_picked":["Leap","Streamline"],"picked":"Genetic Algorithm","floor":13.0},{"not_picked":["Sweeping Beam","Stack"],"picked":"FTL","floor":14.0},{"not_picked":["Meteor Strike","Core Surge"],"picked":"Seek","floor":16.0},{"not_picked":["Stack+1","FTL"],"picked":"Ball Lightning+1","floor":18.0},{"not_picked":["Doom and Gloom","Gash"],"picked":"Conserve Battery","floor":22.0},{"not_picked":["Compile Driver","Amplify"],"picked":"Ball Lightning+1","floor":23.0},{"not_picked":["Steam Power","Gash+1"],"picked":"BootSequence","floor":25.0},{"not_picked":["FTL","Steam"],"picked":"Lockon+1","floor":27.0},{"not_picked":["Sweeping Beam","Gash"],"picked":"Hologram","floor":29.0},{"not_picked":["Compile Driver","Aggregate"],"picked":"Turbo+1","floor":30.0},{"not_picked":["Doom and Gloom+1","Turbo"],"picked":"Cold Snap","floor":31.0},{"not_picked":["Core Surge","Rainbow"],"picked":"Buffer+1","floor":33},{"not_picked":["Barrage+1","Stack"],"picked":"BootSequence+1","floor":35},{"not_picked":["Sunder+1","Leap"],"picked":"White Noise+1","floor":38},{"not_picked":["Gash","Stack"],"picked":"Sunder+1","floor":39},{"not_picked":["Core Surge","Rip and Tear+1"],"picked":"Chill","floor":41},{"not_picked":["Fusion","Compile Driver+1"],"picked":"Steam+1","floor":41},{"not_picked":["Go for the Eyes+1","Doom and Gloom"],"picked":"Double Energy+1","floor":44},{"not_picked":["Scrape+1","Hello World+1"],"picked":"Rebound+1","floor":45},{"not_picked":["Turbo","Gash+1"],"picked":"BootSequence+1","floor":45}],"player_experience":67868,"relics_obtained":[{"floor":7.0,"key":"Bag of Preparation"},{"floor":9.0,"key":"Bottled Flame"},{"floor":12.0,"key":"Centennial Puzzle"},{"floor":19.0,"key":"Necronomicon"},{"floor":23.0,"key":"Pen Nib"},{"floor":23.0,"key":"Bronze Scales"},{"floor":25.0,"key":"Bottled Tornado"},{"floor":25.0,"key":"Emotion Chip"},{"floor":26.0,"key":"Frozen Egg 2"},{"floor":30.0,"key":"Darkstone Periapt"},{"floor":30.0,"key":"Omamori"},{"floor":34,"key":"Potion Belt"},{"floor":34,"key":"White Beast Statue"},{"floor":34,"key":"Du-Vu Doll"},{"floor":39,"key":"Prayer Wheel"},{"floor":43,"key":"Anchor"},{"floor":44,"key":"Pantograph"},{"floor":44,"key":"Mummified Hand"}],"event_choices":[{"damage_healed":0.0,"max_hp_gain":0.0,"max_hp_loss":0.0,"gold_gain":0.0,"cards_transformed":["Strike_B"],"event_name":"Living Wall","player_choice":"Change","floor":3.0,"gold_loss":0.0,"damage_taken":0.0,"cards_obtained":["Electrodynamics"]},{"damage_healed":0.0,"max_hp_gain":0.0,"max_hp_loss":0.0,"gold_gain":175.0,"event_name":"Liars Game","player_choice":"AGREE","floor":4.0,"gold_loss":0.0,"damage_taken":0.0,"cards_obtained":["Doubt"]},{"damage_healed":0.0,"max_hp_gain":0.0,"max_hp_loss":0.0,"gold_gain":75.0,"event_name":"World of Goop","player_choice":"Gather Gold","floor":5.0,"gold_loss":0.0,"damage_taken":11.0},{"damage_healed":0.0,"max_hp_gain":0.0,"max_hp_loss":0.0,"gold_gain":0.0,"event_name":"Cursed Tome","player_choice":"Obtained Book","floor":19.0,"gold_loss":0.0,"damage_taken":16.0},{"damage_healed":0.0,"max_hp_gain":0.0,"max_hp_loss":0.0,"gold_gain":0.0,"event_name":"The Joust","player_choice":"Bet on Murderer","floor":21.0,"gold_loss":50.0,"damage_taken":0.0},{"damage_healed":0,"gold_gain":0,"player_choice":"Embrace Madness","damage_taken":10,"max_hp_gain":0,"max_hp_loss":0,"event_name":"Winding Halls","floor":36,"gold_loss":0,"cards_obtained":["Madness","Madness"]},{"damage_healed":0,"gold_gain":0,"player_choice":"Fight","damage_taken":0,"max_hp_gain":0,"max_hp_loss":0,"event_name":"Mysterious Sphere","floor":39,"gold_loss":0}],"is_beta":false,"boss_relics":[{"not_picked":["Pandora\u0027s Box","Empty Cage"],"picked":"Black Star"},{"not_picked":["Runic Dome","Sozu"],"picked":"Calling Bell"}],"items_purged_floors":[28],"is_endless":false,"potions_floor_spawned":[1,2,13,18,27,30,35,38,39,41,44,45],"killed_by":"Nemesis","ascension_level":2}}