{"host":"dl5mjdlimopbuch5","time":1607878919,"event":{"mods":["AchievementEnabler","BaseMod","Colored Powertips","Googly Eyes","Minty Spire (QoL Compilation)","Quick Restart"],"gold_per_floor":[114,114,130,140,166,166,195,195,240,240,268,47,58,58,58,156,156,170,180,180,105,20,46,46,75,111,135,158,170,27,44,44,44,44],"floor_reached":33,"playtime":805,"items_purged":[],"score":350,"play_id":"1b998f19-18f8-40df-aca8-ea0e20104092","local_time":"20201213170159","is_ascension_mode":true,"campfire_choices":[{"data":"Eruption","floor":6.0,"key":"SMITH"},{"floor":8.0,"key":"REST"},{"floor":15.0,"key":"REST"},{"floor":32,"key":"REST"}],"circlet_count":0,"master_deck":["Strike_P+1","Strike_P+1","Strike_P+1","Strike_P+1","Defend_P+1","Defend_P+1","Defend_P+1","Defend_P+1","Eruption+1","Vigilance","Wireheading","MentalFortress","DeusExMachina","Consecrate+1","EmptyBody","Judgement","CrushJoints","Devotion"],"relics":["PureWater","NeowsBlessing","Bag of Marbles","Toy Ornithopter","Ancient Tea Set","PreservedInsect","Membership Card","Whetstone","SacredBark","Orichalcum","Question Card","Potion Belt","MawBank","Omamori","WingedGreaves"],"acts_visited":["Exordium","TheCity"],"potions_floor_usage":[],"damage_taken":[{"damage":0.0,"enemies":"Small Slimes","floor":1.0,"turns":1.0},{"damage":0.0,"enemies":"Cultist","floor":3.0,"turns":1.0},{"damage":0.0,"enemies":"2 Louse","floor":4.0,"turns":1.0},{"damage":28.0,"enemies":"Gremlin Nob","floor":7.0,"turns":3.0},{"damage":53.0,"enemies":"3 Sentries","floor":11.0,"turns":7.0},{"damage":2.0,"enemies":"Large Slime","floor":13.0,"turns":4.0},{"damage":32.0,"enemies":"Hexaghost","floor":16.0,"turns":7.0},{"damage":5.0,"enemies":"Chosen","floor":18.0,"turns":3.0},{"damage":0.0,"enemies":"Spheric Guardian","floor":19.0,"turns":1.0},{"damage":0.0,"enemies":"Slavers","floor":23.0,"turns":2.0},{"damage":17.0,"enemies":"Book of Stabbing","floor":25.0,"turns":4.0},{"damage":24.0,"enemies":"Cultist and Chosen","floor":27.0,"turns":6.0},{"damage":20.0,"enemies":"Shelled Parasite and Fungi","floor":28.0,"turns":5.0},{"damage":12,"enemies":"Centurion and Healer","floor":31,"turns":4},{"damage":60,"enemies":"Automaton","floor":33,"turns":6}],"seed_played":"7541069617273080566","potions_obtained":[{"floor":4.0,"key":"BlessingOfTheForge"},{"floor":7.0,"key":"BottledMiracle"},{"floor":11.0,"key":"ColorlessPotion"},{"floor":13.0,"key":"Explosive Potion"},{"floor":23.0,"key":"StancePotion"}],"is_trial":false,"path_per_floor":["M","?","M","M","T","R","E","R","T","?","E","$","M","?","R","B",null,"M","M","?","$","?","E","$","E","T","M","M","?","$","M","R","B"],"character_chosen":"WATCHER","items_purchased":["Membership Card","Whetstone","Orichalcum","WingedGreaves"],"campfire_rested":3,"item_purchase_floors":[12,12,21,30],"current_hp_per_floor":[72,72,72,72,72,72,44,65,65,65,12,12,10,34,55,28,72,67,67,67,67,67,72,72,55,55,36,21,21,21,9,30,0,0],"gold":44,"neow_bonus":"THREE_ENEMY_KILL","is_daily":false,"chose_seed":false,"campfire_upgraded":1,"win_rate":0.0,"timestamp":1607878919,"path_taken":["M","?","?","M","?","R","E","R","T","?","E","$","M","?","R","BOSS","M","M","?","?","?","E","?","E","T","M","?","?","?","M","R","BOSS"],"items_purchased_type":["Relic","Relic","Relic","Relic"],"build_version":"2020-11-30","purchased_purges":0,"victory":false,"max_hp_per_floor":[72,72,72,72,72,72,72,72,72,72,72,72,72,72,72,72,72,72,72,72,72,72,72,72,72,72,72,72,72,72,72,72,72,72],"card_choices":[{"not_picked":["JustLucky","InnerPeace"],"picked":"FollowUp","floor":1.0},{"not_picked":["EmptyMind","JustLucky"],"picked":"Wireheading","floor":3.0},{"not_picked":["FollowUp","EmptyBody"],"picked":"MentalFortress","floor":4.0},{"not_picked":["SandsOfTime","Tantrum"],"picked":"DeusExMachina","floor":7.0},{"not_picked":["Protect","EmptyMind"],"picked":"Consecrate","floor":11.0},{"not_picked":["FollowUp","Indignation"],"picked":"EmptyBody","floor":13.0},{"not_picked":["DevaForm","Omniscience"],"picked":"Judgement","floor":16.0},{"not_picked":["BowlingBash","DeceiveReality","Halt"],"picked":"SKIP","floor":18.0},{"not_picked":["ClearTheMind","Crescendo"],"picked":"CrushJoints","floor":19.0},{"not_picked":["Fasting2","FearNoEvil","Perseverance"],"picked":"Devotion","floor":23.0},{"not_picked":["ThirdEye+1","Indignation","Meditate","PathToVictory"],"picked":"SKIP","floor":25.0},{"not_picked":["FollowUp","SpiritShield","Fasting2","Study+1"],"picked":"SKIP","floor":27.0},{"not_picked":["FlurryOfBlows","Evaluate","Study","EmptyFist"],"picked":"SKIP","floor":28.0},{"not_picked":["Crescendo","ThirdEye","Sanctity+1","Nirvana"],"picked":"SKIP","floor":31}],"player_experience":206955,"relics_obtained":[{"floor":5.0,"key":"Bag of Marbles"},{"floor":7.0,"key":"Toy Ornithopter"},{"floor":9.0,"key":"Ancient Tea Set"},{"floor":11.0,"key":"PreservedInsect"},{"floor":23.0,"key":"Potion Belt"},{"floor":25.0,"key":"MawBank"},{"floor":26.0,"key":"Omamori"}],"event_choices":[{"cards_removed":["FollowUp"],"damage_healed":5.0,"max_hp_gain":0.0,"max_hp_loss":0.0,"gold_gain":0.0,"event_name":"Bonfire Elementals","player_choice":"Offered Common","floor":2.0,"gold_loss":0.0,"damage_taken":0.0},{"cards_removed":["FollowUp"],"damage_healed":5.0,"max_hp_gain":0.0,"max_hp_loss":0.0,"gold_gain":0.0,"event_name":"Bonfire Elementals","player_choice":"Offered Special","floor":2.0,"gold_loss":0.0,"damage_taken":0.0},{"damage_healed":0.0,"max_hp_gain":0.0,"max_hp_loss":0.0,"gold_gain":0.0,"event_name":"The Cleric","player_choice":"Leave","floor":10.0,"gold_loss":0.0,"damage_taken":0.0},{"damage_healed":24.0,"max_hp_gain":0.0,"max_hp_loss":0.0,"gold_gain":0.0,"event_name":"Big Fish","player_choice":"Banana","floor":14.0,"gold_loss":0.0,"damage_taken":0.0},{"damage_healed":0.0,"max_hp_gain":0.0,"max_hp_loss":0.0,"gold_gain":0.0,"event_name":"Back to Basics","player_choice":"Simplicity","floor":20.0,"gold_loss":0.0,"damage_taken":0.0,"cards_upgraded":["Strike_P","Strike_P","Strike_P","Defend_P","Defend_P","Defend_P","Defend_P"]},{"damage_healed":0.0,"max_hp_gain":0.0,"max_hp_loss":0.0,"gold_gain":0.0,"event_name":"Addict","player_choice":"Obtained Relic","floor":22.0,"gold_loss":85.0,"damage_taken":0.0,"relics_obtained":["Question Card"]},{"damage_healed":0.0,"max_hp_gain":0.0,"max_hp_loss":0.0,"gold_gain":0.0,"event_name":"Transmorgrifier","player_choice":"Ignored","floor":29.0,"gold_loss":0.0,"damage_taken":0.0}],"is_beta":false,"boss_relics":[{"not_picked":["Philosopher\u0027s Stone","SlaversCollar"],"picked":"SacredBark"}],"items_purged_floors":[],"is_endless":false,"potions_floor_spawned":[4,7,11,13,23],"killed_by":"Automaton","ascension_level":2}}