{"host":"jak4ncvfzor9mys0","time":1607880818,"event":{"mods":["2.2 Compatiblity","AchievementEnabler","BaseMod","Better Altar","Better Match","Better Note","Better Sensory Stone","Better Skull","Better Third Choice","BetterRewards","Block Reminder","Colored Map","Colored Powertips","Energized Spire","Gold Saver","Hubris","Infinite Spire","Key Reminder","Minty Spire (QoL Compilation)","Rare Cards Sparkle","Red Circlet Mod","Relic Sorter","Relic Stats","Replay The Spire","Retaliation","StSLib","SuperFastMode","The Blue Laboratory"],"gold_per_floor":[289,300,335,335,353,353,278,288,288,288,288,299,82,116,116,218,218,238,238,252,271,271,285,285,285,285],"floor_reached":25,"playtime":1178,"items_purged":["Strike_P","Strike_P","Strike_P"],"score":378,"play_id":"792ec632-0cdf-4c0c-86f6-9e045c12c10a","local_time":"20201213093338","is_ascension_mode":false,"campfire_choices":[{"floor":6.0,"key":"REST"},{"data":"DeceiveReality","floor":10.0,"key":"SMITH"},{"floor":15.0,"key":"REST"}],"circlet_count":0,"master_deck":["Defend_P","Defend_P","Defend_P","Defend_P","Eruption","Vigilance","FlurryOfBlows","BattleHymn","Replay:BluntJabs","DeceiveReality+1","FearNoEvil","MasterReality+1","Replay:LoomingThreat","ReachHeaven"],"relics":["PureWater","CaptainsWheel","Ornamental Fan","Ice Cream","infinitespire:PuzzleCube","hubris:ScarierMask","Cursed Key","infinitespire:CheckeredPen"],"acts_visited":["Exordium","TheCity"],"potions_floor_usage":[],"damage_taken":[{"damage":20.0,"enemies":"Small Slimes","floor":1.0,"turns":2.0},{"damage":6.0,"enemies":"Jaw Worm","floor":2.0,"turns":2.0},{"damage":1.0,"enemies":"Cultist","floor":5.0,"turns":3.0},{"damage":3.0,"enemies":"Exordium Wildlife","floor":8.0,"turns":3.0},{"damage":2.0,"enemies":"Looter","floor":12.0,"turns":3.0},{"damage":0.0,"enemies":"Lagavulin","floor":14.0,"turns":5.0},{"damage":0.0,"enemies":"Slime Boss","floor":16.0,"turns":5.0},{"damage":0.0,"enemies":"Chosen","floor":18.0,"turns":4.0},{"damage":0.0,"enemies":"Shell Parasite","floor":20.0,"turns":4.0},{"damage":2.0,"enemies":"Centurion and Healer","floor":21.0,"turns":4.0},{"damage":0.0,"enemies":"Chosen and Byrds","floor":23.0,"turns":3.0},{"damage":84,"enemies":"Nightmare","floor":25,"turns":7}],"seed_played":"-6998578165251621986","potions_obtained":[{"floor":5.0,"key":"ColorlessPotion"},{"floor":12.0,"key":"blueLaboratory:FrostheartPotion"},{"floor":21.0,"key":"blueLaboratory:CorrosionFlask"}],"is_trial":false,"path_per_floor":["M","M","?","?","M","R","$","M","T","R","T","M","$","E","R","B",null,"M","AVR","M","M","?","M","?","NM"],"character_chosen":"WATCHER","items_purchased":["FlurryOfBlows","BattleHymn","MasterReality+1"],"campfire_rested":2,"item_purchase_floors":[0,0,13],"current_hp_per_floor":[52,46,18,18,17,38,38,35,35,35,35,33,33,33,54,54,72,72,72,72,70,70,70,70,0,0],"gold":285,"neow_bonus":"","is_daily":false,"chose_seed":false,"campfire_upgraded":1,"win_rate":0.0,"timestamp":1607880818,"path_taken":["M","M","?","?","M","R","$","M","T","R","?","M","$","E","R","BOSS","M","AVR","M","M","?","M","?","NM"],"items_purchased_type":["Card","Card","Card"],"build_version":"2020-11-30","purchased_purges":3,"victory":false,"max_hp_per_floor":[72,72,72,72,72,72,72,72,72,72,72,72,72,72,72,72,72,72,72,72,72,72,72,72,72,72],"relic_stats":{"counters":[24,82],"Ornamental Fan":[60],"Cursed Key":0,"obtain_stats":[{"Ice Cream":5,"Regal Pillow":9,"CaptainsWheel":3,"HornCleat":14,"Ornamental Fan":9,"hubris:ScarierMask":17,"infinitespire:CheckeredPen":19,"PureWater":0,"Empty Cage":17,"Cursed Key":19,"infinitespire:PuzzleCube":14},{"Ice Cream":2,"Regal Pillow":3,"CaptainsWheel":14,"HornCleat":7,"Ornamental Fan":16,"hubris:ScarierMask":19,"infinitespire:CheckeredPen":20,"PureWater":0,"Empty Cage":8,"Cursed Key":20,"infinitespire:PuzzleCube":18},{"Ice Cream":6,"Regal Pillow":8,"CaptainsWheel":41,"HornCleat":20,"Ornamental Fan":47,"hubris:ScarierMask":60,"infinitespire:CheckeredPen":64,"PureWater":0,"Empty Cage":23,"Cursed Key":64,"infinitespire:PuzzleCube":55}]},"card_choices":[{"not_picked":["Replay:ManipulateFuture","CutThroughFate","BattleHymn"],"picked":"SKIP","floor":1.0},{"not_picked":["Meditate","ForeignInfluence"],"picked":"Replay:BluntJabs","floor":2.0},{"not_picked":["Replay:Battleflow","BowlingBash"],"picked":"DeceiveReality","floor":5.0},{"not_picked":["Replay:BluntJabs","BattleHymn"],"picked":"FearNoEvil","floor":8.0},{"not_picked":["Vengeance","JustLucky","ForeignInfluence"],"picked":"SKIP","floor":12.0},{"not_picked":["MasterReality","Evaluate","EmptyMind"],"picked":"SKIP","floor":14.0},{"not_picked":["Scrawl","Judgement"],"picked":"Replay:LoomingThreat","floor":16.0},{"not_picked":["Replay:BluntJabs","ClearTheMind","FollowUp+1"],"picked":"SKIP","floor":18.0},{"not_picked":["CrushJoints","Replay:BluntJabs"],"picked":"ReachHeaven","floor":20.0},{"not_picked":["FlurryOfBlows","Nirvana","CrushJoints"],"picked":"SKIP","floor":21.0},{"not_picked":["MentalFortress","PathToVictory","Replay:BluntJabs"],"picked":"SKIP","floor":23.0}],"player_experience":2582099,"relics_obtained":[{"floor":3.0,"key":"CaptainsWheel"},{"floor":9.0,"key":"Ornamental Fan"},{"floor":11.0,"key":"Ice Cream"},{"floor":14.0,"key":"infinitespire:PuzzleCube"}],"event_choices":[{"damage_healed":18.0,"max_hp_gain":0.0,"max_hp_loss":72.0,"gold_gain":0.0,"event_name":"betterThird:BetterShining","player_choice":"Leave","floor":4.0,"gold_loss":0.0,"damage_taken":0.0},{"cards_removed":["Strike_P"],"damage_healed":0.0,"max_hp_gain":0.0,"max_hp_loss":0.0,"gold_gain":0.0,"event_name":"betterNote:BetterNote","player_choice":"Give","floor":22.0,"gold_loss":0.0,"damage_taken":0.0,"cards_obtained":["Strike_P"]},{"cards_removed":["Strike_P"],"damage_healed":0,"gold_gain":0,"player_choice":"Card Removal","damage_taken":0,"max_hp_gain":0,"max_hp_loss":0,"event_name":"Wheel of Change","floor":24,"gold_loss":0}],"is_beta":false,"boss_relics":[{"not_picked":["Calling Bell","Black Star"],"picked":"hubris:ScarierMask"}],"items_purged_floors":[7,13,19],"is_endless":false,"potions_floor_spawned":[5,12,16,21],"killed_by":"Nightmare","ascension_level":0}}