{"host":"jak4ncvfzor9mys0","time":1607893433,"event":{"mods":["2.2 Compatiblity","AchievementEnabler","BaseMod","Better Altar","Better Match","Better Note","Better Sensory Stone","Better Skull","Better Third Choice","BetterRewards","Block Reminder","Colored Map","Colored Powertips","Energized Spire","Gold Saver","Hubris","Infinite Spire","Key Reminder","Minty Spire (QoL Compilation)","Rare Cards Sparkle","Red Circlet Mod","Relic Sorter","Relic Stats","Replay The Spire","Retaliation","StSLib","SuperFastMode","The Blue Laboratory"],"gold_per_floor":[251,176,176,189,139,139,139,155,155,155,155,190,190,190,190,293,293,306,68,68,68,83,83,83,103,185,185,185,185,199,216,216,319,319,319,319],"floor_reached":35,"playtime":11234,"items_purged":["Strike_P"],"score":351,"play_id":"95d362fe-fe32-4605-ad4a-00f629a7378b","local_time":"20201213130353","is_ascension_mode":false,"campfire_choices":[{"data":"Eruption","floor":6,"key":"SMITH"},{"data":"Vigilance","floor":11,"key":"SMITH"},{"floor":13,"key":"REST"},{"data":"Consecrate","floor":15,"key":"SMITH"},{"data":"Defend_P","floor":23,"key":"SMITH"},{"data":"Defend_P","floor":27,"key":"SMITH"},{"data":"Strike_P","floor":29,"key":"SMITH"},{"data":"FlurryOfBlows","floor":32,"key":"SMITH"}],"circlet_count":0,"master_deck":["DevaForm+1","Defend_P+1","Eruption+1","Vigilance+1","Consecrate+1","Good Instincts+1","Consecrate+1","infinitespire:Fortify+1","FlurryOfBlows+1","Replay:Hysterical Blindness","Normality"],"relics":["PureWater","hubris:Reverence","Incense Burner","Coffee Dripper","Replay:Ringing Soul","Toxic Egg 2","infinitespire:Lychee Nut","Kintsugi"],"acts_visited":["Exordium","TheCity","TheBeyond"],"potions_floor_usage":[33],"damage_taken":[{"damage":13,"enemies":"Small Slimes","floor":1,"turns":3},{"damage":0,"enemies":"2 Louse","floor":4,"turns":2},{"damage":6,"enemies":"Jaw Worm","floor":8,"turns":3},{"damage":32,"enemies":"Gremlin Nob","floor":12,"turns":3},{"damage":24,"enemies":"Slime Boss","floor":16,"turns":10},{"damage":2,"enemies":"3 Byrds","floor":18,"turns":5},{"damage":16,"enemies":"2 Thieves","floor":22,"turns":3},{"damage":2,"enemies":"Shelled Parasite and Fungi","floor":25,"turns":7},{"damage":0,"enemies":"Chosen and Byrds","floor":30,"turns":5},{"damage":36,"enemies":"Centurion and Healer","floor":31,"turns":10},{"damage":33,"enemies":"hubris:MusketHawk","floor":33,"turns":11},{"damage":74,"enemies":"3 Darklings","floor":35,"turns":4}],"seed_played":"2126680212113904276","potions_obtained":[{"floor":25,"key":"blueLaboratory:MidnightOil"},{"floor":33,"key":"LiquidBronze"}],"is_trial":false,"path_per_floor":["M","$","?","M","?","R","?","M","T","?","R","E","R","?","R","B",null,"M","$","?","?","M","R","?","M","T","R","AVR","R","M","M","R","B",null,"M"],"character_chosen":"WATCHER","items_purchased":["Replay:Ringing Soul"],"campfire_rested":1,"item_purchase_floors":[19],"current_hp_per_floor":[59,59,59,59,59,59,59,53,53,53,53,21,42,66,66,42,72,70,70,73,73,57,57,57,55,55,55,58,58,61,28,28,4,67,0,0],"gold":319,"neow_bonus":"RANDOM_EVENT","is_daily":false,"chose_seed":false,"campfire_upgraded":7,"win_rate":0.0,"timestamp":1607893433,"path_taken":["M","$","?","M","?","R","?","M","T","?","R","E","R","?","R","BOSS","M","$","?","?","M","R","?","M","T","R","AVR","R","M","M","R","BOSS","M"],"items_purchased_type":["Relic"],"build_version":"2020-11-30","purchased_purges":1,"victory":false,"max_hp_per_floor":[72,72,72,72,72,72,72,72,72,72,72,72,72,72,72,72,72,72,72,75,75,75,75,75,75,75,75,58,58,61,61,61,64,67,67,67],"relic_stats":{"counters":[12,66],"obtain_stats":[{"Replay:Ringing Soul":19,"infinitespire:Lychee Nut":28,"Incense Burner":12,"Coffee Dripper":17,"PureWater":0,"Toxic Egg 2":26,"Kintsugi":34,"hubris:Reverence":9},{"Replay:Ringing Soul":6,"infinitespire:Lychee Nut":8,"Incense Burner":4,"Coffee Dripper":5,"PureWater":0,"Toxic Egg 2":8,"Kintsugi":11,"hubris:Reverence":3},{"Replay:Ringing Soul":26,"infinitespire:Lychee Nut":36,"Incense Burner":11,"Coffee Dripper":21,"PureWater":0,"Toxic Egg 2":36,"Kintsugi":62,"hubris:Reverence":8}]},"card_choices":[{"not_picked":["CutThroughFate","Replay:AtTheReady"],"picked":"Consecrate","floor":1},{"not_picked":["The Bomb","hubris:Insight"],"picked":"Good Instincts","floor":3},{"not_picked":["EmptyFist","SashWhip","Evaluate"],"picked":"SKIP","floor":4},{"not_picked":["JustLucky","Pray","Indignation"],"picked":"SKIP","floor":8},{"not_picked":["Replay:BluntJabs","Replay:AtTheReady","PathToVictory"],"picked":"SKIP","floor":12},{"not_picked":["Prostrate+1","Replay:Cycle","ClearTheMind"],"picked":"SKIP","floor":18},{"not_picked":["Replay:AtTheReady","Crescendo","WindmillStrike"],"picked":"SKIP","floor":22},{"not_picked":["EmptyFist","Replay:Cycle","Pray"],"picked":"SKIP","floor":25},{"not_picked":["CarveReality","EmptyFist"],"picked":"FlurryOfBlows","floor":30},{"not_picked":["Blasphemy+1","Collect+1","MentalFortress"],"picked":"SKIP","floor":31},{"not_picked":["LessonLearned","ConjureBlade+1"],"picked":"MasterReality","floor":33}],"player_experience":2584601,"relics_obtained":[{"floor":9,"key":"hubris:Reverence"},{"floor":12,"key":"Incense Burner"},{"floor":26,"key":"Toxic Egg 2"}],"event_choices":[{"damage_healed":0,"gold_gain":1,"player_choice":"1","damage_taken":0,"max_hp_gain":0,"max_hp_loss":0,"event_name":"betterStone:BetterStone","floor":3,"gold_loss":0},{"cards_removed":["Defend_P"],"damage_healed":0,"gold_gain":0,"player_choice":"Card Removal","damage_taken":0,"max_hp_gain":0,"max_hp_loss":0,"event_name":"The Cleric","floor":5,"gold_loss":50},{"damage_healed":0,"gold_gain":0,"player_choice":"Grow","damage_taken":0,"max_hp_gain":0,"max_hp_loss":0,"event_name":"Living Wall","floor":7,"gold_loss":0,"cards_upgraded":["Good Instincts"]},{"damage_healed":0,"gold_gain":0,"player_choice":"Ignored","damage_taken":0,"max_hp_gain":0,"max_hp_loss":0,"event_name":"Golden Wing","floor":10,"gold_loss":0},{"damage_healed":24,"gold_gain":0,"player_choice":"Banana","damage_taken":0,"max_hp_gain":0,"max_hp_loss":0,"event_name":"Big Fish","floor":14,"gold_loss":0},{"damage_healed":0,"gold_gain":0,"player_choice":"Copied","damage_taken":0,"max_hp_gain":0,"max_hp_loss":0,"event_name":"Duplicator","floor":20,"gold_loss":0,"cards_obtained":["Consecrate"]},{"cards_removed":["Strike_P"],"damage_healed":0,"gold_gain":0,"player_choice":"Offered Basic","damage_taken":0,"max_hp_gain":0,"max_hp_loss":0,"event_name":"Bonfire Elementals","floor":21,"gold_loss":0},{"damage_healed":0,"gold_gain":0,"player_choice":"Forge","damage_taken":0,"max_hp_gain":0,"max_hp_loss":0,"event_name":"Accursed Blacksmith","floor":24,"gold_loss":0,"cards_upgraded":["Defend_P"]}],"is_beta":false,"boss_relics":[{"not_picked":["Snecko Eye","energizedSpire:EnergizedDie"],"picked":"Coffee Dripper"},{"not_picked":["Replay:Ancient Bell","hubris:BlackHole"],"picked":"Kintsugi"}],"items_purged_floors":[2],"is_endless":false,"potions_floor_spawned":[1,25,33],"killed_by":"3 Darklings","ascension_level":0}}