{"host":"ocllwaoi18j60ltd","time":1607884030,"event":{"mods":["BaseMod","DeckTracker","Minty Spire (QoL Compilation)","Permanent Neow","Quick Restart","StSLib","SuperFastMode"],"gold_per_floor":[110,35,45,45,45,45,80,100,100,117,127,158,158,176,176,250,250,264,275,475,344,169,197,209,97,120,130,159,159,189,239,239,239,239],"floor_reached":33,"playtime":916,"items_purged":["Defend_R","Defend_R"],"score":730,"play_id":"47935e43-4b6a-4ac8-8326-faeeeba3d6c5","local_time":"20201214032710","is_ascension_mode":true,"campfire_choices":[{"data":"Wild Strike","floor":6,"key":"SMITH"},{"data":"Perfected Strike","floor":13,"key":"SMITH"},{"data":"Whirlwind","floor":15,"key":"SMITH"},{"data":"Perfected Strike","floor":29,"key":"SMITH"},{"floor":32,"key":"REST"}],"circlet_count":0,"master_deck":["AscendersBane","Strike_R","Strike_R+1","Strike_R","Defend_R+1","Bash","Wild Strike+1","Pommel Strike","Power Through+1","Whirlwind+1","Perfected Strike+1","Wild Strike","Battle Trance+1","Offering+1","Twin Strike","Flex+1","Shrug It Off+1","Disarm+1","Evolve","Seeing Red+1","Shrug It Off+1","Perfected Strike+1","True Grit+1","Fiend Fire","Fire Breathing"],"relics":["Burning Blood","NeowsBlessing","Toxic Egg 2","Mercury Hourglass","MealTicket","Empty Cage","Vajra","Ancient Tea Set","Lantern","Letter Opener"],"acts_visited":["Exordium","TheCity"],"potions_floor_usage":[16,18,23,28],"damage_taken":[{"damage":0,"enemies":"Cultist","floor":1,"turns":1},{"damage":0,"enemies":"Small Slimes","floor":3,"turns":1},{"damage":0,"enemies":"3 Sentries","floor":7,"turns":1},{"damage":5,"enemies":"2 Louse","floor":8,"turns":3},{"damage":1,"enemies":"Exordium Thugs","floor":10,"turns":4},{"damage":1,"enemies":"Looter","floor":11,"turns":3},{"damage":8,"enemies":"Gremlin Nob","floor":12,"turns":3},{"damage":0,"enemies":"2 Fungi Beasts","floor":14,"turns":2},{"damage":64,"enemies":"The Guardian","floor":16,"turns":9},{"damage":5,"enemies":"2 Thieves","floor":18,"turns":3},{"damage":24,"enemies":"3 Byrds","floor":19,"turns":4},{"damage":35,"enemies":"Book of Stabbing","floor":23,"turns":6},{"damage":35,"enemies":"Shelled Parasite and Fungi","floor":24,"turns":6},{"damage":13,"enemies":"Snecko","floor":27,"turns":4},{"damage":6,"enemies":"Slavers","floor":28,"turns":5},{"damage":21,"enemies":"Book of Stabbing","floor":30,"turns":5},{"damage":66,"enemies":"Automaton","floor":33,"turns":8}],"seed_played":"-879366373928016337","potions_obtained":[{"floor":3,"key":"Strength Potion"},{"floor":8,"key":"SpeedPotion"},{"floor":12,"key":"SkillPotion"},{"floor":14,"key":"FearPotion"},{"floor":16,"key":"ElixirPotion"},{"floor":19,"key":"Regen Potion"},{"floor":23,"key":"ColorlessPotion"},{"floor":28,"key":"ElixirPotion"}],"is_trial":false,"path_per_floor":["M","?","M","?","?","R","E","M","T","M","M","E","R","M","R","B",null,"M","M","?","$","$","E","M","$","T","M","E","R","E","?","R","B"],"character_chosen":"IRONCLAD","items_purchased":["Shrug It Off+1","Disarm+1","Shrug It Off+1","Perfected Strike"],"campfire_rested":1,"item_purchase_floors":[21,22,25,25],"current_hp_per_floor":[74,74,75,52,57,57,63,64,64,69,74,72,72,78,78,20,65,66,48,48,63,78,61,32,47,47,40,40,40,25,25,49,0,0],"gold":239,"neow_bonus":"THREE_ENEMY_KILL","is_daily":false,"chose_seed":false,"campfire_upgraded":4,"win_rate":0.0,"timestamp":1607884030,"path_taken":["M","?","M","?","?","R","E","M","T","M","M","E","R","M","R","BOSS","M","M","?","?","$","E","M","$","T","M","E","R","E","?","R","BOSS"],"items_purchased_type":["Card","Card","Card","Card"],"build_version":"2020-11-30","purchased_purges":2,"victory":false,"max_hp_per_floor":[75,75,75,75,80,80,80,80,80,80,80,80,80,80,80,80,80,80,80,80,80,80,80,80,80,80,80,80,80,80,80,80,80,80],"card_choices":[{"not_picked":["Flex","Shrug It Off"],"picked":"Wild Strike","floor":1},{"not_picked":["Iron Wave","Thunderclap"],"picked":"Pommel Strike","floor":3},{"not_picked":["Shrug It Off+1","Metallicize"],"picked":"Power Through+1","floor":7},{"not_picked":["Clash","Body Slam"],"picked":"Whirlwind","floor":8},{"not_picked":["Sever Soul","Sword Boomerang","Pommel Strike"],"picked":"SKIP","floor":10},{"not_picked":["Anger","Double Tap+1"],"picked":"Perfected Strike","floor":11},{"not_picked":["Burning Pact+1","Anger"],"picked":"Wild Strike","floor":12},{"not_picked":["Blood for Blood","Seeing Red+1"],"picked":"Battle Trance+1","floor":14},{"not_picked":["Brutality","Fiend Fire"],"picked":"Offering+1","floor":16},{"not_picked":["Ghostly Armor+1","Sword Boomerang"],"picked":"Twin Strike","floor":18},{"not_picked":["Clash+1","Combust"],"picked":"Flex+1","floor":19},{"not_picked":["Rupture","Twin Strike+1"],"picked":"Evolve","floor":23},{"not_picked":["Warcry+1","Clash"],"picked":"Seeing Red+1","floor":24},{"not_picked":["Headbutt","Twin Strike"],"picked":"True Grit+1","floor":27},{"not_picked":["Blood for Blood","Whirlwind"],"picked":"Fiend Fire","floor":28},{"not_picked":["Whirlwind+1","Shrug It Off+1"],"picked":"Fire Breathing","floor":30}],"player_experience":831572,"relics_obtained":[{"floor":7,"key":"Toxic Egg 2"},{"floor":9,"key":"Mercury Hourglass"},{"floor":12,"key":"MealTicket"},{"floor":23,"key":"Vajra"},{"floor":26,"key":"Ancient Tea Set"},{"floor":28,"key":"Lantern"},{"floor":30,"key":"Letter Opener"}],"event_choices":[{"cards_removed":["Strike_R"],"damage_healed":0,"gold_gain":0,"player_choice":"Card Removal","damage_taken":0,"max_hp_gain":0,"max_hp_loss":0,"event_name":"The Cleric","floor":2,"gold_loss":75},{"damage_healed":0,"gold_gain":0,"player_choice":"Entered Light","damage_taken":23,"max_hp_gain":0,"max_hp_loss":0,"event_name":"Shining Light","floor":4,"gold_loss":0,"cards_upgraded":["Defend_R","Strike_R"]},{"damage_healed":0,"gold_gain":0,"player_choice":"Donut","damage_taken":0,"max_hp_gain":5,"max_hp_loss":0,"event_name":"Big Fish","floor":5,"gold_loss":0},{"damage_healed":0,"gold_gain":200,"player_choice":"Gold","damage_taken":0,"max_hp_gain":0,"max_hp_loss":0,"event_name":"Wheel of Change","floor":20,"gold_loss":0},{"damage_healed":0,"gold_gain":50,"player_choice":"Pray","damage_taken":0,"max_hp_gain":0,"max_hp_loss":0,"event_name":"Golden Shrine","floor":31,"gold_loss":0}],"is_beta":false,"boss_relics":[{"not_picked":["Black Blood","Busted Crown"],"picked":"Empty Cage"}],"items_purged_floors":[21,22],"is_endless":false,"potions_floor_spawned":[3,8,12,14,16,19,23,24,28],"killed_by":"Automaton","ascension_level":20}}