{"host":"e37wo6g0mvmcmos0","time":1607894631,"event":{"mods":["AchievementEnabler","BaseMod","Colored Map","Minty Spire (QoL Compilation)","Rare Cards Sparkle","SuperFastMode","everything is the same but u backflip on backflip"],"gold_per_floor":[111,111,123,135,149,149,183,198,247,267,267,281,281,293,293,293,293],"floor_reached":16,"playtime":1371,"items_purged":[],"score":133,"play_id":"c9cb5068-5955-432c-a893-3b27c5d6565e","local_time":"20201214062351","is_ascension_mode":true,"campfire_choices":[{"floor":6,"key":"REST"},{"floor":11,"key":"REST"},{"floor":15,"key":"REST"}],"circlet_count":0,"master_deck":["Strike_G","Strike_G","Strike_G","Strike_G","Defend_G","Defend_G","Defend_G","Defend_G+1","Defend_G","Survivor","Neutralize","Quick Slash","A Thousand Cuts","PiercingWail","Riddle With Holes","Dodge and Roll+1","Blade Dance","Endless Agony","PiercingWail","Blade Dance","Infinite Blades"],"relics":["Ring of the Snake","War Paint","Tiny Chest","Question Card"],"acts_visited":[],"potions_floor_usage":[16,16],"damage_taken":[{"damage":15,"enemies":"Small Slimes","floor":1,"turns":4},{"damage":7,"enemies":"Cultist","floor":3,"turns":5},{"damage":16,"enemies":"Jaw Worm","floor":4,"turns":7},{"damage":6,"enemies":"2 Fungi Beasts","floor":5,"turns":3},{"damage":37,"enemies":"3 Sentries","floor":7,"turns":9},{"damage":0,"enemies":"3 Louse","floor":8,"turns":3},{"damage":12,"enemies":"Exordium Wildlife","floor":10,"turns":5},{"damage":8,"enemies":"Looter","floor":12,"turns":3},{"damage":0,"enemies":"Large Slime","floor":14,"turns":4},{"damage":43,"enemies":"Slime Boss","floor":16,"turns":7}],"seed_played":"8641642373755767577","potions_obtained":[{"floor":7,"key":"SteroidPotion"},{"floor":8,"key":"SkillPotion"},{"floor":12,"key":"GamblersBrew"}],"is_trial":false,"path_per_floor":["M","?","M","M","M","R","E","M","T","M","R","M","?","M","R","B"],"character_chosen":"THE_SILENT","items_purchased":[],"campfire_rested":3,"item_purchase_floors":[],"current_hp_per_floor":[62,62,55,39,33,56,19,19,19,7,30,22,19,19,42,0,0],"gold":293,"neow_bonus":"TEN_PERCENT_HP_BONUS","is_daily":false,"chose_seed":false,"campfire_upgraded":0,"win_rate":0.0,"timestamp":1607894631,"path_taken":["M","?","M","M","?","R","E","M","T","M","R","M","?","M","R","BOSS"],"items_purchased_type":[],"build_version":"2020-11-30","purchased_purges":0,"victory":false,"max_hp_per_floor":[77,77,77,77,77,77,77,77,77,77,77,77,77,77,77,77,77],"card_choices":[{"not_picked":["Backflip","Dagger Throw"],"picked":"Quick Slash","floor":1},{"not_picked":["Sucker Punch","Escape Plan"],"picked":"PiercingWail","floor":3},{"not_picked":["Tools of the Trade","Caltrops"],"picked":"Riddle With Holes","floor":4},{"not_picked":["Bane","Skewer"],"picked":"Dodge and Roll","floor":5},{"not_picked":["Acrobatics","Slice"],"picked":"Blade Dance","floor":7},{"not_picked":["Underhanded Strike","Deadly Poison"],"picked":"Endless Agony","floor":8},{"not_picked":["Underhanded Strike","Dodge and Roll"],"picked":"PiercingWail","floor":10},{"not_picked":["Prepared","Outmaneuver"],"picked":"Blade Dance","floor":12},{"not_picked":["Distraction","Dagger Throw","Outmaneuver"],"picked":"Infinite Blades","floor":14}],"player_experience":233963,"relics_obtained":[{"floor":7,"key":"War Paint"},{"floor":9,"key":"Tiny Chest"}],"event_choices":[{"damage_healed":0,"gold_gain":0,"cards_transformed":["Strike_G"],"player_choice":"Transformed","damage_taken":0,"max_hp_gain":0,"max_hp_loss":0,"event_name":"Transmorgrifier","floor":2,"gold_loss":0,"cards_obtained":["A Thousand Cuts"]},{"damage_healed":0,"gold_gain":0,"player_choice":"Success","damage_taken":3,"relics_obtained":["Question Card"],"max_hp_gain":0,"max_hp_loss":0,"event_name":"Scrap Ooze","floor":13,"gold_loss":0}],"is_beta":false,"boss_relics":[],"items_purged_floors":[],"is_endless":false,"potions_floor_spawned":[7,8,12],"killed_by":"Slime Boss","ascension_level":5}}