{"host":"fhujvjnj99vjue08","time":1607870495,"event":{"mods":["2.2 Compatiblity","AchievementEnabler","Aspiration","Astrologer","BaseMod","Beaked The Cultist","BetterRewards","CatGirl Mod","Colored Map","Colored Powertips","Conjunction","Conspire","Custom Start","Friendly Minions","GifTheSpireLib","Googly Eyes","Halation","Highlight Path","Hubris","Hyrulean Relics","Infinite Spire","Magitek Elite","Mimic Mod","Minty Spire (QoL Compilation)","Replay The Spire","Reworked Bosses","Shop Mod","StSLib","Strawberry Spire","Stuff the Spire","The Bug Knight","The Factory","The Gatherer","The Jungle","The Servant 0.9.4","TheBandit","TheFirefly","egg","thorton","vexMod"],"gold_per_floor":[118,135,207,221,231,264,264,290,313,313,263,263,289,289,289,406,406,427,427,466,466,485,516,516,544,568,568,568],"floor_reached":27,"playtime":1616,"items_purged":[],"score":276,"play_id":"7109f45f-cb34-442b-80b3-306b97cdd544","local_time":"20201213144135","is_ascension_mode":false,"campfire_choices":[{"data":"Tornado","floor":7,"key":"SMITH"},{"data":"Shell","floor":10,"key":"SMITH"},{"data":"Haste","floor":12,"key":"SMITH"},{"floor":15,"key":"DIG"}],"circlet_count":1,"master_deck":["Strike_L","Strike_L","Strike_L","Strike_L","Defend_L","Defend_L","Defend_L","Fire2","Cure","Mythril_Knife","Meltdown","Force_Armor","Haste+1","Tornado+1","Shell+1","conspire:SpireCoStock","Mythril_Knife","hubris:DuctTapeCard","Looming Evil","Ultima","Focus","Break+1","Minerva_Bustier","Mythril_Knife","Mama+1"],"relics":["Pendant","NeowsBlessing","Bird Faced Urn","conspire:GlowingRock","Replay:Rubber Ducky","hubris:DuctTape","ReplayTheSpireMod:Ring of Addiction","Chameleon Ring","Circlet","Pen Nib","vexMod:FluxCapacitor","halation:PinkSoulGem","Golden Egg","halation:EternalFortune","Gremlin Food"],"acts_visited":["Exordium","Exordium"],"potions_floor_usage":[5,6,8,13,16,16,16,20,22,23,27,27],"damage_taken":[{"damage":0,"enemies":"2 Louse","floor":1,"turns":2},{"damage":0,"enemies":"Jaw Worm","floor":2,"turns":1},{"damage":0,"enemies":"Small Slimes","floor":4,"turns":1},{"damage":5,"enemies":"Looter","floor":5,"turns":2},{"damage":35,"enemies":"3 Sentries","floor":6,"turns":11},{"damage":16,"enemies":"Lagavulin","floor":8,"turns":8},{"damage":27,"enemies":"Gremlin Nob","floor":13,"turns":5},{"damage":2,"enemies":"Fading Forest","floor":16,"turns":11},{"damage":25,"enemies":"theJungle:GiantWrat","floor":18,"turns":7},{"damage":13,"enemies":"theJungle:MUSHROOMGANG","floor":20,"turns":3},{"damage":12,"enemies":"theJungle:Lyon","floor":22,"turns":4},{"damage":0,"enemies":"theJungle:MamaSnecko","floor":23,"turns":5},{"damage":20,"enemies":"theJungle:2_Snecko_Cultists","floor":25,"turns":5},{"damage":30,"enemies":"theJungle:Cassacara","floor":27,"turns":3}],"seed_played":"-8851460458278337595","potions_obtained":[{"floor":2,"key":"infinitespire:BlackPotion"},{"floor":4,"key":"infinitespire:BlackPotion"},{"floor":5,"key":"FearPotion"},{"floor":8,"key":"FearPotion"},{"floor":14,"key":"Fruit Juice"},{"floor":14,"key":"SkillPotion"},{"floor":14,"key":"AttackPotion"},{"floor":18,"key":"Block Potion"},{"floor":22,"key":"Elixir"},{"floor":25,"key":"Milkshake"}],"is_trial":false,"path_per_floor":["M","M","?","M","M","E","R","E","T","R","?","R","E","?","R_BF","B",null,"M","?","M","?","M","E","?","M","T","E"],"character_chosen":"MAGITEKELITE","items_purchased":[],"campfire_rested":0,"item_purchase_floors":[],"current_hp_per_floor":[63,63,63,63,58,29,29,23,23,23,23,23,2,2,2,27,68,45,45,34,34,24,28,31,21,21,0,0],"gold":568,"neow_bonus":"THREE_ENEMY_KILL","is_daily":false,"chose_seed":false,"campfire_upgraded":3,"win_rate":0.0,"timestamp":1607870495,"path_taken":["M","M","?","M","M","E","R","E","T","R","?","R","E","?","R_BF","BOSS","M","?","M","?","M","E","?","?","T","E"],"items_purchased_type":[],"build_version":"2020-11-30","purchased_purges":0,"victory":false,"max_hp_per_floor":[63,63,63,63,63,63,63,63,63,63,63,63,63,63,63,68,68,68,68,66,66,66,66,69,69,69,67,67],"card_choices":[{"not_picked":["Man_Eater","Cursed_Shield"],"picked":"Mythril_Knife","floor":1},{"not_picked":["Mystery_Veil","Icebrand"],"picked":"Meltdown","floor":2},{"not_picked":["Icebrand","Slow"],"picked":"Force_Armor","floor":4},{"not_picked":["Flare","Vox"],"picked":"Haste","floor":5},{"not_picked":["Astra","Cursed_Shield"],"picked":"Tornado","floor":6},{"not_picked":["Wall","Rasp"],"picked":"Shell","floor":8},{"not_picked":["Crystal_Sword","Gaia_Gear"],"picked":"Mythril_Knife","floor":13},{"not_picked":["Might","Valor"],"picked":"Ultima","floor":16},{"not_picked":["Mythril_Knife","Cursed_Shield+1"],"picked":"Focus","floor":18},{"not_picked":["Dark","Astra"],"picked":"Break+1","floor":20},{"not_picked":["Vox","Flametongue"],"picked":"Minerva_Bustier","floor":22},{"not_picked":["Throw+1","Icebrand"],"picked":"Mythril_Knife","floor":23},{"not_picked":["Thunder_P","Poisona"],"picked":"Mama","floor":25}],"player_experience":290615,"relics_obtained":[{"floor":6,"key":"Bird Faced Urn"},{"floor":8,"key":"conspire:GlowingRock"},{"floor":9,"key":"Replay:Rubber Ducky"},{"floor":13,"key":"hubris:DuctTape"},{"floor":14,"key":"ReplayTheSpireMod:Ring of Addiction"},{"floor":14,"key":"Chameleon Ring"},{"floor":14,"key":"Circlet"},{"floor":15,"key":"Pen Nib"},{"floor":23,"key":"Golden Egg"},{"floor":26,"key":"Gremlin Food"}],"event_choices":[{"damage_healed":0,"gold_gain":72,"player_choice":"Gained Gold","damage_taken":0,"max_hp_gain":0,"max_hp_loss":0,"event_name":"Golden Wing","floor":3,"gold_loss":0},{"damage_healed":0,"gold_gain":0,"player_choice":"Invest 1","damage_taken":0,"max_hp_gain":0,"max_hp_loss":0,"event_name":"conspire:Investor","floor":11,"gold_loss":0}],"is_beta":false,"boss_relics":[{"not_picked":["Runic Dome","infinitespire:Cupcake"],"picked":"vexMod:FluxCapacitor"}],"items_purged_floors":[],"is_endless":false,"potions_floor_spawned":[2,4,5,8,18,22,25],"killed_by":"theJungle:Cassacara","ascension_level":0}}