{"host":"17j25xn3vk5d1e3v","time":1607821389,"event":{"mods":["AchievementEnabler","Act Like it!","BaseMod","Downfall","GifTheSpireLib","Hermit","HexUI Lib","Hubris","Minty Spire (QoL Compilation)","Replay The Spire","StSLib","The Bug Knight","The Necromancer"],"gold_per_floor":[99,99,99,128,128,128,154,154,179,179,89,109,109,126,139,236,236,324,341,351,90,107,125,125,125,141,171,171,181,181,41,51,149,149,149,32,32,47,47,402,402,402,412,412,432,449,647,666,686,686],"floor_reached":51,"playtime":2719,"items_purged":["Slimebound:Strike_Slimebound","Regret","Shame","Slimebound:Strike_Slimebound"],"score":777,"play_id":"38eb3a18-1a97-4659-b29f-9f7d35e26b82","local_time":"20201213020309","is_ascension_mode":false,"campfire_choices":[{"data":"Slimebound:Split","floor":3,"key":"SMITH"},{"data":"Slimebound:Grow","floor":10,"key":"SMITH"},{"floor":25,"key":"REST"},{"data":"Slimebound:MinionMaster","floor":37,"key":"SMITH"},{"data":"Slimebound:SplitLeeching","floor":44,"key":"SMITH"}],"circlet_count":0,"master_deck":["Slimebound:Strike_Slimebound","Slimebound:Tackle","Slimebound:Defend_Slimebound+1","Slimebound:Defend_Slimebound+1","Slimebound:Defend_Slimebound+1","Slimebound:Defend_Slimebound","Slimebound:Split+1","Slimebound:CorrosiveSpit+1","Slimebound:Repurpose","Slimebound:SplitLeeching","Slimebound:SplitMire","Slimebound:Grow+1","Slimebound:GoopTackle","Slimebound:GrowthPunch","Slimebound:RollThrough","Slimebound:SplitBruiser","Slimebound:PrepareCrush","Slimebound:LeechEnergy","Slimebound:RejuvenatingLick+1","Slimebound:SplitLeeching","Pot Of Greed","Pot Of Greed","Slimebound:SplitAcid","Slimebound:SlimeBrawl","Slimebound:Gluttony","Pot Of Greed","Slimebound:SamplingLick+1","Slimebound:RollThrough","Slimebound:SlimeBrawl","Slimebound:LevelUp+1","Slimebound:MinionMaster+1","Slimebound:SplitLeeching+1","Slimebound:GrowthPunch","Slimebound:Equalize+1","Slimebound:Equalize+1","Slimebound:RollThrough","Slimebound:Nibble","Pot Of Greed","Slimebound:SplitBruiser+1","Slimebound:Teamwork","Slimebound:GoopTackle"],"relics":["downfall:HeartsMalice","Replay:Accelerometer","m_BurningSludge","Pen Nib","hubris:Reverence","hubris:Backtick","PreservedInsect","Grinning Jar","Regal Pillow","Mango","hubris:Icosahedron","Ornamental Fan","hubris:BlackHole","Incense Burner","Old Coin","Mercury Hourglass"],"acts_visited":["Exordium","TheCity","TheBeyond"],"potions_floor_usage":[16,16,16,27,29,29,33,36,49,50],"damage_taken":[{"damage":0,"enemies":"Replay:BlueRogue","floor":4,"turns":1},{"damage":0,"enemies":"Cultist","floor":5,"turns":1},{"damage":0,"enemies":"Small Slimes","floor":8,"turns":1},{"damage":55,"enemies":"HollowMod:MossKnight","floor":9,"turns":8},{"damage":28,"enemies":"downfall:FleeingMerchant","floor":11,"turns":4},{"damage":16,"enemies":"2 Louse","floor":12,"turns":3},{"damage":18,"enemies":"2 Fungi Beasts","floor":14,"turns":4},{"damage":20,"enemies":"Blue Slaver","floor":15,"turns":4},{"damage":41,"enemies":"downfall:Watcher","floor":16,"turns":6},{"damage":18,"enemies":"Spheric Guardian","floor":19,"turns":4},{"damage":33,"enemies":"Chosen and Byrds","floor":20,"turns":5},{"damage":31,"enemies":"downfall:FleeingMerchant","floor":21,"turns":4},{"damage":39,"enemies":"Shelled Parasite and Fungi","floor":22,"turns":4},{"damage":26,"enemies":"Snake Plant","floor":23,"turns":4},{"damage":37,"enemies":"Sentry and Sphere","floor":26,"turns":4},{"damage":53,"enemies":"Slavers","floor":27,"turns":4},{"damage":29,"enemies":"Snecko","floor":29,"turns":5},{"damage":24,"enemies":"downfall:FleeingMerchant","floor":31,"turns":4},{"damage":29,"enemies":"Centurion and Healer","floor":32,"turns":4},{"damage":43,"enemies":"downfall:Defect","floor":33,"turns":6},{"damage":24,"enemies":"downfall:FleeingMerchant","floor":36,"turns":2},{"damage":31,"enemies":"3 Darklings","floor":38,"turns":3},{"damage":30,"enemies":"2 Orb Walkers","floor":40,"turns":3},{"damage":12,"enemies":"3 Shapes","floor":43,"turns":3},{"damage":20,"enemies":"3 Darklings","floor":45,"turns":3},{"damage":28,"enemies":"Transient","floor":46,"turns":5},{"damage":30,"enemies":"Spire Growth","floor":48,"turns":3},{"damage":40,"enemies":"Writhing Mass","floor":49,"turns":4},{"damage":70,"enemies":"downfall:Ironclad","floor":50,"turns":5}],"seed_played":"-523607642473479579","potions_obtained":[{"floor":1,"key":"Strength Potion"},{"floor":1,"key":"Milkshake"},{"floor":9,"key":"LiquidMemories"},{"floor":12,"key":"PowerPotion"},{"floor":14,"key":"Elixir"},{"floor":19,"key":"SpeedPotion"},{"floor":22,"key":"Dexterity Potion"},{"floor":23,"key":"DistilledChaos"},{"floor":27,"key":"SteroidPotion"},{"floor":32,"key":"Swift Potion"},{"floor":35,"key":"Slimebound:SlimedPotion"},{"floor":35,"key":"ColorlessPotion"},{"floor":38,"key":"AttackPotion"}],"is_trial":false,"path_per_floor":["R","?","R","E","M","?","T","M","E","R","$","M","?","M","M","B",null,"R","M","M","$","M","M","T","R","M","E","?","M","?","$","M","B",null,"R","$","R","M","$","?","T","?","M","R","M","M","?","M","M","B",null],"character_chosen":"SLIMEBOUND","items_purchased":["Grinning Jar","Incense Burner"],"campfire_rested":1,"item_purchase_floors":[21,36],"current_hp_per_floor":[60,60,60,60,60,60,60,60,25,25,19,25,25,31,33,20,60,60,60,43,32,19,19,19,52,47,42,42,27,27,37,34,25,74,74,74,74,74,74,72,72,72,72,72,74,74,56,42,38,26],"gold":686,"neow_bonus":"THREE_ENEMY_KILL","is_daily":false,"chose_seed":false,"campfire_upgraded":4,"win_rate":0.0,"timestamp":1607821389,"path_taken":["R","?","R","E","M","?","T","M","E","R","$","M","?","M","M","BOSS","R","M","M","$","M","M","T","R","M","E","?","M","?","$","M","BOSS","R","$","R","M","$","?","T","?","M","R","M","M","?","M","M","BOSS"],"items_purchased_type":["Relic","Relic"],"build_version":"2020-11-30","purchased_purges":4,"victory":true,"max_hp_per_floor":[60,60,60,60,60,60,60,60,60,60,60,60,60,60,60,60,60,60,60,60,60,60,60,60,60,60,74,74,74,74,74,74,74,74,74,74,74,74,74,74,74,74,74,74,74,74,74,74,74,74],"card_choices":[{"not_picked":["Slimebound:SplitBruiser","Slimebound:Chomp"],"picked":"Slimebound:Repurpose","floor":4},{"not_picked":["Slimebound:ComboTackle","Slimebound:ViciousTackle"],"picked":"Slimebound:SplitLeeching","floor":5},{"not_picked":["Slimebound:SplitLeeching","Whirlwind"],"picked":"Slimebound:SplitMire","floor":8},{"not_picked":["Slimebound:SplitLeeching","Twin Strike"],"picked":"Slimebound:Grow","floor":9},{"not_picked":["Slimebound:FormOfPuddle","Offering"],"picked":"Slimebound:GoopTackle","floor":11},{"not_picked":["Slimebound:SplitBruiser","Slimebound:GoopTackle"],"picked":"Slimebound:GrowthPunch","floor":12},{"not_picked":["Slimebound:Grow","Slimebound:SplitMire"],"picked":"Slimebound:RollThrough","floor":14},{"not_picked":["Slimebound:LeechingTouch","Slimebound:FlameTackle"],"picked":"Slimebound:SplitBruiser","floor":15},{"not_picked":["Reaper","Offering"],"picked":"Slimebound:PrepareCrush","floor":16},{"not_picked":["Slimebound:LeechingTouch+1","Slimebound:ViciousTackle"],"picked":"Slimebound:LeechEnergy","floor":19},{"not_picked":["Slimebound:ProtectTheBoss","Slimebound:Prepare"],"picked":"Slimebound:RejuvenatingLick+1","floor":20},{"not_picked":["Slimebound:ViciousTackle+1","Slimebound:RollThrough"],"picked":"Slimebound:SplitLeeching","floor":21},{"not_picked":["Slimebound:Schlurp","Slimebound:RollThrough+1"],"picked":"Slimebound:SplitAcid","floor":22},{"not_picked":["Slimebound:Replication+1","Slimebound:Schlurp+1"],"picked":"Slimebound:SlimeBrawl","floor":23},{"not_picked":["Slimebound:BestDefense","Slimebound:GrowthPunch"],"picked":"Slimebound:Gluttony","floor":26},{"not_picked":["Slimebound:GrowthPunch","Slimebound:ComboTackle+1"],"picked":"Slimebound:SamplingLick+1","floor":27},{"not_picked":["Slimebound:FinishingTackle","Slimebound:ViciousTackle"],"picked":"Slimebound:RollThrough","floor":29},{"not_picked":["Slimebound:Chomp","Slimebound:ViciousTackle"],"picked":"Slimebound:SlimeBrawl","floor":31},{"not_picked":["Slimebound:LeechingTouch","Slimebound:SamplingLick+1"],"picked":"Slimebound:LevelUp+1","floor":32},{"not_picked":["Slimebound:PrepareCrush","Slimebound:OneTwoCombo"],"picked":"Slimebound:MinionMaster","floor":33},{"not_picked":["Slimebound:MegaLick","Slimebound:DouseInSlime"],"picked":"Slimebound:SplitLeeching","floor":36},{"not_picked":["Slimebound:RejuvenatingLick+1","Slimebound:Nibble+1"],"picked":"Slimebound:GrowthPunch","floor":38},{"not_picked":["Slimebound:Gluttony+1","Slimebound:Chomp+1"],"picked":"Slimebound:Equalize+1","floor":40},{"not_picked":["Slimebound:Chomp","Slimebound:SpikyOuterGoop+1"],"picked":"Slimebound:Equalize+1","floor":43},{"not_picked":["Slimebound:SamplingLick","Slimebound:SplitAcid+1"],"picked":"Slimebound:RollThrough","floor":45},{"not_picked":["Slimebound:Gluttony+1","Slimebound:TongueLash"],"picked":"Slimebound:Nibble","floor":46},{"not_picked":["Slimebound:LeechEnergy","Slimebound:LivingWall+1"],"picked":"Slimebound:SplitBruiser+1","floor":47},{"not_picked":["Slimebound:SplitBruiser+1","Slimebound:PressTheAttack"],"picked":"Slimebound:Teamwork","floor":48},{"not_picked":["Slimebound:HauntingLick","Slimebound:DisruptingSlam"],"picked":"Slimebound:GoopTackle","floor":49}],"player_experience":154399,"relics_obtained":[{"floor":4,"key":"Replay:Accelerometer"},{"floor":7,"key":"Pen Nib"},{"floor":9,"key":"hubris:Reverence"},{"floor":24,"key":"Regal Pillow"},{"floor":27,"key":"Mango"},{"floor":40,"key":"Old Coin"},{"floor":41,"key":"Mercury Hourglass"}],"event_choices":[{"damage_healed":0,"gold_gain":0,"player_choice":"Stole Relic","damage_taken":0,"relics_obtained":["Ornamental Fan"],"max_hp_gain":0,"max_hp_loss":0,"event_name":"Addict","floor":30,"gold_loss":0,"cards_obtained":["Shame"]},{"damage_healed":0,"gold_gain":0,"player_choice":"Fight","damage_taken":0,"max_hp_gain":0,"max_hp_loss":0,"event_name":"Mysterious Sphere","floor":40,"gold_loss":0}],"is_beta":false,"boss_relics":[{"not_picked":["hubris:CrackedHourglass","Replay:Wanted Poster"],"picked":"hubris:Backtick"},{"not_picked":["Busted Crown","Coffee Dripper"],"picked":"hubris:BlackHole"}],"items_purged_floors":[11,21,31,36],"is_endless":false,"potions_floor_spawned":[9,12,14,15,19,22,23,27,32,38,46,48],"ascension_level":0}}