{"host":"gkh5j5k5w4qf7k7n","time":1607832801,"event":{"mods":["2.2 Compatiblity","AchievementEnabler","BaseMod","Colored Map","Colored Powertips","GifTheSpireLib","Keyboard Shortcuts","Minty Spire (QoL Compilation)","Quick Restart","StSLib","SuperFastMode","The Construct","The Dragon Tamer","TheBandit","¡¼?Úª?ø«¡½REMEMod"],"gold_per_floor":[118,118,118,133,133,133,147,147,147,147,159,190,190,207,207,303,303,313,313,330,340,355,389,389,408,455,481,481,514,529,562,562,667,667,681,699,699,304,123,152,152,163,163,192,192,203,231,241,241,241,241,241,34,69,69,69],"floor_reached":55,"playtime":1814,"items_purged":["construct:Strike_Gold","construct:Strike_Gold","construct:Defend_Gold"],"score":1356,"play_id":"1441bea0-42df-4776-a601-96de49710998","local_time":"20201213131321","is_ascension_mode":true,"campfire_choices":[{"data":"construct:HardReboot+1","floor":6.0,"key":"SMITH"},{"data":"REME_AllRoundStrike","floor":8.0,"key":"SMITH"},{"data":"construct:Overcharge","floor":10.0,"key":"SMITH"},{"data":"construct:Overcharge+1","floor":13.0,"key":"SMITH"},{"data":"construct:MetalShell","floor":15.0,"key":"SMITH"},{"data":"construct:MetalShell+1","floor":24.0,"key":"SMITH"},{"floor":28.0,"key":"REST"},{"data":"construct:AttackMode+1","floor":32.0,"key":"SMITH"},{"data":"construct:MetalShell+1","floor":41.0,"key":"SMITH"},{"floor":45.0,"key":"REST"},{"floor":49.0,"key":"RECALL"},{"data":"construct:BatteryAcid+1","floor":52.0,"key":"SMITH"}],"circlet_count":0,"master_deck":["AscendersBane","construct:Strike_Gold","construct:Strike_Gold","construct:Defend_Gold","construct:Defend_Gold","construct:Defend_Gold","construct:AttackMode+2","construct:DefenseMode","REME_AllRoundStrike+1","construct:HardReboot+2","construct:Overcharge+2","construct:MetalShell+2","construct:Multistage+1","construct:BatteryAcid+2","construct:ForceCore+2","Violence+1","construct:MetalShell+2","construct:Failsafe"],"relics":["construct:ClockworkPhoenix","construct:Challenge1","REME_ComplimentaryCards","Mango","Lizard Tail","Black Star","REME_LimitBreaker","Pear","Regal Pillow","War Paint","Bag of Preparation","Toxic Egg 2","Thread and Needle","Potion Belt","Sozu","Bag of Marbles","REME_HourglassOfDeath","Vajra","Anchor","construct:PurpleEmber","Meat on the Bone","Calipers","Orichalcum","Toy Ornithopter"],"acts_visited":["Exordium","TheCity","TheBeyond","TheEnding"],"potions_floor_usage":[54,55,55],"damage_taken":[{"damage":0.0,"enemies":"Small Slimes","floor":1.0,"turns":2.0},{"damage":9.0,"enemies":"2 Louse","floor":4.0,"turns":3.0},{"damage":7.0,"enemies":"Jaw Worm","floor":7.0,"turns":3.0},{"damage":14.0,"enemies":"Red Slaver","floor":11.0,"turns":2.0},{"damage":30.0,"enemies":"3 Sentries","floor":12.0,"turns":3.0},{"damage":0.0,"enemies":"2 Fungi Beasts","floor":14.0,"turns":2.0},{"damage":8.0,"enemies":"Hexaghost","floor":16.0,"turns":5.0},{"damage":9.0,"enemies":"Shell Parasite","floor":18.0,"turns":2.0},{"damage":30.0,"enemies":"2 Thieves","floor":20.0,"turns":3.0},{"damage":6.0,"enemies":"3 Cultists","floor":21.0,"turns":3.0},{"damage":21.0,"enemies":"Snake Plant","floor":22.0,"turns":4.0},{"damage":30.0,"enemies":"Slavers","floor":23.0,"turns":3.0},{"damage":12.0,"enemies":"Cultist and Chosen","floor":25.0,"turns":3.0},{"damage":7.0,"enemies":"Gremlin Leader","floor":27.0,"turns":3.0},{"damage":15.0,"enemies":"Slavers","floor":29.0,"turns":2.0},{"damage":6.0,"enemies":"Centurion and Healer","floor":30.0,"turns":2.0},{"damage":0.0,"enemies":"Gremlin Leader","floor":31.0,"turns":2.0},{"damage":28.0,"enemies":"Automaton","floor":33.0,"turns":5.0},{"damage":0.0,"enemies":"3 Shapes","floor":35.0,"turns":1.0},{"damage":8.0,"enemies":"3 Darklings","floor":36.0,"turns":3.0},{"damage":0.0,"enemies":"Giant Head","floor":40.0,"turns":2.0},{"damage":6.0,"enemies":"Sphere and 2 Shapes","floor":42.0,"turns":2.0},{"damage":35.0,"enemies":"Nemesis","floor":44.0,"turns":3.0},{"damage":0.0,"enemies":"Jaw Worm Horde","floor":46.0,"turns":2.0},{"damage":0.0,"enemies":"Reptomancer","floor":47.0,"turns":2.0},{"damage":0.0,"enemies":"Transient","floor":48.0,"turns":5.0},{"damage":39.0,"enemies":"Time Eater","floor":50.0,"turns":5.0},{"damage":0,"enemies":"Shield and Spear","floor":54,"turns":2},{"damage":117,"enemies":"The Heart","floor":55,"turns":5}],"seed_played":"-3464181369080050944","potions_obtained":[{"floor":1.0,"key":"CultistPotion"},{"floor":14.0,"key":"SpeedPotion"},{"floor":20.0,"key":"DistilledChaos"},{"floor":23.0,"key":"SteroidPotion"},{"floor":25.0,"key":"Energy Potion"},{"floor":31.0,"key":"Strength Potion"},{"floor":33.0,"key":"SteroidPotion"}],"is_trial":false,"path_per_floor":["M","?","?","M","?","R","M","R","T","R","M","E","R","M","R","B",null,"M","?","M","M","M","E","R","M","T","E","R","E","M","E","R","B",null,"M","M","?","$","$","E","R","M","T","E","R","M","E","M","R","B",null,"R","$","E","B"],"character_chosen":"THE_CONSTRUCT_MOD","items_purchased":["Violence+1","Bag of Marbles","construct:MetalShell+1","construct:Failsafe"],"campfire_rested":2,"item_purchase_floors":[38,38,39,53],"current_hp_per_floor":[77,70,75,66,66,66,59,59,73,73,59,29,29,29,29,21,77,68,68,38,32,11,52,52,40,40,33,79,64,58,58,58,30,87,87,79,79,79,79,79,79,73,73,38,84,84,84,84,84,57,94,94,94,94,0,0],"gold":69,"neow_bonus":"RANDOM_COLORLESS_2","is_daily":false,"chose_seed":false,"campfire_upgraded":9,"win_rate":0.0,"timestamp":1607832801,"path_taken":["M","?","?","M","?","R","M","R","T","R","?","E","R","M","R","BOSS","M","?","M","M","M","E","R","M","T","E","R","E","M","E","R","BOSS","M","M","?","?","$","E","R","M","T","E","R","M","E","M","R","BOSS","R","$","E","BOSS"],"items_purchased_type":["Card","Relic","Card","Card"],"build_version":"2020-11-30","purchased_purges":3,"victory":false,"max_hp_per_floor":[77,77,82,82,82,82,82,82,96,96,96,96,96,96,96,96,96,96,96,96,96,96,106,106,106,106,106,106,106,106,106,106,106,106,106,106,106,106,106,106,106,106,106,106,106,106,106,106,106,106,106,106,106,106,106,106],"card_choices":[{"not_picked":["Secret Weapon","Thinking Ahead"],"picked":"REME_AllRoundStrike","floor":0.0},{"not_picked":["construct:OmegaCannon","construct:Versatility"],"picked":"construct:Overcharge","floor":1.0},{"not_picked":["construct:Accumulate","construct:ShiftGuard","construct:HeavyBolt"],"picked":"SKIP","floor":4.0},{"not_picked":["construct:Implosion","construct:Versatility","construct:SweepLaser"],"picked":"SKIP","floor":7.0},{"not_picked":["construct:MassProduction","construct:Isolate","construct:SyphonStrike"],"picked":"SKIP","floor":11.0},{"not_picked":["construct:SyphonStrike","construct:Implosion","construct:ChargeShot"],"picked":"SKIP","floor":12.0},{"not_picked":["construct:SweepLaser","construct:Tumble"],"picked":"construct:MetalShell","floor":14.0},{"not_picked":["construct:ShieldGenerator","construct:DarkFlames"],"picked":"construct:Multistage","floor":16.0},{"not_picked":["construct:SaveState","construct:MetalShell","construct:Tumble"],"picked":"SKIP","floor":18.0},{"not_picked":["construct:Analyze","construct:Tumble","construct:ShiftStrike+1"],"picked":"SKIP","floor":20.0},{"not_picked":["construct:SweepLaser","construct:PointDefense+1","construct:CreateCores"],"picked":"SKIP","floor":21.0},{"not_picked":["construct:FierceBash","construct:Antimatter","construct:Rollout"],"picked":"SKIP","floor":22.0},{"not_picked":["construct:Meltdown","construct:Chainstrike"],"picked":"construct:BatteryAcid+1","floor":23.0},{"not_picked":["construct:ShiftStrike","construct:Rollout","construct:Isolate+1"],"picked":"SKIP","floor":25.0},{"not_picked":["construct:VentSteam","construct:Isolate","construct:SweepLaser"],"picked":"SKIP","floor":27.0},{"not_picked":["construct:FocusedBeam","construct:Accumulate+1","construct:ModeShift+1"],"picked":"SKIP","floor":29.0},{"not_picked":["construct:Analyze+1","construct:Impenetrable+1","construct:CriticalHit"],"picked":"SKIP","floor":30.0},{"not_picked":["construct:Enhance","construct:Impenetrable+1","construct:Analyze+1"],"picked":"SKIP","floor":31.0},{"not_picked":["construct:Boost","construct:Rollout"],"picked":"construct:ForceCore+1","floor":35.0},{"not_picked":["construct:SyphonStrike","construct:ShiftGuard+1","construct:Isolate+1"],"picked":"SKIP","floor":36.0},{"not_picked":["construct:ReactiveShield+1","construct:HeavyBolt+1","construct:ClusterMines"],"picked":"SKIP","floor":40.0},{"not_picked":["construct:OneWayMirror+1","construct:NuclearCore+1","construct:ClusterMines+1"],"picked":"SKIP","floor":42.0},{"not_picked":["construct:Accumulate","construct:Analyze+1","construct:Backfire+1"],"picked":"SKIP","floor":44.0},{"not_picked":["construct:Analyze+1","construct:Synchronize","construct:ShiftStrike"],"picked":"SKIP","floor":46.0},{"not_picked":["construct:Reinforce+1","construct:FierceBash+1","construct:Autoturret"],"picked":"SKIP","floor":47.0},{"not_picked":["construct:SaveState+1","construct:LaserCore+1","construct:Anticipate+1"],"picked":"SKIP","floor":48.0},{"not_picked":["construct:HeavyBolt+1","construct:ShiftStrike","construct:ModeShift+1"],"picked":"SKIP","floor":54}],"player_experience":925003,"relics_obtained":[{"floor":9.0,"key":"Mango"},{"floor":12.0,"key":"Lizard Tail"},{"floor":23.0,"key":"REME_LimitBreaker"},{"floor":23.0,"key":"Pear"},{"floor":27.0,"key":"Regal Pillow"},{"floor":27.0,"key":"War Paint"},{"floor":29.0,"key":"Bag of Preparation"},{"floor":29.0,"key":"Toxic Egg 2"},{"floor":31.0,"key":"Thread and Needle"},{"floor":31.0,"key":"Potion Belt"},{"floor":40.0,"key":"REME_HourglassOfDeath"},{"floor":40.0,"key":"Vajra"},{"floor":43.0,"key":"Anchor"},{"floor":44.0,"key":"construct:PurpleEmber"},{"floor":47.0,"key":"Meat on the Bone"},{"floor":47.0,"key":"Calipers"},{"floor":54,"key":"Orichalcum"},{"floor":54,"key":"Toy Ornithopter"}],"event_choices":[{"cards_removed":["construct:Defend_Gold"],"damage_healed":0.0,"max_hp_gain":0.0,"max_hp_loss":0.0,"gold_gain":0.0,"event_name":"Golden Wing","player_choice":"Card Removal","floor":2.0,"gold_loss":0.0,"damage_taken":7.0},{"damage_healed":0.0,"max_hp_gain":5.0,"max_hp_loss":0.0,"gold_gain":0.0,"event_name":"Big Fish","player_choice":"Donut","floor":3.0,"gold_loss":0.0,"damage_taken":0.0},{"damage_healed":0.0,"max_hp_gain":0.0,"max_hp_loss":0.0,"gold_gain":0.0,"event_name":"Living Wall","player_choice":"Grow","floor":5.0,"gold_loss":0.0,"damage_taken":0.0,"cards_upgraded":["construct:HardReboot"]},{"cards_removed":["construct:Strike_Gold"],"damage_healed":0.0,"max_hp_gain":0.0,"max_hp_loss":0.0,"gold_gain":0.0,"event_name":"Back to Basics","player_choice":"Elegance","floor":19.0,"gold_loss":0.0,"damage_taken":0.0},{"damage_healed":0.0,"max_hp_gain":0.0,"max_hp_loss":0.0,"gold_gain":0.0,"event_name":"Accursed Blacksmith","player_choice":"Forge","floor":37.0,"gold_loss":0.0,"damage_taken":0.0,"cards_upgraded":["construct:ForceCore"]}],"is_beta":false,"boss_relics":[{"not_picked":["REME_DuelDisc","construct:WeddingRing"],"picked":"Black Star"},{"not_picked":["Empty Cage","Astrolabe"],"picked":"Sozu"}],"items_purged_floors":[38,39,53],"is_endless":false,"potions_floor_spawned":[1,14,20,23,25,31,33,40,44,46],"killed_by":"The Heart","ascension_level":10}}