{"host":"l7l2v2zs4hqku4vk","time":1607853576,"event":{"mods":["Act Like it!","BaseMod","Colored Powertips","Highlight Path","Minty Spire (QoL Compilation)","Replay The Spire","RumiaBox-露米娅的神秘盒子","StSLib","TestMod","The Servant 0.9.4","篝火指南"],"gold_per_floor":[111,36,47,61,61,95,105,105,105],"floor_reached":8,"playtime":542,"items_purged":["Strike_R"],"score":116,"play_id":"33d06cb6-2185-4f60-acd3-d4eef765c547","local_time":"20201213175936","is_ascension_mode":true,"campfire_choices":[],"circlet_count":0,"master_deck":["AscendersBane","Strike_R","Strike_R","Strike_R","Strike_R","Defend_R","Defend_R","Defend_R","Defend_R","Bash","testmod-DeathImprint+1","Body Slam","Shrug It Off","Dual Wield","Shrug It Off"],"relics":["Burning Blood","testmod-TestBox","testmod-BatchProcessingSystem","ReplayTheSpireMod:TigerMarble"],"acts_visited":["Exordium"],"potions_floor_usage":[8],"damage_taken":[{"damage":14,"enemies":"Jaw Worm","floor":1,"turns":5},{"damage":0,"enemies":"Cultist","floor":3,"turns":4},{"damage":2,"enemies":"2 Louse","floor":4,"turns":2},{"damage":40,"enemies":"3 Sentries","floor":6,"turns":13},{"damage":0,"enemies":"Looter","floor":7,"turns":2},{"damage":55,"enemies":"Lagavulin","floor":8,"turns":6}],"seed_played":"7713643193924645547","potions_obtained":[{"floor":6,"key":"SkillPotion"},{"floor":7,"key":"Elixir"}],"is_trial":false,"path_per_floor":["M","$","M","M","?","E","M","E"],"character_chosen":"IRONCLAD","items_purchased":[],"campfire_rested":0,"item_purchase_floors":[],"current_hp_per_floor":[60,60,66,70,70,36,42,0,0],"gold":105,"neow_bonus":"RANDOM_COLORLESS","is_daily":false,"chose_seed":false,"campfire_upgraded":0,"win_rate":0.0,"timestamp":1607853576,"path_taken":["M","$","M","M","?","E","?","E"],"items_purchased_type":[],"build_version":"2020-11-30","purchased_purges":1,"victory":false,"max_hp_per_floor":[75,75,75,75,75,75,75,75,75],"card_choices":[{"not_picked":["ReplayTheSpireMod:Uncanny Aura","testmod-PocketStoneCalender"],"picked":"testmod-DeathImprint","floor":0},{"not_picked":["Burning Pact","Rage"],"picked":"Body Slam","floor":1},{"not_picked":["Evolve","Run Through"],"picked":"Shrug It Off","floor":3},{"not_picked":["Havoc","Hemogenesis","Wild Strike"],"picked":"SKIP","floor":4},{"not_picked":["Twin Strike","ReplayTheSpireMod:Stacked"],"picked":"Dual Wield","floor":6},{"not_picked":["Twin Strike","Anger"],"picked":"Shrug It Off","floor":7}],"player_experience":1637032,"relics_obtained":[{"floor":6,"key":"ReplayTheSpireMod:TigerMarble"}],"event_choices":[{"damage_healed":0,"gold_gain":0,"player_choice":"Forge","damage_taken":0,"max_hp_gain":0,"max_hp_loss":0,"event_name":"Accursed Blacksmith","floor":5,"gold_loss":0,"cards_upgraded":["testmod-DeathImprint"]}],"is_beta":false,"boss_relics":[],"items_purged_floors":[2],"is_endless":false,"potions_floor_spawned":[6,7],"killed_by":"Lagavulin","ascension_level":20}}