{"host":"l2dnabsh5e0fsksb","time":1607854997,"event":{"mods":["2.2 Compatiblity","BaseMod","Downfall","Minty Spire (QoL Compilation)","Quick Restart","StSLib"],"gold_per_floor":[99,130,130,194,119,119,119,150,167,167,187,24,35,50,60,157,157,157,67,86,124,124,124,124,156,171,198,208,208,220,220,232,327,327,327,352,370,370,389,389,412,439,455,380,380,47,58,58,68,68],"floor_reached":51,"playtime":1874,"items_purged":["Pain"],"score":1297,"play_id":"5c202c37-f6d0-4364-a8bb-9f62b027bbfa","local_time":"20201213205317","is_ascension_mode":true,"campfire_choices":[{"floor":1.0,"key":"RECALL"},{"data":"Slimebound:SplitAcid","floor":5.0,"key":"SMITH"},{"data":"Slimebound:Split","floor":18.0,"key":"SMITH"},{"data":"Slimebound:CorrosiveSpit","floor":22.0,"key":"SMITH"},{"data":"Slimebound:Grow","floor":35.0,"key":"SMITH"},{"data":"Slimebound:AcidTongue","floor":40.0,"key":"SMITH"},{"data":"Slimebound:HauntingLick","floor":44.0,"key":"SMITH"}],"circlet_count":0,"master_deck":["AscendersBane","Slimebound:Strike_Slimebound","Slimebound:Strike_Slimebound","Slimebound:Strike_Slimebound","Slimebound:Tackle","Slimebound:Defend_Slimebound","Slimebound:Defend_Slimebound","Slimebound:Defend_Slimebound","Slimebound:Defend_Slimebound","Slimebound:Split+1","Slimebound:CorrosiveSpit+1","Slimebound:RejuvenatingLick","Slimebound:HauntingLick+1","Slimebound:SplitAcid+1","Slimebound:Grow+1","Slimebound:SplitMire+1","Slimebound:LeechEnergy","Slimebound:LeechLife","Slimebound:SplitLeeching+1","Slimebound:PressTheAttack","Slimebound:SlimeTap+1","Slimebound:Darklings+1","Slimebound:LevelUp+1","Slimebound:GoopSpray+1","Slimebound:SplitLeeching+1","Slimebound:OozeBath+1","Finesse+1","Slimebound:MassFeed+1","Slimebound:AcidTongue+1","Slimebound:SplitLeeching+1","Slimebound:SlimeTap+1","Shame","Slimebound:LeadByExample+1","Slimebound:Overexert+1","Slimebound:SamplingLick+1","Slimebound:PressTheAttack+1","Slimebound:Darklings+1","Slimebound:SplitAcid+1","Pain","Slimebound:SplitSpecialist+1","Slimebound:Icky","Slimebound:RainOfGoop+1","Slimebound:SplitMire+1"],"relics":["Slimebound:AbsorbEndCombat","downfall:HeartsMalice","FossilizedHelix","Ice Cream","downfall:HeartBlessingRed","WarpedTongs","Slimebound:SlimedTailRelic","Toxic Egg 2","HandDrill","Sozu","Eternal Feather","Molten Egg 2","Regal Pillow","Frozen Egg 2","Lantern","Cursed Key","Slimebound:PotencyRelic","StrikeDummy","downfall:HeartBlessingBlue","Blood Vial"],"acts_visited":["Exordium","TheCity","TheBeyond"],"potions_floor_usage":[],"damage_taken":[{"damage":0.0,"enemies":"Gremlin Nob","floor":2.0,"turns":1.0},{"damage":0.0,"enemies":"Jaw Worm","floor":3.0,"turns":1.0},{"damage":0.0,"enemies":"3 Sentries","floor":4.0,"turns":1.0},{"damage":26.0,"enemies":"3 Sentries","floor":8.0,"turns":7.0},{"damage":7.0,"enemies":"Small Slimes","floor":9.0,"turns":3.0},{"damage":0.0,"enemies":"Gremlin Nob","floor":10.0,"turns":1.0},{"damage":14.0,"enemies":"Cultist","floor":11.0,"turns":4.0},{"damage":30.0,"enemies":"downfall:FleeingMerchant","floor":12.0,"turns":4.0},{"damage":7.0,"enemies":"Red Slaver","floor":13.0,"turns":3.0},{"damage":25.0,"enemies":"Gremlin Gang","floor":14.0,"turns":4.0},{"damage":3.0,"enemies":"3 Louse","floor":15.0,"turns":1.0},{"damage":49.0,"enemies":"downfall:Ironclad","floor":16.0,"turns":5.0},{"damage":33.0,"enemies":"downfall:FleeingMerchant","floor":19.0,"turns":4.0},{"damage":24.0,"enemies":"Spheric Guardian","floor":20.0,"turns":2.0},{"damage":38.0,"enemies":"downfall:FleeingMerchant","floor":21.0,"turns":4.0},{"damage":43.0,"enemies":"Slavers","floor":25.0,"turns":4.0},{"damage":28.0,"enemies":"3 Byrds","floor":26.0,"turns":3.0},{"damage":53.0,"enemies":"Gremlin Leader","floor":27.0,"turns":5.0},{"damage":28.0,"enemies":"Snake Plant","floor":28.0,"turns":3.0},{"damage":12.0,"enemies":"3 Cultists","floor":30.0,"turns":3.0},{"damage":8.0,"enemies":"Chosen and Byrds","floor":32.0,"turns":4.0},{"damage":57.0,"enemies":"downfall:Silent","floor":33.0,"turns":4.0},{"damage":69.0,"enemies":"Reptomancer","floor":36.0,"turns":4.0},{"damage":29.0,"enemies":"Orb Walker","floor":37.0,"turns":2.0},{"damage":4.0,"enemies":"3 Shapes","floor":39.0,"turns":1.0},{"damage":81.0,"enemies":"Nemesis","floor":42.0,"turns":5.0},{"damage":72.0,"enemies":"Writhing Mass","floor":43.0,"turns":2.0},{"damage":47.0,"enemies":"Sphere and 2 Shapes","floor":47.0,"turns":3.0},{"damage":74.0,"enemies":"Transient","floor":49.0,"turns":5.0},{"damage":49.0,"enemies":"downfall:Watcher","floor":50.0,"turns":4.0}],"seed_played":"-890831853514107256","potions_obtained":[{"floor":2.0,"key":"SmokeBomb"},{"floor":11.0,"key":"AttackPotion"},{"floor":13.0,"key":"SkillPotion"},{"floor":15.0,"key":"AttackPotion"}],"is_trial":false,"path_per_floor":["R","E","M","?","R","?","T","E","M","E","M","$","M","M","M","B",null,"R","$","M","$","R","?","T","E","M","E","M","?","M","?","M","B",null,"R","E","M","?","M","R","T","E","M","R","?","?","M","$","M","B",null],"character_chosen":"SLIMEBOUND","items_purchased":["HandDrill","Eternal Feather","Slimebound:SplitLeeching+1"],"campfire_rested":0,"item_purchase_floors":[12,21,21],"current_hp_per_floor":[54,54,54,54,54,54,54,38,41,41,45,41,52,47,48,25,51,51,56,56,52,60,60,60,55,66,57,51,51,69,69,80,68,77,80,49,57,57,77,88,88,73,43,77,77,115,102,102,86,79],"gold":68,"neow_bonus":"THREE_ENEMY_KILL","is_daily":false,"chose_seed":false,"campfire_upgraded":6,"win_rate":0.0,"timestamp":1607854997,"path_taken":["R","E","M","?","R","?","T","E","M","E","M","$","M","?","M","BOSS","R","$","M","$","R","?","T","E","?","E","?","?","M","?","M","BOSS","R","E","M","?","M","R","T","E","M","R","?","?","M","?","M","BOSS"],"items_purchased_type":["Relic","Relic","Card"],"build_version":"2020-11-30","purchased_purges":1,"victory":true,"max_hp_per_floor":[60,60,60,60,60,60,60,60,60,60,60,60,60,60,60,60,60,60,60,60,60,60,60,60,60,68,72,72,72,80,80,80,80,80,80,80,80,80,88,88,88,88,92,102,102,115,119,119,119,123],"card_choices":[{"not_picked":["Slimebound:ViciousTackle","Slimebound:LeechingTouch"],"picked":"Slimebound:RejuvenatingLick","floor":2.0},{"not_picked":["Slimebound:SlimeTap","Slimebound:LeechEnergy"],"picked":"Slimebound:HauntingLick","floor":3.0},{"not_picked":["Slimebound:DisruptingSlam","Slimebound:Dissolve"],"picked":"Slimebound:SplitAcid","floor":4.0},{"not_picked":["Slimebound:GrowthPunch","Slimebound:Equalize"],"picked":"Slimebound:Grow","floor":8.0},{"not_picked":["Slimebound:Equalize","Slimebound:ViciousTackle"],"picked":"Slimebound:SplitMire+1","floor":9.0},{"not_picked":["Slimebound:RollThrough","Slimebound:PressTheAttack"],"picked":"Slimebound:LeechEnergy","floor":11.0},{"not_picked":["Slimebound:Grow","Slimebound:FlameTackle"],"picked":"Slimebound:LeechLife","floor":12.0},{"not_picked":["Slimebound:SplitAcid+1","Slimebound:ForwardTackle"],"picked":"Slimebound:SplitLeeching+1","floor":13.0},{"not_picked":["Slimebound:Recollect+1","Slimebound:HungryTackle"],"picked":"Slimebound:PressTheAttack","floor":14.0},{"not_picked":["Slimebound:LeechingTouch","Slimebound:ViciousTackle"],"picked":"Slimebound:SlimeTap+1","floor":15.0},{"not_picked":["Slimebound:Recycling","Slimebound:SelfFormingGoo"],"picked":"Slimebound:Darklings+1","floor":16.0},{"not_picked":["Slimebound:LeechEnergy","Slimebound:ComboTackle"],"picked":"Slimebound:LevelUp+1","floor":19.0},{"not_picked":["Slimebound:FirmFortitude","Slimebound:RollThrough","Slimebound:HungryTackle+1"],"picked":"SKIP","floor":20.0},{"not_picked":["Slimebound:Replication+1","Slimebound:SlimeSpikes+1"],"picked":"Slimebound:GoopSpray+1","floor":21.0},{"not_picked":["Slimebound:FormOfPuddle+1","Slimebound:SplitAcid+1"],"picked":"Slimebound:MassFeed+1","floor":25.0},{"not_picked":["Slimebound:GrowthPunch+1","Slimebound:FinishingTackle+1"],"picked":"Slimebound:AcidTongue","floor":26.0},{"not_picked":["Slimebound:Equalize+1","Slimebound:FlameTackle+1"],"picked":"Slimebound:SplitLeeching+1","floor":27.0},{"not_picked":["Slimebound:RollThrough+1","Slimebound:SlimeSpikes+1"],"picked":"Slimebound:SlimeTap+1","floor":28.0},{"not_picked":["Slimebound:SplitMire+1","Slimebound:FinishingTackle+1"],"picked":"Slimebound:LeadByExample+1","floor":30.0},{"not_picked":["Slimebound:FirmFortitude+1","Slimebound:GrowthPunch+1","Slimebound:Dissolve+1"],"picked":"SKIP","floor":32.0},{"not_picked":["Slimebound:TagTeam+1","Slimebound:DouseInSlime+1"],"picked":"Slimebound:Overexert+1","floor":33.0},{"not_picked":["Slimebound:LeechEnergy+1","Slimebound:SlimeSpikes+1"],"picked":"Slimebound:SamplingLick+1","floor":36.0},{"not_picked":["Slimebound:HungryTackle+1","Slimebound:FlameTackle+1"],"picked":"Slimebound:PressTheAttack+1","floor":37.0},{"not_picked":["Slimebound:RollThrough+1","Slimebound:Gluttony+1"],"picked":"Slimebound:SplitAcid+1","floor":39.0},{"not_picked":["Slimebound:GrowthPunch+1","Slimebound:Recollect+1","Slimebound:ItLooksTasty+1"],"picked":"SKIP","floor":42.0},{"not_picked":["Slimebound:Recollect+1","Slimebound:ForwardTackle+1"],"picked":"Slimebound:SplitSpecialist+1","floor":43.0},{"not_picked":["Slimebound:Gluttony+1","Slimebound:SplitAcid+1"],"picked":"Slimebound:RainOfGoop+1","floor":47.0},{"not_picked":["Slimebound:Gluttony+1","Slimebound:HungryTackle+1"],"picked":"Slimebound:SplitMire+1","floor":49.0}],"player_experience":1670836,"relics_obtained":[{"floor":2.0,"key":"FossilizedHelix"},{"floor":7.0,"key":"Slimebound:SlimedTailRelic"},{"floor":8.0,"key":"Toxic Egg 2"},{"floor":24.0,"key":"Molten Egg 2"},{"floor":25.0,"key":"Regal Pillow"},{"floor":27.0,"key":"Frozen Egg 2"},{"floor":36.0,"key":"Slimebound:PotencyRelic"},{"floor":42.0,"key":"StrikeDummy"},{"floor":45.0,"key":"Blood Vial"}],"event_choices":[{"damage_healed":0.0,"max_hp_gain":0.0,"max_hp_loss":0.0,"gold_gain":0.0,"event_name":"Accursed Blacksmith","player_choice":"Rummage","floor":6.0,"gold_loss":0.0,"damage_taken":0.0,"relics_obtained":["WarpedTongs"],"cards_obtained":["Pain"]},{"damage_healed":0.0,"max_hp_gain":0.0,"max_hp_loss":0.0,"gold_gain":0.0,"event_name":"Addict","player_choice":"Stole Relic","floor":29.0,"gold_loss":0.0,"damage_taken":0.0,"relics_obtained":["Lantern"],"cards_obtained":["Shame"]}],"is_beta":false,"boss_relics":[{"not_picked":["Runic Dome","Runic Pyramid"],"picked":"Sozu"},{"not_picked":["Fusion Hammer","Astrolabe"],"picked":"Cursed Key"}],"items_purged_floors":[19],"is_endless":false,"potions_floor_spawned":[2,10,11,13,14,15,20,27,32,33,42,47,49],"ascension_level":11}}