{"host":"ke9frmqs7mp63l33","time":1607873582,"event":{"mods":["BaseMod","Colored Map","Hermit","Marisa????????","Minty Spire (QoL Compilation)","Replay The Spire","StSLib","The Cursed","The Servant 0.9.4"],"gold_per_floor":[118,118,138,157,52,67,98,98,98,116,132,132,159,169,169,267,267,284,56,155,95,10,36,47,47,86,109,155,194,206,236,248,260,260],"floor_reached":33,"playtime":2026,"items_purged":["Strike_MRS"],"score":337,"play_id":"8462c31b-c13c-4d5b-b997-c1f469ae025b","local_time":"20201213103302","is_ascension_mode":true,"campfire_choices":[{"floor":8,"key":"REST"},{"floor":12,"key":"REST"},{"floor":25,"key":"DIG"},{"floor":30,"key":"REST"},{"data":"SatelliteIllusion","floor":32,"key":"SMITH"}],"circlet_count":0,"master_deck":["Strike_MRS","Strike_MRS","Strike_MRS","Defend_MRS","Defend_MRS","Defend_MRS","Defend_MRS","MasterSpark","UpSweep","ManaConvection+1","MilkyWay+1","TreasureHunter","Singularity","PowerUp","OpenUniverse+1","OpenUniverse+1","PowerUp","AlicesGift","OpenUniverse+1","GravityBeat","StarDustReverie","MachineGunSpark","DragonMeteor","BlazeAway+1","SatelliteIllusion+1","OpenUniverse+1"],"relics":["MiniHakkero","Quantum Egg","Ancient Tea Set","Kunai","Replay:Multitool","StoneCalendar","ExperimentalFamiliar","ClockworkSouvenir","Anchor","Nunchaku","MawBank","ReplayTheSpireMod:TigerMarble","Red Mask","Replay:Bottled Eggs"],"acts_visited":["TheCity"],"potions_floor_usage":[13,16,16,23],"damage_taken":[{"damage":4,"enemies":"2 Louse","floor":1,"turns":3},{"damage":1,"enemies":"Cultist","floor":3,"turns":3},{"damage":0,"enemies":"Small Slimes","floor":4,"turns":3},{"damage":11,"enemies":"3 Louse","floor":6,"turns":4},{"damage":26,"enemies":"3 Sentries","floor":7,"turns":6},{"damage":0,"enemies":"Exordium Wildlife","floor":10,"turns":3},{"damage":16,"enemies":"Red Slaver","floor":11,"turns":3},{"damage":16,"enemies":"Gremlin Nob","floor":13,"turns":4},{"damage":0,"enemies":"2 Fungi Beasts","floor":14,"turns":2},{"damage":4,"enemies":"The Guardian","floor":16,"turns":7},{"damage":8,"enemies":"Chosen","floor":18,"turns":2},{"damage":5,"enemies":"Replay:Snechameleon","floor":23,"turns":2},{"damage":24,"enemies":"2 Thieves","floor":24,"turns":4},{"damage":0,"enemies":"Shelled Parasite and Fungi","floor":27,"turns":2},{"damage":18,"enemies":"Masked Bandits","floor":28,"turns":4},{"damage":7,"enemies":"Slavers","floor":29,"turns":3},{"damage":8,"enemies":"Snecko","floor":31,"turns":3},{"damage":34,"enemies":"Automaton","floor":33,"turns":4}],"seed_played":"-144628787456352405","potions_obtained":[{"floor":6,"key":"DuplicationPotion"},{"floor":7,"key":"DistilledChaos"},{"floor":10,"key":"BottledSpark"},{"floor":14,"key":"SkillPotion"},{"floor":16,"key":"LiquidMemories"},{"floor":27,"key":"CultistPotion"},{"floor":28,"key":"BlessingOfTheForge"}],"is_trial":false,"path_per_floor":["M","?","M","M","$","M","E","R","T","M","M","R","E","M","R","B",null,"M","$","?","?","?","E","M","R","T","M","?","E","R","M","R_BF","B"],"character_chosen":"MARISA","items_purchased":["Singularity","PowerUp","ClockworkSouvenir"],"campfire_rested":3,"item_purchase_floors":[5,5,19],"current_hp_per_floor":[76,76,75,75,75,64,38,62,62,62,46,70,54,54,78,74,80,72,72,72,72,72,67,43,43,43,43,25,18,42,34,34,0,0],"gold":260,"neow_bonus":"RANDOM_EVENT","is_daily":false,"chose_seed":false,"campfire_upgraded":1,"win_rate":0.0,"timestamp":1607873582,"path_taken":["M","?","?","M","$","M","E","R","T","M","M","R","E","M","R","BOSS","M","$","?","?","?","E","M","R","T","M","?","E","R","M","R_BF","BOSS"],"items_purchased_type":["Card","Card","Relic"],"build_version":"2020-11-30","purchased_purges":1,"victory":false,"max_hp_per_floor":[80,80,80,80,80,80,80,80,80,80,80,80,80,80,80,80,80,80,80,80,80,80,80,80,80,80,80,80,80,80,80,80,80,80],"card_choices":[{"not_picked":["6A","MilkyWay"],"picked":"ManaConvection","floor":1},{"not_picked":["ManaConvection","OneTimeOff"],"picked":"MilkyWay","floor":3},{"not_picked":["DoubleSpark","GalacticHalo"],"picked":"TreasureHunter","floor":4},{"not_picked":["ChargingUp","AlicesGift"],"picked":"OpenUniverse","floor":6},{"not_picked":["EnergyFlow","GravityBeat"],"picked":"OpenUniverse","floor":7},{"not_picked":["6A","DC"],"picked":"PowerUp","floor":10},{"not_picked":["DoubleSpark","SporeBomb"],"picked":"AlicesGift","floor":11},{"not_picked":["NonDirectionalLaser","Acceleration"],"picked":"OpenUniverse","floor":13},{"not_picked":["WitchOfGreed","IllusionStar"],"picked":"GravityBeat","floor":14},{"not_picked":["BigCrunch","BinaryStars"],"picked":"StarDustReverie","floor":16},{"not_picked":["ShootingEcho","ManaConvection"],"picked":"MachineGunSpark","floor":18},{"not_picked":["PulseMagic","WitchOfGreed","ChargeUpSpray"],"picked":"SKIP","floor":23},{"not_picked":["GravityBeat","WitchOfGreed"],"picked":"DragonMeteor","floor":24},{"not_picked":["LuminesStrike+1","MilkyWay"],"picked":"BlazeAway+1","floor":27},{"not_picked":["NonDirectionalLaser","Acceleration"],"picked":"SatelliteIllusion","floor":28},{"not_picked":["PowerUp+1","WitchOfGreed","MagicAbsorber"],"picked":"SKIP","floor":29},{"not_picked":["PowerUp+1","WitchOfGreed","MagicAbsorber"],"picked":"SKIP","floor":29},{"not_picked":["DoubleSpark","MachineGunSpark"],"picked":"OpenUniverse","floor":31}],"player_experience":147277,"relics_obtained":[{"floor":7,"key":"Quantum Egg"},{"floor":7,"key":"Ancient Tea Set"},{"floor":9,"key":"Kunai"},{"floor":13,"key":"Replay:Multitool"},{"floor":16,"key":"StoneCalendar"},{"floor":23,"key":"Nunchaku"},{"floor":25,"key":"MawBank"},{"floor":26,"key":"ReplayTheSpireMod:TigerMarble"},{"floor":28,"key":"Red Mask"},{"floor":29,"key":"Replay:Bottled Eggs"}],"event_choices":[{"damage_healed":0.0,"max_hp_gain":5.0,"max_hp_loss":0.0,"gold_gain":0.0,"event_name":"Big Fish","player_choice":"Donut","floor":0.0,"gold_loss":0.0,"damage_taken":0.0},{"damage_healed":0,"gold_gain":0,"player_choice":"Forge","damage_taken":0,"max_hp_gain":0,"max_hp_loss":0,"event_name":"Accursed Blacksmith","floor":2,"gold_loss":0,"cards_upgraded":["ManaConvection"]},{"damage_healed":0,"gold_gain":99,"player_choice":"Stole From Cult","damage_taken":0,"max_hp_gain":0,"max_hp_loss":0,"event_name":"Nest","floor":20,"gold_loss":0},{"damage_healed":0,"gold_gain":0,"player_choice":"Obtained Relic","damage_taken":0,"relics_obtained":["Anchor"],"max_hp_gain":0,"max_hp_loss":0,"event_name":"Addict","floor":22,"gold_loss":85},{"damage_healed":0,"gold_gain":0,"player_choice":"Fought Bandits","damage_taken":0,"max_hp_gain":0,"max_hp_loss":0,"event_name":"Masked Bandits","floor":28,"gold_loss":0}],"is_beta":false,"boss_relics":[{"not_picked":["ReplayTheSpireMod:DimensionalGlitch","SacredBark"],"picked":"ExperimentalFamiliar"}],"items_purged_floors":[19],"is_endless":false,"potions_floor_spawned":[6,7,10,14,16,27,28],"killed_by":"Automaton","ascension_level":1}}