{"host":"ow9msrs9p2ctkx99","time":1607893086,"event":{"mods":["AchievementEnabler","BaseMod","Colored Map","Colored Powertips","Minty Spire (QoL Compilation)","Permanent Neow","Quick Restart","SuperFastMode"],"gold_per_floor":[114,130,205,60,60,60,22,53,53,68,102,102,113,288,288,390,390,407,407,407,417,270,270,305,305,328,355,355,98,123,133,133,228,228,246,246,296,256,270,270,299,311,323,127,127,127,144,155,155,155,155],"floor_reached":50,"playtime":971,"items_purged":["Strike_B","Strike_B"],"score":825,"play_id":"91fbeb22-ca17-4e01-8db0-1d891500ff3b","local_time":"20201213215806","is_ascension_mode":true,"campfire_choices":[{"data":"Static Discharge","floor":6.0,"key":"SMITH"},{"floor":12.0,"key":"REST"},{"data":"Defragment","floor":15.0,"key":"SMITH"},{"floor":23.0,"key":"REST"},{"data":"White Noise","floor":25.0,"key":"SMITH"},{"data":"1","floor":28.0,"key":"LIFT"},{"data":"2","floor":32,"key":"LIFT"},{"floor":40,"key":"REST"},{"data":"3","floor":42,"key":"LIFT"},{"floor":45,"key":"RECALL"},{"floor":49,"key":"REST"}],"circlet_count":0,"master_deck":["AscendersBane","Defend_B+1","Defend_B","Defend_B","Defend_B","Dualcast","Static Discharge+1","Tempest","Defragment+1","White Noise+1","Hyperbeam","Turbo+1","Coolheaded","Biased Cognition+1","Lockon+1","Self Repair+1","Chill+1","Echo Form+1","Core Surge","Rebound+1","Capacitor+1","All For One","Doom and Gloom+1","Blizzard+1","Rebound+1","Hologram+1","Conserve Battery+1","Rip and Tear+1","Barrage+1","Buffer+1","Skim","Hologram","Stack"],"relics":["Cracked Core","Ancient Tea Set","PreservedInsect","Frozen Egg 2","Emotion Chip","Nuclear Battery","Blood Vial","Orichalcum","Girya","War Paint","Astrolabe","FossilizedHelix","MawBank","Meat on the Bone"],"acts_visited":["Exordium","TheCity","TheBeyond"],"potions_floor_usage":[30,33,39,47,50,50],"damage_taken":[{"damage":7.0,"enemies":"Jaw Worm","floor":1.0,"turns":3.0},{"damage":2.0,"enemies":"2 Louse","floor":2.0,"turns":2.0},{"damage":15.0,"enemies":"3 Sentries","floor":8.0,"turns":4.0},{"damage":1.0,"enemies":"Cultist","floor":10.0,"turns":3.0},{"damage":20.0,"enemies":"Lagavulin","floor":11.0,"turns":5.0},{"damage":5.0,"enemies":"2 Fungi Beasts","floor":13.0,"turns":3.0},{"damage":15.0,"enemies":"Hexaghost","floor":16.0,"turns":6.0},{"damage":5.0,"enemies":"3 Byrds","floor":18.0,"turns":3.0},{"damage":12.0,"enemies":"Chosen","floor":21.0,"turns":3.0},{"damage":49.0,"enemies":"Slavers","floor":24.0,"turns":3.0},{"damage":18.0,"enemies":"Gremlin Leader","floor":27.0,"turns":4.0},{"damage":12,"enemies":"Slavers","floor":30,"turns":4},{"damage":6,"enemies":"Sentry and Sphere","floor":31,"turns":3},{"damage":63,"enemies":"Collector","floor":33,"turns":6},{"damage":0,"enemies":"3 Shapes","floor":35,"turns":3},{"damage":66,"enemies":"2 Orb Walkers","floor":37,"turns":4},{"damage":0,"enemies":"Orb Walker","floor":39,"turns":4},{"damage":16,"enemies":"Nemesis","floor":41,"turns":5},{"damage":0,"enemies":"Transient","floor":47,"turns":5},{"damage":32,"enemies":"Sphere and 2 Shapes","floor":48,"turns":3},{"damage":52,"enemies":"Time Eater","floor":50,"turns":10}],"seed_played":"-2741685683587869960","potions_obtained":[{"floor":1.0,"key":"ColorlessPotion"},{"floor":8.0,"key":"EssenceOfSteel"},{"floor":16.0,"key":"ColorlessPotion"},{"floor":27.0,"key":"EssenceOfSteel"},{"floor":30,"key":"Strength Potion"},{"floor":31,"key":"FairyPotion"},{"floor":33,"key":"PowerPotion"},{"floor":35,"key":"Weak Potion"},{"floor":46,"key":"FocusPotion"},{"floor":46,"key":"Regen Potion"},{"floor":48,"key":"Weak Potion"}],"is_trial":false,"path_per_floor":["M","M","?","$","?","R","$","E","T","M","E","R","M","?","R","B",null,"M","?","?","M","$","R","E","R","T","E","R","$","E","M","R","B",null,"M","?","?","?","M","R","E","R","T","$","R","?","M","M","R","B"],"character_chosen":"DEFECT","items_purchased":["PreservedInsect","Defragment","Regen Potion","Core Surge","Buffer+1","Skim"],"campfire_rested":4,"item_purchase_floors":[4,7,22,29,44,44],"current_hp_per_floor":[61,59,48,48,48,48,48,33,33,32,12,34,29,29,29,14,60,55,41,41,29,29,53,33,33,33,27,27,27,27,33,33,44,71,73,73,9,9,11,33,29,29,29,29,29,29,46,28,50,0,0],"gold":155,"neow_bonus":"RANDOM_COMMON_RELIC","is_daily":false,"chose_seed":false,"campfire_upgraded":3,"win_rate":0.0,"timestamp":1607893086,"path_taken":["M","M","?","$","?","R","$","E","T","?","E","R","M","?","R","BOSS","M","?","?","M","$","R","E","R","T","E","R","$","E","M","R","BOSS","M","?","?","?","?","R","E","R","T","$","R","?","?","M","R","BOSS"],"items_purchased_type":["Relic","Card","Potion","Card","Card","Card"],"build_version":"2020-11-30","purchased_purges":2,"victory":false,"max_hp_per_floor":[75,75,75,75,75,75,75,75,75,75,75,75,75,75,75,75,75,75,80,80,80,80,80,80,80,80,80,80,80,80,80,80,80,80,80,76,76,76,76,76,76,76,76,76,76,76,76,76,76,76,76],"card_choices":[{"not_picked":["Storm","Leap"],"picked":"Static Discharge","floor":1.0},{"not_picked":["Blizzard","Gash"],"picked":"Tempest","floor":2.0},{"not_picked":["Scrape","Go for the Eyes"],"picked":"White Noise","floor":8.0},{"not_picked":["Hologram","Go for the Eyes"],"picked":"Hyperbeam","floor":10.0},{"not_picked":["Steam Power","Rip and Tear"],"picked":"Turbo","floor":11.0},{"not_picked":["Hologram","Leap"],"picked":"Coolheaded","floor":13.0},{"not_picked":["Core Surge","All For One"],"picked":"Biased Cognition+1","floor":16.0},{"not_picked":["Sweeping Beam","Compile Driver"],"picked":"Lockon","floor":18.0},{"not_picked":["Beam Cell","Leap+1"],"picked":"Self Repair+1","floor":21.0},{"not_picked":["Cold Snap","Scrape"],"picked":"Chill","floor":24.0},{"not_picked":["Meteor Strike","Streamline"],"picked":"Echo Form+1","floor":27.0},{"not_picked":["Rainbow","Barrage"],"picked":"Rebound+1","floor":30},{"not_picked":["Steam","Ball Lightning"],"picked":"Capacitor+1","floor":31},{"not_picked":["Multi-Cast","Thunder Strike"],"picked":"All For One","floor":33},{"not_picked":["Sweeping Beam","Reinforced Body"],"picked":"Hologram+1","floor":35},{"not_picked":["Hologram","Gash"],"picked":"Conserve Battery+1","floor":37},{"not_picked":["Leap","Redo"],"picked":"Rip and Tear+1","floor":39},{"not_picked":["Coolheaded","Streamline"],"picked":"Barrage+1","floor":41},{"not_picked":["Coolheaded","Doom and Gloom+1"],"picked":"Hologram","floor":47},{"not_picked":["Genetic Algorithm+1","Self Repair+1"],"picked":"Stack","floor":48}],"player_experience":1042199,"relics_obtained":[{"floor":8.0,"key":"Frozen Egg 2"},{"floor":11.0,"key":"Emotion Chip"},{"floor":24.0,"key":"Blood Vial"},{"floor":26.0,"key":"Orichalcum"},{"floor":27.0,"key":"Girya"},{"floor":30,"key":"War Paint"},{"floor":37,"key":"FossilizedHelix"},{"floor":41,"key":"MawBank"},{"floor":43,"key":"Meat on the Bone"}],"event_choices":[{"damage_healed":0.0,"max_hp_gain":0.0,"max_hp_loss":0.0,"gold_gain":75.0,"event_name":"World of Goop","player_choice":"Gather Gold","floor":3.0,"gold_loss":0.0,"damage_taken":11.0},{"damage_healed":0.0,"max_hp_gain":0.0,"max_hp_loss":0.0,"gold_gain":0.0,"event_name":"Match and Keep!","player_choice":"0 cards matched","floor":5.0,"gold_loss":0.0,"damage_taken":0.0,"cards_obtained":[]},{"damage_healed":0.0,"max_hp_gain":0.0,"max_hp_loss":0.0,"gold_gain":175.0,"event_name":"Liars Game","player_choice":"AGREE","floor":14.0,"gold_loss":0.0,"damage_taken":0.0,"cards_obtained":["Doubt"]},{"damage_healed":0.0,"max_hp_gain":5.0,"max_hp_loss":0.0,"gold_gain":0.0,"event_name":"Forgotten Altar","player_choice":"Shed Blood","floor":19.0,"gold_loss":0.0,"damage_taken":19.0},{"cards_removed":["Doubt"],"damage_healed":0.0,"max_hp_gain":0.0,"max_hp_loss":0.0,"gold_gain":0.0,"event_name":"Back to Basics","player_choice":"Elegance","floor":20.0,"gold_loss":0.0,"damage_taken":0.0},{"damage_healed":0,"gold_gain":0,"player_choice":"Max HP","damage_taken":0,"max_hp_gain":0,"max_hp_loss":4,"event_name":"Winding Halls","floor":36,"gold_loss":0},{"damage_healed":0,"gold_gain":0,"player_choice":"Fight","damage_taken":0,"max_hp_gain":0,"max_hp_loss":0,"event_name":"Mysterious Sphere","floor":37,"gold_loss":0},{"damage_healed":0,"gold_gain":0,"player_choice":"Upgraded Two","damage_taken":0,"max_hp_gain":0,"max_hp_loss":0,"event_name":"Designer","floor":38,"gold_loss":40,"cards_upgraded":["Lockon","Turbo"]},{"damage_healed":0,"gold_gain":0,"player_choice":"Got Potions","damage_taken":0,"max_hp_gain":0,"max_hp_loss":0,"event_name":"Lab","floor":46,"gold_loss":0}],"is_beta":false,"boss_relics":[{"not_picked":["Philosopher\u0027s Stone","Runic Dome"],"picked":"Nuclear Battery"},{"not_picked":["Busted Crown","Runic Pyramid"],"picked":"Astrolabe"}],"items_purged_floors":[22,29],"is_endless":false,"potions_floor_spawned":[1,8,13,16,27,30,31,33,35,48],"killed_by":"Time Eater","ascension_level":11}}