{"host":"qwttrqaysb380yri","time":1607884779,"event":{"mods":["BaseMod","Custom Start","Minty Spire (QoL Compilation)","Puzzle Mod","Relic Stats","StSLib","The Cursed","The Hierophant"],"gold_per_floor":[118,136,146,146,165,165,161,161],"floor_reached":7,"playtime":219,"items_purged":[],"score":75,"play_id":"da1c35dd-ad53-4db5-b384-8c7cb9e18f42","local_time":"20201213193939","is_ascension_mode":true,"campfire_choices":[{"floor":6,"key":"REST"}],"circlet_count":0,"master_deck":["AscendersBane","hierophant:Strike_Hierophant","hierophant:Strike_Hierophant","hierophant:Strike_Hierophant","hierophant:Punish","hierophant:Defend_Hierophant","hierophant:Defend_Hierophant","hierophant:Defend_Hierophant","hierophant:Defend_Hierophant","hierophant:ChurchCoffers","hierophant:DisplayOfPower","hierophant:Zeal","hierophant:Exaltation","hierophant:ThreeLashes","hierophant:Doubloon","hierophant:Remorse"],"relics":["hierophant:PropheticMaskRelic","Shovel"],"acts_visited":["Exordium"],"potions_floor_usage":[],"damage_taken":[{"damage":5,"enemies":"Small Slimes","floor":1,"turns":4},{"damage":12,"enemies":"Jaw Worm","floor":2,"turns":3},{"damage":6,"enemies":"Cultist","floor":3,"turns":3},{"damage":11,"enemies":"2 Fungi Beasts","floor":5,"turns":3},{"damage":15,"enemies":"Lagavulin","floor":7,"turns":3}],"seed_played":"3549486368023944722","potions_obtained":[{"floor":3,"key":"SpeedPotion"}],"is_trial":false,"path_per_floor":["M","M","M","?","M","R","E"],"character_chosen":"HIEROPHANT","items_purchased":[],"campfire_rested":1,"item_purchase_floors":[],"current_hp_per_floor":[63,51,45,19,8,30,15,15],"gold":161,"neow_bonus":"TRANSFORM_CARD","is_daily":false,"chose_seed":false,"campfire_upgraded":0,"win_rate":0.0,"timestamp":1607884779,"path_taken":["M","M","M","?","M","R","E"],"items_purchased_type":[],"build_version":"2020-11-30","purchased_purges":0,"victory":false,"max_hp_per_floor":[75,75,75,75,75,75,75,75],"relic_stats":{"Shovel":0,"counters":[5,16],"obtain_stats":[{"Shovel":4,"hierophant:PropheticMaskRelic":0},{"Shovel":3,"hierophant:PropheticMaskRelic":0},{"Shovel":10,"hierophant:PropheticMaskRelic":0}]},"card_choices":[{"not_picked":["hierophant:Sermon","hierophant:OrnateBuckler"],"picked":"hierophant:Zeal","floor":1},{"not_picked":["hierophant:Community","hierophant:Repentance"],"picked":"hierophant:Exaltation","floor":2},{"not_picked":["hierophant:Racketeering","hierophant:Prophecy"],"picked":"hierophant:ThreeLashes","floor":3},{"not_picked":["hierophant:TollTheBells","hierophant:ThreeLashes"],"picked":"hierophant:Remorse","floor":5}],"player_experience":1829166,"relics_obtained":[],"event_choices":[{"damage_healed":0,"gold_gain":0,"player_choice":"Success","damage_taken":26,"relics_obtained":["Shovel"],"max_hp_gain":0,"max_hp_loss":0,"event_name":"Scrap Ooze","floor":4,"gold_loss":0}],"is_beta":false,"boss_relics":[],"items_purged_floors":[],"is_endless":false,"potions_floor_spawned":[3],"killed_by":"Lagavulin","ascension_level":15}}