{"host":"vtuvba5dsdtnnx8i","time":1607855560,"event":{"mods":["2.2 Compatiblity","AchievementEnabler","Act Like it!","BaseMod","BetterRewards","Block Reminder","CapriCore","Chen","Custom Start","DeckTracker","Gensokyo","Infinite Spire","Koishi","KomeijiMod","Marisa£¨Ùöéë¡¡Øª×âÞÞ£©","Minty Spire (QoL Compilation)","Onozuka Komachi Mod","Pale of the Ancients","Quick Restart","Random Character Mod","Reimu£¨ÚÏ???£©","Replay The Spire","Shop Mod","StSLib","The Immortal","Unknown Chances","Youmu£¨ûëÛÞèí?£©","Yuyuko"],"gold_per_floor":[114,114,193,203,222,222,232,265,288,298,324,324,324,338,338,459,459,474,474,497,447,447,447,463,503,503,546,546,546,546,566,566,687,687,707,727,727,727,727,727,199,199,225,558,47,79,79,100,100,130,146,170,170,218,218,246,246,45,45,67],"floor_reached":61,"playtime":4939,"items_purged":["MokouMod:Defend","MokouMod:Strike","MokouMod:Strike","MokouMod:Strike"],"score":1245,"play_id":"04dcdea2-f74c-4ec3-9fe0-bf4fd9cbc063","local_time":"20201213193240","is_ascension_mode":false,"campfire_choices":[{"floor":6,"key":"REST"},{"floor":12,"key":"REST"},{"floor":15,"key":"REST"},{"floor":23,"key":"RECALL"},{"floor":30,"key":"REST"},{"floor":32,"key":"REST"},{"data":"infinitespire:NeuralNetwork","floor":40,"key":"SMITH"},{"data":"MokouMod:Ventilation","floor":42,"key":"SMITH"},{"data":"MokouMod:HeatSpark","floor":47,"key":"SMITH"},{"data":"MokouMod:Ventilation","floor":49,"key":"SMITH"},{"data":"MokouMod:Overheat","floor":55,"key":"SMITH"},{"data":"MokouMod:Overheat","floor":57,"key":"SMITH"}],"circlet_count":0,"master_deck":["MokouMod:Strike","MokouMod:Defend","MokouMod:Defend","MokouMod:HeatSpark+1","MokouMod:GuidingSmoke+1","MokouMod:Afterburner","MokouMod:HeartofFire","MokouMod:Combust","MokouMod:Overheat+1","MokouMod:ResonanceReactor+1","MokouMod:ScorchingColumn","MokouMod:Overheat+1","MokouMod:RisingSunBarrier+1","MokouMod:Ventilation+1","MokouMod:FlickeringFlame+1","MokouMod:Meltdown+1","MokouMod:Overheat+1","MokouMod:Ventilation+1","MokouMod:IndiscriminateIgnition","infinitespire:Starlight","infinitespire:NeuralNetwork+1","MokouMod:ResonanceReactor","MokouMod:ResonatingAura","MokouMod:Overheat+1","MokouMod:ImperishableFlame+1","MokouMod:RisingSunBarrier+1","MokouMod:FujiyamaVolcano+1","MokouMod:Refresh","MokouMod:Combust+1","MokouMod:FujiyamaVolcano+1"],"relics":["MokouMod:PhoenixFeather","Gremlin Food","ReplayTheSpireMod:TigerMarble","Juzu Bracelet","Mastiff:ReiMu","Honey Jar","Mirror","infinitespire:Beetle Shell","Sozu","TungstenRod","Philosopher\u0027s Stone","RedLine:ReiMu","Calipers","Oddly Smooth Stone","Replay:Bandana","DollysMirror","Molten Egg 2","HoshigumaDish","paleoftheancients:Timepiece","paleoftheancients:KeyRelic","Letter Opener","CultistMask","paleoftheancients:SoulOfTheWokeBloke","infinitespire:Satchel","Chemical X"],"acts_visited":["Exordium","Gensokyo:Gensokyoer","TheBeyond","paleoftheancients:PaleOfTheAncients"],"potions_floor_usage":[8,25,25,25,27,33],"damage_taken":[{"damage":5,"enemies":"2 Louse","floor":1,"turns":4},{"damage":8,"enemies":"Small Slimes","floor":4,"turns":3},{"damage":4,"enemies":"Jaw Worm","floor":5,"turns":4},{"damage":2,"enemies":"Large Slime","floor":7,"turns":4},{"damage":18,"enemies":"3 Sentries","floor":8,"turns":8},{"damage":6,"enemies":"Red Slaver","floor":10,"turns":5},{"damage":30,"enemies":"Gremlin Nob","floor":11,"turns":5},{"damage":11,"enemies":"Exordium Thugs","floor":14,"turns":4},{"damage":8,"enemies":"Hexaghost","floor":16,"turns":13},{"damage":26,"enemies":"Gensokyo:AngelMirror","floor":18,"turns":4},{"damage":0,"enemies":"Gensokyo:Chomper","floor":20,"turns":4},{"damage":34,"enemies":"Gensokyo:Slime_Group","floor":24,"turns":6},{"damage":21,"enemies":"Gensokyo:Reisen","floor":25,"turns":11},{"damage":34,"enemies":"Gensokyo:Tenshi","floor":27,"turns":5},{"damage":3,"enemies":"Gensokyo:Monolith_and_Dog","floor":31,"turns":4},{"damage":5,"enemies":"Gensokyo:Kaguya","floor":33,"turns":9},{"damage":13,"enemies":"Orb Walker","floor":35,"turns":4},{"damage":18,"enemies":"3 Shapes","floor":36,"turns":5},{"damage":0,"enemies":"R_Hoarder","floor":46,"turns":7},{"damage":0,"enemies":"Spire Growth","floor":48,"turns":4},{"damage":3,"enemies":"Replay:Hell Engine","floor":50,"turns":7},{"damage":110,"enemies":"Replay:Hell Engine","floor":51,"turns":7},{"damage":7,"enemies":"Replay:Hell Engine","floor":52,"turns":5},{"damage":0,"enemies":"Replay:Hell Engine","floor":56,"turns":5},{"damage":0,"enemies":"paleoftheancients:N","floor":60,"turns":4}],"seed_played":"2181759804287194281","potions_obtained":[{"floor":4,"key":"Elixir"},{"floor":7,"key":"LiquidBronze"},{"floor":16,"key":"SkillPotion"},{"floor":20,"key":"SmokeBomb"},{"floor":24,"key":"Elixir"},{"floor":25,"key":"Dexterity Potion"},{"floor":27,"key":"Dexterity Potion"}],"is_trial":false,"path_per_floor":["M","?","?","M","M","R","M","E","T","M","E","R","?","M","R","B",null,"M","?","M","?","T","R","M","E","T","E","AVR","?","R","M","R","B",null,"M","M","?","?","AVR","R","$","R","T","?","$","E","R","M","R","B","M","M","?","T","R","M","R","$","?","B",null],"character_chosen":"MKU","items_purchased":["Calipers","Oddly Smooth Stone","DollysMirror","Molten Egg 2","Chemical X","MokouMod:FujiyamaVolcano+1"],"campfire_rested":5,"item_purchase_floors":[41,41,45,45,58,58],"current_hp_per_floor":[70,70,52,44,40,62,60,42,42,36,6,28,28,17,39,31,75,49,75,75,82,82,82,48,27,27,15,15,15,39,46,70,82,82,69,71,71,71,71,71,71,71,71,71,71,81,81,81,81,82,82,79,79,79,79,82,82,82,82,82],"gold":67,"neow_bonus":"RANDOM_COMMON_RELIC","is_daily":false,"chose_seed":false,"campfire_upgraded":6,"win_rate":0.0,"timestamp":1607855560,"path_taken":["M","?","?","M","M","R","M","E","T","M","E","R","?","M","R","BOSS","M","?","M","?","?","R","M","E","T","E","AVR","?","R","M","R","BOSS","M","M","?","?","AVR","R","$","R","T","?","$","E","R","M","R","BOSS","M","M","?","T","R","M","R","$","?","BOSS"],"items_purchased_type":["Relic","Relic","Relic","Relic","Relic","Card"],"build_version":"2020-11-30","purchased_purges":4,"victory":true,"max_hp_per_floor":[75,75,75,75,75,75,75,75,75,75,75,75,75,75,75,75,75,75,75,75,82,82,82,82,82,82,82,82,82,82,82,82,82,82,82,82,82,82,82,82,82,82,82,82,82,82,82,82,82,82,82,82,82,82,82,82,82,82,82,82],"card_choices":[{"not_picked":["MokouMod:UncontrollableSolarReaction","MokouMod:Refresh"],"picked":"MokouMod:GuidingSmoke","floor":1},{"not_picked":["MokouMod:ResoluteFlare","MokouMod:Stoke"],"picked":"MokouMod:Afterburner","floor":3},{"not_picked":["MokouMod:ShiftIgnition","MokouMod:EternalBurstReactor"],"picked":"MokouMod:HeartofFire","floor":3},{"not_picked":["MokouMod:Trailblazer","MokouMod:RoaringFlare"],"picked":"MokouMod:Combust","floor":4},{"not_picked":["MokouMod:ImperishableFlame","MokouMod:FlickeringFlame"],"picked":"MokouMod:Overheat","floor":5},{"not_picked":["MokouMod:FujiyamaVolcano","MokouMod:RoaringFlare"],"picked":"MokouMod:ResonanceReactor","floor":7},{"not_picked":["MokouMod:Overheat","MokouMod:BurningHiddenBullet"],"picked":"MokouMod:ScorchingColumn","floor":8},{"not_picked":["MokouMod:Sear","MokouMod:Singe","MokouMod:CrimsonFlare"],"picked":"SKIP","floor":10},{"not_picked":["MokouMod:Singe","MokouMod:Refresh"],"picked":"MokouMod:Overheat","floor":11},{"not_picked":["MokouMod:FujiyamaVolcano","MokouMod:Overheat"],"picked":"MokouMod:RisingSunBarrier","floor":14},{"not_picked":["MokouMod:Rebirth","MokouMod:ProfanedFlare"],"picked":"MokouMod:Ventilation","floor":16},{"not_picked":["MokouMod:TemporalFireSeal+1","MokouMod:ResoluteFlare","MokouMod:Singe"],"picked":"MokouMod:FlickeringFlame+1","floor":18},{"not_picked":["MokouMod:UncontrollableSolarReaction","MokouMod:ShiftIgnition","MokouMod:SearingShot"],"picked":"MokouMod:Meltdown","floor":20},{"not_picked":["MokouMod:SubterraneanCore+1","MokouMod:FlareStarter","MokouMod:ShiftIgnition+1"],"picked":"MokouMod:Overheat+1","floor":24},{"not_picked":["MokouMod:Meltdown","MokouMod:IndiscriminateIgnition","MokouMod:FlickeringFlame"],"picked":"MokouMod:Ventilation","floor":25},{"not_picked":["MokouMod:Wildfire","MokouMod:FujiyamaVolcano","MokouMod:TemporalFireSeal"],"picked":"MokouMod:IndiscriminateIgnition","floor":27},{"not_picked":["MokouMod:SearingShot","MokouMod:ScorchingColumn+1","MokouMod:ShiftIgnition"],"picked":"MokouMod:ResonanceReactor","floor":31},{"not_picked":["MokouMod:ProfanedFlare","MokouMod:Ventilation","MokouMod:Geothermal"],"picked":"MokouMod:ResonatingAura","floor":33},{"not_picked":["MokouMod:Scorch+1","MokouMod:UncontrollableSolarReaction","MokouMod:Stoke"],"picked":"MokouMod:Overheat","floor":35},{"not_picked":["MokouMod:Meltdown+1","MokouMod:Singe+1","MokouMod:CrimsonFlare"],"picked":"MokouMod:ImperishableFlame+1","floor":36},{"not_picked":["MokouMod:AdaptivePyromancy+1","MokouMod:Combust+1","MokouMod:FlareStarter+1"],"picked":"MokouMod:FujiyamaVolcano+1","floor":46},{"not_picked":["MokouMod:AdaptivePyromancy+1","MokouMod:ResoluteFlare+1","MokouMod:RoaringFlare+1"],"picked":"MokouMod:Refresh","floor":48},{"not_picked":["MokouMod:TemporalFireSeal+1","MokouMod:ResoluteFlare+1","MokouMod:BurningDraft"],"picked":"MokouMod:IgnitionBarrier","floor":52},{"not_picked":["MokouMod:Stoke+1","MokouMod:DanceofFlames+1","MokouMod:TemporalFireSeal+1","MokouMod:SearingShot+1"],"picked":"SKIP","floor":56}],"player_experience":231223,"relics_obtained":[{"floor":3,"key":"ReplayTheSpireMod:TigerMarble"},{"floor":8,"key":"Juzu Bracelet"},{"floor":9,"key":"Mastiff:ReiMu"},{"floor":11,"key":"infinitespire:Lucky Rock"},{"floor":25,"key":"Mirror"},{"floor":26,"key":"infinitespire:Beetle Shell"},{"floor":27,"key":"Bronze Scales"},{"floor":43,"key":"Replay:Bandana"},{"floor":46,"key":"HoshigumaDish"},{"floor":52,"key":"paleoftheancients:SoulOfTheWokeBloke"},{"floor":54,"key":"infinitespire:Satchel"}],"event_choices":[{"damage_healed":0,"gold_gain":0,"player_choice":"Take Wound","damage_taken":0,"relics_obtained":["Golden Idol"],"max_hp_gain":0,"max_hp_loss":0,"event_name":"Golden Idol","floor":13,"gold_loss":0,"cards_obtained":["Injury"]},{"damage_healed":0,"gold_gain":0,"player_choice":"Memory 1","damage_taken":0,"max_hp_gain":0,"max_hp_loss":0,"event_name":"SensoryStone","floor":38,"gold_loss":0},{"damage_healed":0,"gold_gain":333,"player_choice":"Gave Idol","damage_taken":0,"max_hp_gain":0,"max_hp_loss":0,"event_name":"The Moai Head","floor":44,"relics_lost":["Golden Idol"],"gold_loss":0},{"damage_healed":0,"gold_gain":0,"cards_transformed":["MokouMod:IgnitionBarrier"],"player_choice":"Transformed","damage_taken":0,"max_hp_gain":0,"max_hp_loss":0,"event_name":"Transmorgrifier","floor":53,"gold_loss":0,"cards_obtained":["MokouMod:Combust"]}],"is_beta":false,"boss_relics":[{"not_picked":["Coffee Dripper","Replay:Wanted Poster"],"picked":"Honey Jar"},{"not_picked":["SlaversCollar","ReplayTheSpireMod:SealedPack"],"picked":"Philosopher\u0027s Stone"}],"items_purged_floors":[28,39,41,45],"is_endless":false,"potions_floor_spawned":[4,7,16,20,24,25,27,36,52],"ascension_level":0}}