{"host":"jm9833yuloeli2yd","time":1607881749,"event":{"mods":["AchievementEnabler","BaseMod","Better Altar","Better Match","Better Note","Better Sensory Stone","Better Skull","Better Vampires","Colored Map","Colored Powertips","DeckTracker","Minty Spire (QoL Compilation)","Permanent Neow","Quick Restart","Replay The Spire","StSLib","SuperFastMode"],"gold_per_floor":[116,133,58,58,4,4,4,39,39,73,73,85,85,85,147,224,224,243,243,18,33,47,47,47],"floor_reached":23,"playtime":603,"items_purged":[],"score":469,"play_id":"e6466b23-4691-4cda-8b0f-342a156a1b88","local_time":"20201213124909","is_ascension_mode":true,"campfire_choices":[{"data":"Neutralize","floor":6.0,"key":"SMITH"},{"floor":11.0,"key":"REST"}],"circlet_count":0,"master_deck":["AscendersBane","Defend_G","Defend_G","Defend_G","Defend_G","Survivor","Neutralize+1","Defend_B+1","Corpse Explosion+1","Bane","Replay:Poison Smokescreen","Heel Hook","Footwork","Dagger Throw","Adrenaline","AbeCurse","PiercingWail+1","Bite","Bite","Bite","Bite","Bite","ReplayTheSpireMod:Speed Training","Die Die Die"],"relics":["Darkstone Periapt","Mummified Hand","Ancient Tea Set","Sizzling Blood","Orichalcum","Abe\u0027s Treasure","Replay:Mystery Machine"],"acts_visited":["Exordium","TheCity"],"potions_floor_usage":[23,23],"damage_taken":[{"damage":2.0,"enemies":"Small Slimes","floor":1.0,"turns":3.0},{"damage":0.0,"enemies":"2 Louse","floor":2.0,"turns":3.0},{"damage":14.0,"enemies":"3 Sentries","floor":8.0,"turns":4.0},{"damage":7.0,"enemies":"Lagavulin","floor":10.0,"turns":7.0},{"damage":0.0,"enemies":"Jaw Worm","floor":12.0,"turns":5.0},{"damage":23.0,"enemies":"The Guardian","floor":16.0,"turns":11.0},{"damage":19.0,"enemies":"Spheric Guardian","floor":18.0,"turns":6.0},{"damage":9.0,"enemies":"Chosen","floor":21.0,"turns":6.0},{"damage":17.0,"enemies":"Snake Plant","floor":22.0,"turns":5.0},{"damage":65,"enemies":"Book of Stabbing","floor":23,"turns":7}],"seed_played":"7886253724282871842","potions_obtained":[{"floor":8.0,"key":"Dexterity Potion"},{"floor":10.0,"key":"Languid Potion"},{"floor":16.0,"key":"LifebloodPotion"},{"floor":22.0,"key":"BlessingOfTheForge"}],"is_trial":false,"path_per_floor":["M","M","?","?","$","R","?","E","T","E","R","M","?","T","R_BF","B",null,"M","?","$","M","M","E"],"character_chosen":"THE_SILENT","items_purchased":["PowerPotion","Replay:Mystery Machine","Block Potion"],"campfire_rested":1,"item_purchase_floors":[5,20,20],"current_hp_per_floor":[57,57,57,50,50,50,30,16,16,9,28,28,32,32,32,13,62,47,47,47,52,51,0,0],"gold":47,"neow_bonus":"THREE_RARE_CARDS","is_daily":false,"chose_seed":false,"campfire_upgraded":1,"win_rate":0.0,"timestamp":1607881749,"path_taken":["M","M","?","?","$","R","?","E","T","E","R","M","?","?","R_BF","BOSS","M","?","$","M","M","E"],"items_purchased_type":["Potion","Relic","Potion"],"build_version":"2020-11-30","purchased_purges":0,"victory":false,"max_hp_per_floor":[66,66,66,66,66,66,66,66,66,66,66,66,70,70,70,70,76,76,53,53,53,53,53,53],"card_choices":[{"not_picked":["Doppelganger","Die Die Die"],"picked":"Corpse Explosion","floor":0.0},{"not_picked":["Blade Dance","Hidden Blade"],"picked":"Bane","floor":1.0},{"not_picked":["Prepared","ReplayTheSpireMod:Exploit Weakness"],"picked":"Replay:Poison Smokescreen","floor":2.0},{"not_picked":["Accuracy","Slice"],"picked":"Heel Hook","floor":8.0},{"not_picked":["Deadly Poison","Outmaneuver"],"picked":"Footwork","floor":10.0},{"not_picked":["Sucker Punch","Outmaneuver"],"picked":"Dagger Throw","floor":12.0},{"not_picked":["Glass Knife","Venomology"],"picked":"Adrenaline","floor":16.0},{"not_picked":["ReplayTheSpireMod:Scrap Shanks","Slice+1"],"picked":"PiercingWail+1","floor":18.0},{"not_picked":["ReplayTheSpireMod:Shiv Toss","Backflip+1"],"picked":"ReplayTheSpireMod:Speed Training","floor":21.0},{"not_picked":["Hidden Blade","Expertise"],"picked":"Die Die Die","floor":22.0}],"player_experience":1049342,"relics_obtained":[{"floor":8.0,"key":"Darkstone Periapt"},{"floor":9.0,"key":"Mummified Hand"},{"floor":10.0,"key":"Ancient Tea Set"},{"floor":14.0,"key":"Orichalcum"}],"event_choices":[{"cards_removed":["Strike_G"],"damage_healed":0.0,"max_hp_gain":0.0,"max_hp_loss":0.0,"gold_gain":0.0,"event_name":"The Cleric","player_choice":"Card Removal","floor":3.0,"gold_loss":75.0,"damage_taken":0.0},{"cards_removed":["Defend_G"],"damage_healed":0.0,"max_hp_gain":0.0,"max_hp_loss":0.0,"gold_gain":0.0,"event_name":"Golden Wing","player_choice":"Card Removal","floor":4.0,"gold_loss":0.0,"damage_taken":7.0},{"damage_healed":0.0,"max_hp_gain":0.0,"max_hp_loss":0.0,"gold_gain":0.0,"event_name":"Shining Light","player_choice":"Entered Light","floor":7.0,"gold_loss":0.0,"damage_taken":20.0,"cards_upgraded":["Defend_B","Corpse Explosion"]},{"damage_healed":0.0,"max_hp_gain":0.0,"max_hp_loss":23.0,"gold_gain":0.0,"event_name":"Vampires","player_choice":"Became a vampire","floor":19.0,"gold_loss":0.0,"damage_taken":0.0,"cards_obtained":["Bite","Bite","Bite","Bite","Bite"]}],"is_beta":false,"boss_relics":[{"not_picked":["ReplayTheSpireMod:DimensionalGlitch","Cursed Key"],"picked":"Abe\u0027s Treasure"}],"items_purged_floors":[],"is_endless":false,"potions_floor_spawned":[8,10,16,22],"killed_by":"Book of Stabbing","ascension_level":20}}