{"host":"o3so5oxo9aakc7d5","time":1607896493,"event":{"mods":["BaseMod","Better Altar","Better Match","Better Sensory Stone","Better Skull","Better Third Choice","Block Reminder","CapriCore","Challenge The Spire","Googly Eyes","Jorbs\u0027s Wanderer Trilogy","Minty Spire (QoL Compilation)","Rare Cards Sparkle","Spicy Shops","StSLib"],"gold_per_floor":[15,35,54,54,67,67,93,93,93,124,143,143,68,80,80,181,181,193,211,211,4,4,32,32,61,88,105,32,51,12,37,37,141,141,156,206,67,85,105,105,137,137,137,167,186,186,196,214,214,214,214],"floor_reached":50,"playtime":1941,"items_purged":["Strike_G","Defend_G","Strike_G"],"score":679,"play_id":"2e3d669e-fd39-4598-a192-98ec928557f5","local_time":"20201213145453","is_ascension_mode":true,"campfire_choices":[{"data":"Cloak And Dagger","floor":6,"key":"SMITH"},{"data":"Accuracy","floor":8,"key":"SMITH"},{"data":"Infinite Blades","floor":12,"key":"SMITH"},{"floor":15,"key":"REST"},{"floor":24,"key":"REST"},{"floor":32,"key":"REST"},{"floor":40,"key":"RECALL"},{"floor":42,"key":"REST"},{"floor":46,"key":"REST"},{"floor":49,"key":"REST"}],"circlet_count":0,"master_deck":["Strike_G","Strike_G","Strike_G","Defend_G","Defend_G","Defend_G","Defend_G","Survivor","Neutralize","Cloak And Dagger","Blade Dance","Cloak And Dagger+1","Accuracy+1","Infinite Blades+1","Choke","Finisher","Die Die Die","Dagger Spray","Slice","Accuracy","Storm of Steel","CurseOfTheBell","Blade Dance+1","PiercingWail","Footwork","Infinite Blades+1","Accuracy+1"],"relics":["Ring of the Snake","Torii","WingedGreaves","Unceasing Top","Ginger","WristBlade","Membership Card","Pantograph","Boot","Pen Nib","Sling","StoneCalendar","Calling Bell","Potion Belt","HornCleat","FossilizedHelix","Gambling Chip","Strawberry","CaptainsWheel","Bottled Flame"],"acts_visited":["Exordium","TheCity","TheBeyond"],"potions_floor_usage":[5,23,25,25,31,31,36,50,50,50,50],"damage_taken":[{"damage":1,"enemies":"2 Louse","floor":1,"turns":3},{"damage":0,"enemies":"Cultist","floor":2,"turns":4},{"damage":0,"enemies":"Small Slimes","floor":3,"turns":3},{"damage":1,"enemies":"Exordium Thugs","floor":5,"turns":7},{"damage":21,"enemies":"Lagavulin","floor":7,"turns":8},{"damage":1,"enemies":"3 Sentries","floor":10,"turns":6},{"damage":0,"enemies":"2 Fungi Beasts","floor":11,"turns":3},{"damage":1,"enemies":"Red Slaver","floor":14,"turns":2},{"damage":0,"enemies":"Slime Boss","floor":16,"turns":6},{"damage":0,"enemies":"3 Byrds","floor":18,"turns":4},{"damage":7,"enemies":"Shell Parasite","floor":19,"turns":3},{"damage":33,"enemies":"Slavers","floor":23,"turns":3},{"damage":1,"enemies":"Book of Stabbing","floor":25,"turns":4},{"damage":13,"enemies":"Snecko","floor":27,"turns":5},{"damage":0,"enemies":"Snake Plant","floor":29,"turns":2},{"damage":15,"enemies":"Slavers","floor":31,"turns":3},{"damage":60,"enemies":"Automaton","floor":33,"turns":7},{"damage":0,"enemies":"Orb Walker","floor":35,"turns":2},{"damage":13,"enemies":"Mind Bloom Boss Battle","floor":36,"turns":7},{"damage":0,"enemies":"3 Darklings","floor":38,"turns":2},{"damage":11,"enemies":"4 Shapes","floor":39,"turns":4},{"damage":23,"enemies":"Reptomancer","floor":41,"turns":5},{"damage":0,"enemies":"Giant Head","floor":44,"turns":5},{"damage":20,"enemies":"Jaw Worm Horde","floor":45,"turns":3},{"damage":0,"enemies":"Sphere and 2 Shapes","floor":47,"turns":3},{"damage":0,"enemies":"3 Darklings","floor":48,"turns":3},{"damage":77,"enemies":"Awakened One","floor":50,"turns":7}],"seed_played":"-3831241297883711038","potions_obtained":[{"floor":3,"key":"Block Potion"},{"floor":10,"key":"DuplicationPotion"},{"floor":11,"key":"ColorlessPotion"},{"floor":14,"key":"Ancient Potion"},{"floor":16,"key":"Strength Potion"},{"floor":23,"key":"Block Potion"},{"floor":25,"key":"SkillPotion"},{"floor":27,"key":"Strength Potion"},{"floor":35,"key":"Weak Potion"},{"floor":39,"key":"LiquidBronze"},{"floor":41,"key":"BlessingOfTheForge"},{"floor":45,"key":"SpeedPotion"},{"floor":48,"key":"PowerPotion"}],"is_trial":false,"path_per_floor":["M","M","M","?","M","R","E","R","T","E","M","R","$","M","R","B",null,"M","M","?","$","?","E","R","E","T","M","$","M","$","E","R","B",null,"M","?","$","M","M","R","E","R","T","E","M","R","M","M","R","B"],"character_chosen":"THE_SILENT","items_purchased":["Membership Card","Sling","Accuracy","Strawberry"],"campfire_rested":6,"item_purchase_floors":[21,28,30,37],"current_hp_per_floor":[69,69,69,70,69,69,48,48,48,47,47,47,47,46,67,67,70,70,63,63,63,63,30,51,50,50,37,37,37,37,22,43,8,70,70,57,64,64,53,53,30,53,53,53,33,56,56,56,77,0,0],"gold":214,"neow_bonus":"ONE_RARE_RELIC","is_daily":false,"chose_seed":false,"campfire_upgraded":3,"win_rate":0.0,"timestamp":1607896493,"path_taken":["M","M","M","?","?","R","E","R","T","E","M","R","$","M","R","BOSS","M","M","?","?","?","E","R","E","T","M","$","M","$","E","R","BOSS","M","?","$","M","M","R","E","R","T","E","M","R","M","M","R","BOSS"],"items_purchased_type":["Relic","Relic","Card","Relic"],"build_version":"2020-11-30","purchased_purges":3,"victory":false,"max_hp_per_floor":[70,70,70,70,70,70,70,70,70,70,70,70,70,70,70,70,70,70,70,70,70,70,70,70,70,70,70,70,70,70,70,70,70,70,70,70,77,77,77,77,77,77,77,77,77,77,77,77,77,77,77],"card_choices":[{"not_picked":["Prepared","Expertise"],"picked":"Cloak And Dagger","floor":1},{"not_picked":["Dodge and Roll","Flechettes"],"picked":"Blade Dance","floor":2},{"not_picked":["Dodge and Roll","Slice"],"picked":"Cloak And Dagger","floor":3},{"not_picked":["Catalyst","Endless Agony","Concentrate"],"picked":"SKIP","floor":5},{"not_picked":["Crippling Poison","Footwork"],"picked":"Accuracy","floor":7},{"not_picked":["Underhanded Strike","Outmaneuver"],"picked":"Infinite Blades","floor":10},{"not_picked":["Dash","Leg Sweep"],"picked":"Choke","floor":11},{"not_picked":["Underhanded Strike","Blade Dance"],"picked":"Finisher","floor":14},{"not_picked":["Envenom","Night Terror"],"picked":"Die Die Die","floor":16},{"not_picked":["Crippling Poison+1","Quick Slash","Poisoned Stab+1"],"picked":"SKIP","floor":18},{"not_picked":["Prepared","All Out Attack","Masterful Stab"],"picked":"SKIP","floor":19},{"not_picked":["Poisoned Stab","Expertise"],"picked":"Dagger Spray","floor":23},{"not_picked":["Venomology","Skewer","Riddle With Holes"],"picked":"SKIP","floor":25},{"not_picked":["Dagger Spray","Acrobatics","Outmaneuver"],"picked":"SKIP","floor":27},{"not_picked":["Backflip","Underhanded Strike"],"picked":"Slice","floor":29},{"not_picked":["Distraction","Setup","Skewer+1"],"picked":"SKIP","floor":31},{"not_picked":["Adrenaline","Malaise"],"picked":"Storm of Steel","floor":33},{"not_picked":["Concentrate","Finisher","Calculated Gamble+1"],"picked":"SKIP","floor":35},{"not_picked":["Sucker Punch+1","PiercingWail"],"picked":"Blade Dance+1","floor":36},{"not_picked":["Deadly Poison","Flying Knee"],"picked":"PiercingWail","floor":38},{"not_picked":["Quick Slash+1","Setup"],"picked":"Footwork","floor":39},{"not_picked":["Acrobatics+1","Sucker Punch+1"],"picked":"Infinite Blades+1","floor":41},{"not_picked":["Expertise","Catalyst"],"picked":"Accuracy+1","floor":44},{"not_picked":["Outmaneuver+1","Concentrate","Finisher"],"picked":"SKIP","floor":45},{"not_picked":["Deadly Poison+1","Terror","Noxious Fumes"],"picked":"SKIP","floor":47},{"not_picked":["Skewer+1","Tools of the Trade","Poisoned Stab"],"picked":"SKIP","floor":48}],"player_experience":507810,"relics_obtained":[{"floor":7,"key":"WingedGreaves"},{"floor":9,"key":"Unceasing Top"},{"floor":10,"key":"Ginger"},{"floor":23,"key":"Pantograph"},{"floor":25,"key":"Boot"},{"floor":26,"key":"Pen Nib"},{"floor":31,"key":"StoneCalendar"},{"floor":34,"key":"Potion Belt"},{"floor":34,"key":"HornCleat"},{"floor":34,"key":"FossilizedHelix"},{"floor":36,"key":"Gambling Chip"},{"floor":41,"key":"CaptainsWheel"},{"floor":44,"key":"Bottled Flame"}],"event_choices":[{"damage_healed":4,"gold_gain":0,"player_choice":"LEAVE ","damage_taken":0,"relics_obtained":[],"max_hp_gain":0,"max_hp_loss":0,"event_name":"betterSkull:BetterSkull","floor":4,"gold_loss":0,"cards_upgraded":[]},{"damage_healed":0,"gold_gain":0,"player_choice":"Ignored","damage_taken":0,"max_hp_gain":0,"max_hp_loss":0,"event_name":"N\u0027loth","floor":20,"gold_loss":0},{"damage_healed":0,"gold_gain":0,"player_choice":"Ignored","damage_taken":0,"max_hp_gain":0,"max_hp_loss":0,"event_name":"Transmorgrifier","floor":22,"gold_loss":0},{"damage_healed":0,"gold_gain":0,"player_choice":"Fight","damage_taken":0,"max_hp_gain":0,"max_hp_loss":0,"event_name":"MindBloom","floor":36,"gold_loss":0}],"is_beta":false,"boss_relics":[{"not_picked":["Empty Cage","Ring of the Serpent"],"picked":"WristBlade"},{"not_picked":["Coffee Dripper","HoveringKite"],"picked":"Calling Bell"}],"items_purged_floors":[13,21,37],"is_endless":false,"potions_floor_spawned":[3,10,11,14,16,18,23,25,27,35,39,41,45,48],"killed_by":"Awakened One","ascension_level":1}}