{"host":"jak4ncvfzor9mys0","time":1607830524,"event":{"mods":["2.2 Compatiblity","AchievementEnabler","BaseMod","Better Altar","Better Match","Better Note","Better Sensory Stone","Better Skull","Better Third Choice","BetterRewards","Block Reminder","Colored Map","Colored Powertips","Energized Spire","Gold Saver","Hubris","Infinite Spire","Key Reminder","Minty Spire (QoL Compilation)","Rare Cards Sparkle","Red Circlet Mod","Relic Sorter","Relic Stats","Replay The Spire","Retaliation","StSLib","SuperFastMode","The Blue Laboratory"],"gold_per_floor":[1299,1312,1312,1325,1325,1325,1134,1166,1191,1269,802,245,262,262,262,360,360,379,398,448,467,478,478,478,509,509,528,546,546,371,388,388,593,643,705,480,528,577,678,728,728,728,753,862,951,851,497,598,598,737,737,790,375,403,403,436,490,532,532,555,555,305,338,369,410,410,536,536,573,573,620,670,670,670,740,799,876,449,504,504,582,636,636,871,871,966,966,573,596,357,357,406,471,498,590,683,683,761,848,848,1067,1067,1170,1170,1279,1279,1279,1279,1128,1223,1223,1355,1355,1478,1478,1478,1478,1717,1717,1860,1706,1852,1852,1405,1405,1549,1699,1699,1699,1699,1699,1699,1833,1833,2098,2098,2274,2126,2226,2403,2591,2807,2807,3032,3056,3056,2907,3199,3199,3440,3440,3819,3819,3819,3673,3974,4402],"floor_reached":158,"playtime":10306,"items_purged":["Strike_B","Strike_B","Strike_B","Defend_B","Strike_B","Zap","Stack","Dualcast","Defend_B","Conserve Battery+1","Gash"],"score":5195,"play_id":"068f70e8-1948-44e8-91bc-e558cdc6cad7","local_time":"20201212193524","is_ascension_mode":false,"campfire_choices":[{"data":"Hologram","floor":6,"key":"SMITH"},{"data":"Beam Cell","floor":15,"key":"SMITH"},{"data":"FTL","floor":23,"key":"SMITH"},{"data":"Scrape","floor":29,"key":"SMITH"},{"data":"Go for the Eyes","floor":32,"key":"SMITH"},{"floor":41,"key":"REST"},{"floor":49,"key":"REST"},{"data":"1","floor":59,"key":"LIFT"},{"data":"Reprogram","floor":61,"key":"SMITH"},{"floor":66,"key":"REST"},{"data":"All For One","floor":74,"key":"SMITH"},{"data":"Leap","floor":80,"key":"SMITH"},{"data":"Leap","floor":83,"key":"SMITH"},{"data":"2","floor":91,"key":"LIFT"},{"data":"3","floor":100,"key":"LIFT"},{"data":"infinitespire:Gouge","floor":108,"key":"SMITH"},{"data":"Gash","floor":115,"key":"SMITH"},{"data":"Gash","floor":117,"key":"SMITH"},{"data":"Echo Form","floor":125,"key":"SMITH"},{"floor":130,"key":"REST"},{"floor":134,"key":"REST"},{"floor":143,"key":"REST"},{"floor":149,"key":"REST"},{"floor":151,"key":"REST"},{"floor":154,"key":"REST"}],"circlet_count":1,"master_deck":["Scrape+1","Hologram+1","Gash+1","Rebound+1","Beam Cell+1","Echo Form+1","infinitespire:Fortify+1","FTL+1","ReplayGash+1","Gash+1","Streamline+1","All For One+1","Gash+1","Gash+1","Leap+1","Reprogram+1","Leap+1","Gash+1","Rebound+1","Leap+1","infinitespire:Gouge+1","Leap+1"],"relics":["Cracked Core","infinitespire:Beetle Shell","Circlet","Pen Nib","Nunchaku","Girya","hubris:64BitClover","Replay:Antivirus Software","Matryoshka","infinitespire:Golems Mask","hubris:Icosahedron","hubris:Towel","Replay:Wax Seal","hubris:MysteriousPyramids","hubris:OldNail","Lizard Tail","ReplayTheSpireMod:Lightbulb","Nuclear Battery","Tiny House","Bottled Flame","Orichalcum","hubris:MobiusCoin","hubris:HollowSoul","infinitespire:EvilPickle","Whetstone","hubris:GlazedTorus","Oddly Smooth Stone","HandDrill","Black Star","Carrot","Vajra","Golden Idol","Unceasing Top","hubris:ToyBattleship","Gremlin Food","Blood Vial","Ring of Chaos","HornCleat","hubris:SlimyHat","Mercury Hourglass","Replay:Bandana","Red Mask","hubris:SoftwareUpdate","Anchor","Boot","Ornamental Fan","MealTicket","infinitespire:Lychee Nut","infinitespire:PuzzleCube","hubris:TenFootPole","energizedSpire:OldTV","energizedSpire:UnstableMolecules","hubris:BallOfYels","PreservedInsect","ReplayTheSpireMod:Ninjato","ClockworkSouvenir","Garlic","hubris:MedicalManual","Blue Doll","Geode","hubris:SphereOfDissonance","Centennial Puzzle","Replay:Bottled Steam","Bag of Marbles","Regal Pillow","WingedGreaves","CeramicFish","ReplayFunnel","Replay:Baseball","Replay:Rubber Ducky"],"acts_visited":["Exordium","TheCity","TheBeyond","Exordium","TheCity","TheBeyond","Exordium","TheCity","TheBeyond","TheEnding"],"potions_floor_usage":[8,19,22,27,35,45,50,157],"damage_taken":[{"damage":1,"enemies":"Jaw Worm","floor":1,"turns":3},{"damage":0,"enemies":"Small Slimes","floor":2,"turns":3},{"damage":2,"enemies":"2 Louse","floor":4,"turns":2},{"damage":13,"enemies":"3 Sentries","floor":8,"turns":5},{"damage":0,"enemies":"Large Slime","floor":13,"turns":3},{"damage":23,"enemies":"The Guardian","floor":16,"turns":5},{"damage":10,"enemies":"Spheric Guardian","floor":18,"turns":3},{"damage":2,"enemies":"Shell Parasite","floor":19,"turns":2},{"damage":4,"enemies":"3 Cultists","floor":21,"turns":4},{"damage":4,"enemies":"Centurion and Healer","floor":22,"turns":3},{"damage":0,"enemies":"Gremlin Leader","floor":25,"turns":4},{"damage":0,"enemies":"Snecko","floor":27,"turns":3},{"damage":0,"enemies":"Snake Plant","floor":28,"turns":2},{"damage":5,"enemies":"Cultist and Chosen","floor":31,"turns":3},{"damage":6,"enemies":"Pondfish","floor":33,"turns":4},{"damage":8,"enemies":"3 Darklings","floor":35,"turns":4},{"damage":11,"enemies":"3 Shapes","floor":37,"turns":3},{"damage":8,"enemies":"Jaw Worm Horde","floor":38,"turns":3},{"damage":16,"enemies":"4 Shapes","floor":39,"turns":4},{"damage":11,"enemies":"Mind Bloom Boss Battle","floor":40,"turns":4},{"damage":9,"enemies":"Transient","floor":44,"turns":5},{"damage":10,"enemies":"Nightmare","floor":45,"turns":6},{"damage":0,"enemies":"3 Darklings","floor":48,"turns":2},{"damage":14,"enemies":"Awakened One","floor":50,"turns":4},{"damage":0,"enemies":"Small Slimes","floor":52,"turns":1},{"damage":0,"enemies":"Cultist","floor":54,"turns":1},{"damage":0,"enemies":"2 Louse","floor":56,"turns":2},{"damage":0,"enemies":"Gremlin Nob","floor":57,"turns":2},{"damage":0,"enemies":"Gremlin Gang","floor":58,"turns":2},{"damage":0,"enemies":"Lots of Slimes","floor":63,"turns":2},{"damage":12,"enemies":"Exordium Wildlife","floor":64,"turns":2},{"damage":0,"enemies":"Blue Slaver","floor":65,"turns":1},{"damage":0,"enemies":"Fading Forest","floor":67,"turns":4},{"damage":0,"enemies":"2 Thieves","floor":69,"turns":2},{"damage":0,"enemies":"Chosen","floor":71,"turns":3},{"damage":0,"enemies":"Shelled Parasite and Fungi","floor":72,"turns":1},{"damage":8,"enemies":"Slavers","floor":75,"turns":2},{"damage":0,"enemies":"Snecko","floor":76,"turns":2},{"damage":0,"enemies":"Snake Plant","floor":79,"turns":1},{"damage":0,"enemies":"3 Cultists","floor":81,"turns":1},{"damage":0,"enemies":"Masked Bandits","floor":82,"turns":2},{"damage":23,"enemies":"hubris:MusketHawk","floor":84,"turns":3},{"damage":0,"enemies":"3 Shapes","floor":86,"turns":2},{"damage":0,"enemies":"Orb Walker","floor":92,"turns":1},{"damage":0,"enemies":"Sphere and 2 Shapes","floor":93,"turns":3},{"damage":14,"enemies":"Transient","floor":95,"turns":5},{"damage":29,"enemies":"R_Hoarder","floor":96,"turns":4},{"damage":0,"enemies":"Jaw Worm Horde","floor":98,"turns":2},{"damage":0,"enemies":"Writhing Mass","floor":99,"turns":2},{"damage":2,"enemies":"Awakened One","floor":101,"turns":4},{"damage":0,"enemies":"Cultist","floor":103,"turns":1},{"damage":0,"enemies":"Small Slimes","floor":105,"turns":1},{"damage":0,"enemies":"Jaw Worm","floor":110,"turns":1},{"damage":0,"enemies":"Gremlin Nob","floor":112,"turns":1},{"damage":0,"enemies":"Large Slime","floor":114,"turns":1},{"damage":0,"enemies":"Hexaghost","floor":118,"turns":2},{"damage":0,"enemies":"Spheric Guardian","floor":120,"turns":1},{"damage":0,"enemies":"Chosen","floor":122,"turns":1},{"damage":0,"enemies":"Slavers","floor":126,"turns":1},{"damage":0,"enemies":"3 Cultists","floor":127,"turns":1},{"damage":0,"enemies":"Snecko","floor":133,"turns":1},{"damage":0,"enemies":"Collector","floor":135,"turns":1},{"damage":0,"enemies":"3 Darklings","floor":137,"turns":1},{"damage":0,"enemies":"Orb Walker","floor":140,"turns":2},{"damage":0,"enemies":"Sphere and 2 Shapes","floor":141,"turns":2},{"damage":0,"enemies":"3 Darklings","floor":142,"turns":1},{"damage":0,"enemies":"Maw","floor":144,"turns":1},{"damage":0,"enemies":"Giant Head","floor":148,"turns":1},{"damage":0,"enemies":"Writhing Mass","floor":150,"turns":1},{"damage":0,"enemies":"hubris:GrandSnecko","floor":152,"turns":2},{"damage":0,"enemies":"Shield and Spear","floor":156,"turns":1},{"damage":92,"enemies":"The Heart","floor":157,"turns":6}],"seed_played":"5950226895729172317","potions_obtained":[{"floor":2,"key":"AttackPotion"},{"floor":16,"key":"DistilledChaos"},{"floor":18,"key":"DuplicationPotion"},{"floor":20,"key":"Languid Potion"},{"floor":25,"key":"blueLaboratory:CoolantVial"},{"floor":31,"key":"blueLaboratory:BubblePotion"},{"floor":33,"key":"blueLaboratory:LouseDecoction"},{"floor":44,"key":"SkillPotion"},{"floor":48,"key":"SkillPotion"},{"floor":54,"key":"Languid Potion"},{"floor":56,"key":"EssenceOfDarkness"},{"floor":63,"key":"blueLaboratory:SystemWipe"},{"floor":72,"key":"blueLaboratory:FruitPreserves"},{"floor":76,"key":"blueLaboratory:PlasmaFuel"},{"floor":92,"key":"Fire Potion"},{"floor":150,"key":"blueLaboratory:StoneskinPotion"},{"floor":156,"key":"blueLaboratory:HummingbirdPotion"}],"is_trial":false,"path_per_floor":["M","M","?","M","?","R","$","E","T","?","$","$","M","?","R","B",null,"M","M","AVR","M","M","R","?","E","T","M","M","R","$","M","R","B",null,"M","$","M","M","M","?","R","?","T","M","NM","NS","$","M","R","B",null,"M","$","M","?","M","E","M","R","T","R","$","M","M","M","R","B",null,"M","?","M","M","?","R","E","M","T","$","M","R","M","?","R","B",null,"M","?","$","T","$","R","M","M","T","M","E","$","M","M","R","B",null,"M","$","M","?","AVR","R","$","M","T","E","?","M","R","?","R","B",null,"M","$","M","?","$","R","E","M","T","AVR","R","?","?","M","R","B",null,"M","$","?","M","M","M","R","M","T","?","$","E","R","M","R","B",null,"R","$","E","B",null],"character_chosen":"DEFECT","items_purchased":["Scrape","infinitespire:Golems Mask","Hologram","Rebound+1","Replay:Wax Seal","Lizard Tail","Beam Cell","ReplayTheSpireMod:Lightbulb","Matryoshka","Streamline","Gash","HandDrill","Vajra","Reprogram","Replay:Bandana","Anchor","Ornamental Fan","Pen Nib","ClockworkSouvenir","hubris:MedicalManual","Blue Doll","Centennial Puzzle","Regal Pillow","ReplayFunnel"],"campfire_rested":9,"item_purchase_floors":[0,0,0,7,7,11,11,12,12,30,36,47,53,53,78,88,90,109,121,124,124,138,147,155],"current_hp_per_floor":[74,74,74,72,72,72,72,59,59,59,59,59,59,59,59,36,75,65,63,68,64,60,60,60,60,60,60,60,60,60,55,55,49,80,72,72,61,53,37,26,50,47,47,38,28,28,28,28,52,38,80,80,80,80,60,60,60,60,60,60,60,60,60,48,48,72,72,80,80,80,80,80,80,80,72,74,74,74,76,76,78,80,80,57,80,80,80,80,80,80,80,80,80,80,66,39,54,59,60,60,59,60,60,60,60,60,60,60,60,60,60,60,60,60,60,53,53,58,60,60,60,60,60,60,60,60,60,60,60,60,60,60,60,60,60,60,60,60,60,60,60,60,60,60,60,57,57,57,57,57,57,57,57,57,57,57,22],"gold":4402,"neow_bonus":"","is_daily":false,"chose_seed":false,"campfire_upgraded":13,"win_rate":0.0,"timestamp":1607830524,"path_taken":["M","M","?","M","?","R","$","E","T","?","?","$","M","?","R","BOSS","M","M","AVR","M","M","R","?","E","T","M","M","R","$","M","R","BOSS","M","$","M","?","M","?","R","?","T","?","NM","NS","?","M","R","BOSS","M","$","?","?","M","E","M","R","T","R","$","M","M","M","R","BOSS","M","?","M","M","?","R","E","M","T","$","M","R","?","?","R","BOSS","M","?","?","?","?","R","M","M","T","M","E","$","?","M","R","BOSS","M","$","M","?","AVR","R","$","?","T","E","?","M","R","?","R","BOSS","M","$","M","?","$","R","E","M","T","AVR","R","?","?","M","R","BOSS","M","$","?","M","?","?","R","M","T","?","?","E","R","M","R","BOSS","R","$","E","BOSS"],"items_purchased_type":["Card","Relic","Card","Card","Relic","Relic","Card","Relic","Relic","Card","Card","Relic","Relic","Card","Relic","Relic","Relic","Relic","Relic","Relic","Relic","Relic","Relic","Relic"],"build_version":"2020-11-30","purchased_purges":11,"victory":true,"max_hp_per_floor":[75,75,75,75,75,75,75,75,75,75,75,75,75,75,75,75,75,75,75,80,80,80,80,80,80,80,80,80,80,80,80,80,80,80,80,80,80,80,80,80,80,80,80,80,80,80,80,80,80,80,80,80,80,80,80,80,80,80,80,80,80,80,80,80,80,80,80,80,80,80,80,80,80,80,80,80,80,80,80,80,80,80,80,80,80,80,80,80,80,80,80,80,80,80,80,60,60,60,60,60,60,60,60,60,60,60,60,60,60,60,60,60,60,60,60,60,60,60,60,60,60,60,60,60,60,60,60,60,60,60,60,60,60,60,60,60,60,60,60,60,60,60,60,60,60,57,57,57,57,57,57,57,57,57,57,57,57],"relic_stats":{"Regal Pillow":0,"counters":[96,296],"Golden Idol":358,"CeramicFish":0,"Pen Nib":[20],"PreservedInsect":490,"Whetstone":["ReplayGash","Streamline"],"Orichalcum":[96],"Boot":[7],"Mercury Hourglass":[611],"Blood Vial":15,"Nunchaku":[35],"Lizard Tail":28,"Centennial Puzzle":[3],"Ornamental Fan":[320],"MealTicket":15,"HandDrill":[76],"Black Star":7,"obtain_stats":[{"hubris:BallOfYels":107,"Tiny House":20,"energizedSpire:UnstableMolecules":107,"CeramicFish":148,"Vajra":53,"Whetstone":35,"hubris:MysteriousPyramids":8,"Boot":89,"FrozenCore":17,"Blood Vial":67,"Lizard Tail":11,"Centennial Puzzle":138,"Replay:Frozen Program":38,"HornCleat":70,"infinitespire:Golems Mask":0,"MealTicket":94,"HandDrill":36,"Replay:Wax Seal":7,"hubris:TinFlute":26,"Replay:Bottled Steam":142,"hubris:MobiusCoin":26,"Girya":45,"Pear":44,"hubris:SoftwareUpdate":84,"Oddly Smooth Stone":43,"hubris:SphereOfDissonance":128,"Eternal Feather":6,"hubris:HollowSoul":34,"Ring of Chaos":68,"Pen Nib":109,"infinitespire:Beetle Shell":112,"infinitespire:EvilPickle":34,"Bottled Flame":25,"Replay:Baseball":156,"infinitespire:Lychee Nut":96,"Nloth\u0027s Gift":20,"Black Star":51,"hubris:ToyBattleship":57,"hubris:TenFootPole":101,"Symbiotic Virus":43,"Unceasing Top":57,"infinitespire:PuzzleCube":96,"energizedSpire:OldTV":102,"ReplayFunnel":155,"Carrot":52,"Regal Pillow":147,"Blue Doll":124,"hubris:SlimyHat":9,"ClockworkSouvenir":121,"Replay:Rubber Ducky":156,"Nunchaku":75,"Replay:Bandana":78,"hubris:Icosahedron":3,"Matryoshka":12,"WingedGreaves":23,"Red Mask":82,"Replay:Antivirus Software":43,"Cracked Core":0,"hubris:GlazedTorus":40,"Gremlin Food":60,"Inserter":34,"ReplayTheSpireMod:Ninjato":112,"hubris:64BitClover":20,"Golden Idol":55,"Circlet":116,"PreservedInsect":111,"hubris:MedicalManual":124,"Geode":126,"hubris:Towel":39,"Orichalcum":26,"Mercury Hourglass":8,"Nuclear Battery":17,"Anchor":88,"Ornamental Fan":90,"Garlic":122,"Bag of Marbles":145,"ReplayTheSpireMod:Lightbulb":12,"hubris:OldNail":9},{"hubris:BallOfYels":76,"Tiny House":32,"energizedSpire:UnstableMolecules":76,"CeramicFish":92,"Vajra":49,"Whetstone":40,"hubris:MysteriousPyramids":28,"Boot":67,"FrozenCore":10,"Blood Vial":57,"Lizard Tail":28,"Centennial Puzzle":87,"Replay:Frozen Program":19,"HornCleat":58,"infinitespire:Golems Mask":24,"MealTicket":69,"HandDrill":18,"Replay:Wax Seal":27,"hubris:TinFlute":14,"Replay:Bottled Steam":90,"hubris:MobiusCoin":35,"Girya":46,"Pear":22,"hubris:SoftwareUpdate":66,"Oddly Smooth Stone":44,"hubris:SphereOfDissonance":84,"Eternal Feather":5,"hubris:HollowSoul":39,"Ring of Chaos":57,"Pen Nib":76,"infinitespire:Beetle Shell":78,"infinitespire:EvilPickle":39,"Bottled Flame":35,"Replay:Baseball":95,"infinitespire:Lychee Nut":71,"Nloth\u0027s Gift":11,"Black Star":48,"hubris:ToyBattleship":52,"hubris:TenFootPole":74,"Symbiotic Virus":21,"Unceasing Top":52,"infinitespire:PuzzleCube":71,"energizedSpire:OldTV":74,"ReplayFunnel":94,"Carrot":49,"Regal Pillow":91,"Blue Doll":82,"hubris:SlimyHat":6,"ClockworkSouvenir":81,"Replay:Rubber Ducky":95,"Nunchaku":61,"Replay:Bandana":62,"hubris:Icosahedron":26,"Matryoshka":28,"WingedGreaves":13,"Red Mask":65,"Replay:Antivirus Software":44,"Cracked Core":0,"hubris:GlazedTorus":44,"Gremlin Food":53,"Inserter":17,"ReplayTheSpireMod:Ninjato":78,"hubris:64BitClover":32,"Golden Idol":50,"Circlet":79,"PreservedInsect":77,"hubris:MedicalManual":82,"Geode":83,"hubris:Towel":19,"Orichalcum":35,"Mercury Hourglass":6,"Nuclear Battery":30,"Anchor":67,"Ornamental Fan":67,"Garlic":82,"Bag of Marbles":91,"ReplayTheSpireMod:Lightbulb":28,"hubris:OldNail":28},{"hubris:BallOfYels":267,"Tiny House":150,"energizedSpire:UnstableMolecules":267,"CeramicFish":286,"Vajra":209,"Whetstone":177,"hubris:MysteriousPyramids":137,"Boot":244,"FrozenCore":44,"Blood Vial":225,"Lizard Tail":137,"Centennial Puzzle":279,"Replay:Frozen Program":88,"HornCleat":227,"infinitespire:Golems Mask":124,"MealTicket":248,"HandDrill":82,"Replay:Wax Seal":132,"hubris:TinFlute":62,"Replay:Bottled Steam":284,"hubris:MobiusCoin":161,"Girya":202,"Pear":106,"hubris:SoftwareUpdate":242,"Oddly Smooth Stone":191,"hubris:SphereOfDissonance":276,"Eternal Feather":20,"hubris:HollowSoul":173,"Ring of Chaos":225,"Pen Nib":267,"infinitespire:Beetle Shell":269,"infinitespire:EvilPickle":173,"Bottled Flame":161,"Replay:Baseball":290,"infinitespire:Lychee Nut":257,"Nloth\u0027s Gift":48,"Black Star":208,"hubris:ToyBattleship":214,"hubris:TenFootPole":265,"Symbiotic Virus":100,"Unceasing Top":214,"infinitespire:PuzzleCube":257,"energizedSpire:OldTV":265,"ReplayFunnel":289,"Carrot":209,"Regal Pillow":285,"Blue Doll":274,"hubris:SlimyHat":24,"ClockworkSouvenir":273,"Replay:Rubber Ducky":290,"Nunchaku":233,"Replay:Bandana":235,"hubris:Icosahedron":130,"Matryoshka":137,"WingedGreaves":58,"Red Mask":239,"Replay:Antivirus Software":191,"Cracked Core":0,"hubris:GlazedTorus":191,"Gremlin Food":216,"Inserter":78,"ReplayTheSpireMod:Ninjato":269,"hubris:64BitClover":150,"Golden Idol":210,"Circlet":270,"PreservedInsect":268,"hubris:MedicalManual":274,"Geode":275,"hubris:Towel":88,"Orichalcum":161,"Mercury Hourglass":24,"Nuclear Battery":145,"Anchor":244,"Ornamental Fan":244,"Garlic":274,"Bag of Marbles":285,"ReplayTheSpireMod:Lightbulb":137,"hubris:OldNail":137}],"Unceasing Top":[10]},"card_choices":[{"not_picked":["Coolheaded","Hologram","Compile Driver"],"picked":"SKIP","floor":1},{"not_picked":["Conserve Battery","Coolheaded"],"picked":"Gash","floor":2},{"not_picked":["Coolheaded","Barrage","hubris:DoWhile"],"picked":"SKIP","floor":4},{"not_picked":["Rebound","ReplayTheSpireMod:Repulse","Turbo"],"picked":"SKIP","floor":8},{"not_picked":["Turbo","Sweeping Beam","Melter"],"picked":"SKIP","floor":13},{"not_picked":["Electrodynamics","Seek"],"picked":"Echo Form","floor":16},{"not_picked":["Beam Cell","Loop+1","ReplayTheSpireMod:Calculation Training"],"picked":"SKIP","floor":18},{"not_picked":["Panic Button","Undo","Compile Driver"],"picked":"SKIP","floor":19},{"not_picked":["Ball Lightning","Panic Button"],"picked":"FTL","floor":21},{"not_picked":["Sweeping Beam","Biased Cognition"],"picked":"ReplayGash","floor":22},{"not_picked":["Rebound+1","Skim","Streamline"],"picked":"SKIP","floor":25},{"not_picked":["ReplayTheSpireMod:Fabricate Wheel","FIFO Queue"],"picked":"Gash+1","floor":27},{"not_picked":["Aggregate","Auto Shields","hubris:Ukulele"],"picked":"SKIP","floor":28},{"not_picked":["Crystallizer+1","BasicCrystalCard"],"picked":"Go for the Eyes","floor":31},{"not_picked":["Biased Cognition","Echo Form"],"picked":"All For One","floor":33},{"not_picked":["Double Energy","Self Repair+1","Turbo"],"picked":"SKIP","floor":35},{"not_picked":["Barrage+1","Darkness","Storm"],"picked":"SKIP","floor":37},{"not_picked":["White Noise","Genetic Algorithm+1"],"picked":"Conserve Battery","floor":38},{"not_picked":["Barrage","Streamline"],"picked":"Stack","floor":39},{"not_picked":["Cold Snap","Rebound+1"],"picked":"Gash+1","floor":40},{"not_picked":["ReplayGash","Sunder+1","Barrage"],"picked":"SKIP","floor":44},{"not_picked":["Rebound+1","Cold Snap"],"picked":"Leap+1","floor":45},{"not_picked":["Chill+1","Streamline","Steam Power+1"],"picked":"SKIP","floor":48},{"not_picked":["Chill+1","Streamline","Steam Power+1"],"picked":"SKIP","floor":48},{"not_picked":["Steam","Streamline","Loop"],"picked":"SKIP","floor":52},{"not_picked":["hubris:Ukulele","Time Bomb","Sweeping Beam"],"picked":"SKIP","floor":54},{"not_picked":["hubris:SpecializedCircuitry","Streamline","Sunder"],"picked":"SKIP","floor":56},{"not_picked":["Hello World","Panic Button"],"picked":"Leap","floor":57},{"not_picked":["ReplayTheSpireMod:System Scan","BasicCrystalCard","FIFO Queue"],"picked":"SKIP","floor":58},{"not_picked":["Steam","Glacier","Hyperbeam"],"picked":"SKIP","floor":63},{"not_picked":["Steam","Barrage"],"picked":"Gash","floor":64},{"not_picked":["Compile Driver","Consume","Recycle"],"picked":"SKIP","floor":65},{"not_picked":["Darkness","Blizzard"],"picked":"Rebound+1","floor":69},{"not_picked":["ReplayTheSpireMod:System Scan+1","ReplaySolidLightProjector","Turbo+1"],"picked":"SKIP","floor":71},{"not_picked":["Ball Lightning","Turbo","Cold Snap"],"picked":"SKIP","floor":72},{"not_picked":["Conserve Battery","BasicCrystalCard+1"],"picked":"Leap","floor":75},{"not_picked":["Compile Driver","Crystallizer+1","Sweeping Beam"],"picked":"SKIP","floor":76},{"not_picked":["ReplayTheSpireMod:Repulse","Hologram","Go for the Eyes"],"picked":"SKIP","floor":79},{"not_picked":["ReplaySort+1","Redo","Sweeping Beam+1"],"picked":"SKIP","floor":81},{"not_picked":["Heatsinks","Coolheaded+1","Rebound"],"picked":"SKIP","floor":86},{"not_picked":["Streamline+1","Panic Button","Steam Power+1"],"picked":"SKIP","floor":92},{"not_picked":["ReplaySort+1","White Noise","BasicCrystalCard+1"],"picked":"SKIP","floor":93},{"not_picked":["Cold Snap","Barrage","Gash"],"picked":"SKIP","floor":95},{"not_picked":["Stack","Turbo","Conserve Battery+1"],"picked":"SKIP","floor":96},{"not_picked":["Ball Lightning","ReplayTheSpireMod:Calculation Training","Steam"],"picked":"SKIP","floor":98},{"not_picked":["ReplayTheSpireMod:GoodbyeWorld+1","Consume+1","Hologram"],"picked":"SKIP","floor":99},{"not_picked":["Cold Snap","Panic Button","Loop"],"picked":"SKIP","floor":103},{"not_picked":["Gash","Streamline","BasicCrystalCard"],"picked":"SKIP","floor":105},{"not_picked":["Turbo","Barrage","Scrape"],"picked":"SKIP","floor":110},{"not_picked":["Panic Button","Sweeping Beam","Hologram"],"picked":"SKIP","floor":112},{"not_picked":["Conserve Battery","Go for the Eyes","Sweeping Beam"],"picked":"SKIP","floor":114},{"not_picked":["BasicCrystalCard","Coolheaded"],"picked":"Leap+1","floor":120},{"not_picked":["Redo","hubris:DoWhile","Conserve Battery"],"picked":"SKIP","floor":122},{"not_picked":["Barrage","Beam Cell","Turbo+1"],"picked":"SKIP","floor":126},{"not_picked":["BasicCrystalCard","ReplaySolidLightProjector+1","Coolheaded+1"],"picked":"SKIP","floor":127},{"not_picked":["BasicCrystalCard","Beam Cell","Conserve Battery"],"picked":"SKIP","floor":133},{"not_picked":["Beam Cell+1","Sweeping Beam+1","Undo"],"picked":"SKIP","floor":137},{"not_picked":["ReplaySolidLightProjector+1","Steam+1","ReplayTheSpireMod:GoodbyeWorld+1"],"picked":"SKIP","floor":140},{"not_picked":["Chill+1","Self Repair+1","Genetic Algorithm+1"],"picked":"SKIP","floor":141},{"not_picked":["Buffer","Conserve Battery","FTL"],"picked":"SKIP","floor":142},{"not_picked":["Fusion","Redo+1","Buffer"],"picked":"SKIP","floor":144},{"not_picked":["Panic Button+1","Chill","Stack+1"],"picked":"SKIP","floor":148},{"not_picked":["FIFO Queue","Redo","Tempest+1"],"picked":"SKIP","floor":150},{"not_picked":["Streamline+1","Steam","Coolheaded"],"picked":"SKIP","floor":156}],"player_experience":2570251,"relics_obtained":[{"floor":8,"key":"hubris:MysteriousPyramids"},{"floor":9,"key":"hubris:OldNail"},{"floor":25,"key":"Bottled Flame"},{"floor":26,"key":"Orichalcum"},{"floor":26,"key":"hubris:MobiusCoin"},{"floor":35,"key":"Whetstone"},{"floor":40,"key":"hubris:GlazedTorus"},{"floor":43,"key":"Replay:Antivirus Software"},{"floor":43,"key":"Oddly Smooth Stone"},{"floor":45,"key":"Girya"},{"floor":52,"key":"Carrot"},{"floor":57,"key":"Unceasing Top"},{"floor":57,"key":"hubris:ToyBattleship"},{"floor":60,"key":"Gremlin Food"},{"floor":67,"key":"Blood Vial"},{"floor":75,"key":"Nunchaku"},{"floor":75,"key":"hubris:SlimyHat"},{"floor":77,"key":"Mercury Hourglass"},{"floor":82,"key":"Red Mask"},{"floor":84,"key":"hubris:SoftwareUpdate"},{"floor":89,"key":"Boot"},{"floor":94,"key":"MealTicket"},{"floor":96,"key":"infinitespire:Lychee Nut"},{"floor":96,"key":"infinitespire:PuzzleCube"},{"floor":101,"key":"hubris:TenFootPole"},{"floor":111,"key":"PreservedInsect"},{"floor":112,"key":"ReplayTheSpireMod:Ninjato"},{"floor":112,"key":"infinitespire:Beetle Shell"},{"floor":122,"key":"Garlic"},{"floor":126,"key":"Geode"},{"floor":128,"key":"hubris:SphereOfDissonance"},{"floor":142,"key":"Replay:Bottled Steam"},{"floor":145,"key":"Bag of Marbles"},{"floor":148,"key":"WingedGreaves"},{"floor":148,"key":"CeramicFish"},{"floor":156,"key":"Replay:Baseball"},{"floor":156,"key":"Replay:Rubber Ducky"}],"event_choices":[{"damage_healed":0,"gold_gain":78,"player_choice":"Gained Gold","damage_taken":0,"max_hp_gain":0,"max_hp_loss":0,"event_name":"Golden Wing","floor":10,"gold_loss":0},{"damage_healed":0,"gold_gain":0,"player_choice":"Ignored","damage_taken":262,"max_hp_gain":0,"max_hp_loss":0,"event_name":"betterThird:BetterSerpent","floor":14,"gold_loss":0},{"damage_healed":0,"gold_gain":0,"player_choice":"Forge","damage_taken":0,"max_hp_gain":0,"max_hp_loss":0,"event_name":"Accursed Blacksmith","floor":24,"gold_loss":0,"cards_upgraded":["infinitespire:Fortify"]},{"damage_healed":0,"gold_gain":0,"player_choice":"Fight","damage_taken":0,"max_hp_gain":0,"max_hp_loss":0,"event_name":"MindBloom","floor":40,"gold_loss":0},{"damage_healed":0,"gold_gain":0,"player_choice":"Punched","damage_taken":3,"max_hp_gain":0,"max_hp_loss":0,"event_name":"Designer","floor":42,"gold_loss":0},{"damage_healed":0,"gold_gain":0,"player_choice":"Take Damage","damage_taken":20,"relics_obtained":["Golden Idol"],"max_hp_gain":0,"max_hp_loss":0,"event_name":"Golden Idol","floor":55,"gold_loss":0},{"cards_removed":["Defend_B"],"damage_healed":0,"gold_gain":0,"player_choice":"Purged","damage_taken":0,"max_hp_gain":0,"max_hp_loss":0,"event_name":"Purifier","floor":73,"gold_loss":0},{"damage_healed":0,"gold_gain":0,"player_choice":"Fought Bandits","damage_taken":0,"max_hp_gain":0,"max_hp_loss":0,"event_name":"Masked Bandits","floor":82,"gold_loss":0},{"damage_healed":0,"gold_gain":0,"player_choice":"Ignored","damage_taken":0,"max_hp_gain":0,"max_hp_loss":0,"event_name":"Duplicator","floor":87,"gold_loss":0},{"damage_healed":0,"gold_gain":0,"player_choice":"Bought 0 Potions","damage_taken":0,"max_hp_gain":0,"max_hp_loss":0,"event_name":"The Woman in Blue","floor":106,"gold_loss":0},{"damage_healed":0,"gold_gain":0,"player_choice":"Take Damage","damage_taken":15,"relics_obtained":["Circlet"],"max_hp_gain":0,"max_hp_loss":0,"event_name":"Golden Idol","floor":116,"gold_loss":0},{"damage_healed":0,"gold_gain":0,"player_choice":"Ignored","damage_taken":0,"max_hp_gain":0,"max_hp_loss":0,"event_name":"Beggar","floor":123,"gold_loss":0},{"damage_healed":0,"gold_gain":0,"player_choice":"Ignored","damage_taken":0,"max_hp_gain":0,"max_hp_loss":0,"event_name":"Ghosts","floor":131,"gold_loss":0},{"damage_healed":0,"gold_gain":0,"player_choice":"Simplicity","damage_taken":0,"max_hp_gain":0,"max_hp_loss":0,"event_name":"betterThird:BetterWriting","floor":132,"gold_loss":0},{"damage_healed":0,"gold_gain":100,"player_choice":"Pray","damage_taken":0,"max_hp_gain":0,"max_hp_loss":0,"event_name":"Golden Shrine","floor":139,"gold_loss":0},{"damage_healed":0,"gold_gain":0,"player_choice":"Max HP","damage_taken":0,"max_hp_gain":0,"max_hp_loss":3,"event_name":"Winding Halls","floor":146,"gold_loss":0}],"is_beta":false,"boss_relics":[{"not_picked":["energizedSpire:OgreHead","Pandora\u0027s Box"],"picked":"Nuclear Battery"},{"not_picked":["Inserter","Replay:Ancient Bell"],"picked":"hubris:HollowSoul"},{"not_picked":["energizedSpire:RedRose","Replay:Bronze Core"],"picked":"Black Star"},{"not_picked":["Replay:Ancient Bell","ReplayTheSpireMod:SealedPack"],"picked":"Ring of Chaos"},{"not_picked":["infinitespire:Cupcake","energizedSpire:NeverEndingSparkler","Replay:Drink Me"]},{"not_picked":["Philosopher\u0027s Stone","Kintsugi"],"picked":"energizedSpire:OldTV"},{"not_picked":["Painkiller Herb","Empty Cage","ReplayTheSpireMod:DimensionalGlitch"]},{"not_picked":["energizedSpire:StickyHand","ReplayTheSpireMod:SealedPack","Philosopher\u0027s Stone"]},{"not_picked":["energizedSpire:MagnifyingGlass","Velvet Choker","Fusion Hammer"]}],"items_purged_floors":[7,11,12,20,30,36,47,53,62,78,88],"is_endless":true,"potions_floor_spawned":[2,8,16,18,25,31,33,35,37,38,44,48,54,56,63,64,67,71,72,75,76,79,86,92,98,101,118,120,122,127,133,140,141,144,150,156],"ascension_level":0}}