{"host":"g3js2eermvvpeiqn","time":1607857599,"event":{"mods":["BaseMod","DeckTracker","Downfall","Minty Spire (QoL Compilation)","Quick Restart","StSLib"],"gold_per_floor":[367,250,250,267,81,81,113,288,312,312,371,371,396,406,406,406,406],"floor_reached":16,"playtime":427,"items_purged":["Strike_P"],"score":116,"play_id":"f46b516e-e1fb-479d-90e6-8a733ef29fef","local_time":"20201213050639","is_ascension_mode":true,"campfire_choices":[{"data":"Eruption","floor":6.0,"key":"SMITH"},{"data":"Adaptation","floor":10.0,"key":"SMITH"},{"floor":15.0,"key":"REST"}],"circlet_count":0,"master_deck":["Strike_P","Strike_P","Strike_P","Defend_P","Defend_P","Defend_P","Defend_P","Eruption+1","Vigilance","EmptyFist","WheelKick","Adaptation+1","Worship","Vengeance","EmptyMind","Pray"],"relics":["PureWater","Bag of Marbles","White Beast Statue","Boot","Spirit Poop","InkBottle"],"acts_visited":["Exordium"],"potions_floor_usage":[16,16,16],"damage_taken":[{"damage":7.0,"enemies":"Cultist","floor":1.0,"turns":3.0},{"damage":0.0,"enemies":"2 Louse","floor":4.0,"turns":2.0},{"damage":23.0,"enemies":"Lagavulin","floor":7.0,"turns":5.0},{"damage":12.0,"enemies":"Gremlin Nob","floor":13.0,"turns":3.0},{"damage":0.0,"enemies":"Small Slimes","floor":14.0,"turns":2.0},{"damage":22,"enemies":"The Guardian","floor":16,"turns":6}],"seed_played":"-8511481602460628714","potions_obtained":[{"floor":4.0,"key":"ColorlessPotion"},{"floor":7.0,"key":"Fire Potion"}],"is_trial":false,"path_per_floor":["M","$","?","M","$","R","E","?","T","R","?","?","E","M","R","B"],"character_chosen":"WATCHER","items_purchased":["WheelKick","BottledMiracle","Worship","Vengeance"],"campfire_rested":1,"item_purchase_floors":[2,2,5,5],"current_hp_per_floor":[58,58,55,55,55,55,32,32,32,32,32,32,20,20,39,17,17],"gold":406,"neow_bonus":"TWO_FIFTY_GOLD","is_daily":false,"chose_seed":false,"campfire_upgraded":2,"win_rate":0.0,"timestamp":1607857599,"path_taken":["M","$","?","M","$","R","E","?","T","R","?","?","E","M","R","BOSS"],"items_purchased_type":["Card","Potion","Card","Card"],"build_version":"2020-11-30","purchased_purges":1,"victory":false,"max_hp_per_floor":[65,65,65,65,65,65,65,65,65,65,65,65,65,65,65,65,65],"card_choices":[{"not_picked":["FlyingSleeves","JustLucky"],"picked":"EmptyFist","floor":1.0},{"not_picked":["Wallop","Conclude"],"picked":"Adaptation","floor":4.0},{"not_picked":["WreathOfFlame","Establishment"],"picked":"EmptyMind","floor":7.0},{"not_picked":["Study","Adaptation","DeceiveReality"],"picked":"SKIP","floor":13.0},{"not_picked":["FlyingSleeves","Protect"],"picked":"Pray","floor":14.0}],"player_experience":1446616,"relics_obtained":[{"floor":7.0,"key":"White Beast Statue"},{"floor":9.0,"key":"Boot"},{"floor":13.0,"key":"InkBottle"}],"event_choices":[{"damage_healed":0.0,"max_hp_gain":0.0,"max_hp_loss":0.0,"gold_gain":0.0,"event_name":"Scrap Ooze","player_choice":"Success","floor":3.0,"gold_loss":0.0,"damage_taken":3.0,"relics_obtained":["Bag of Marbles"]},{"damage_healed":0.0,"max_hp_gain":0.0,"max_hp_loss":0.0,"gold_gain":175.0,"event_name":"Liars Game","player_choice":"AGREE","floor":8.0,"gold_loss":0.0,"damage_taken":0.0,"cards_obtained":["Doubt"]},{"damage_healed":0.0,"max_hp_gain":0.0,"max_hp_loss":0.0,"gold_gain":59.0,"event_name":"Golden Wing","player_choice":"Gained Gold","floor":11.0,"gold_loss":0.0,"damage_taken":0.0},{"cards_removed":["Doubt"],"damage_healed":0.0,"max_hp_gain":0.0,"max_hp_loss":0.0,"gold_gain":0.0,"event_name":"Bonfire Elementals","player_choice":"Offered Curse","floor":12.0,"gold_loss":0.0,"damage_taken":0.0,"relics_obtained":["Spirit Poop"]}],"is_beta":false,"boss_relics":[],"items_purged_floors":[5],"is_endless":false,"potions_floor_spawned":[4,7,13,14],"killed_by":"The Guardian","ascension_level":2}}