{"host":"gkh5j5k5w4qf7k7n","time":1607827795,"event":{"mods":["2.2 Compatiblity","AchievementEnabler","BaseMod","Colored Map","Colored Powertips","GifTheSpireLib","Keyboard Shortcuts","Minty Spire (QoL Compilation)","Quick Restart","StSLib","SuperFastMode","The Construct","The Dragon Tamer","TheBandit","¡¼?Úª?ø«¡½REMEMod"],"gold_per_floor":[115,17,17,17,31,59,72,147,147,247,247,258,273,303,303,408,408,421,421,434,434,434],"floor_reached":21,"playtime":550,"items_purged":["construct:Strike_Gold"],"score":321,"play_id":"c8d53ba1-8733-486c-8060-e40b864faf81","local_time":"20201213114955","is_ascension_mode":true,"campfire_choices":[{"data":"construct:HardReboot+1","floor":11,"key":"SMITH"},{"data":"construct:Overcharge+1","floor":15,"key":"SMITH"}],"circlet_count":0,"master_deck":["AscendersBane","construct:Strike_Gold","construct:Strike_Gold","construct:Strike_Gold","construct:Strike_Gold","construct:Defend_Gold","construct:Defend_Gold","construct:Defend_Gold","construct:Defend_Gold","construct:AttackMode","construct:DefenseMode","construct:HardReboot+2","REME_TheLastStrike","construct:ScrapCannon","construct:Construct_Overclock","construct:Overcharge+2","Dramatic Entrance","construct:HardReboot+1"],"relics":["construct:ClockworkPhoenix","construct:Challenge1","REME_ComplimentaryCards","StrikeDummy","Nunchaku","Frozen Egg 2","Black Star"],"acts_visited":["Exordium","TheCity"],"potions_floor_usage":[12,16,16,20],"damage_taken":[{"damage":2,"enemies":"Jaw Worm","floor":1,"turns":3},{"damage":8,"enemies":"Small Slimes","floor":5,"turns":2},{"damage":35,"enemies":"3 Sentries","floor":6,"turns":7},{"damage":1,"enemies":"Cultist","floor":7,"turns":3},{"damage":0,"enemies":"2 Fungi Beasts","floor":12,"turns":2},{"damage":0,"enemies":"3 Louse","floor":13,"turns":1},{"damage":0,"enemies":"Gremlin Nob","floor":14,"turns":2},{"damage":10,"enemies":"Hexaghost","floor":16,"turns":4},{"damage":35,"enemies":"2 Thieves","floor":18,"turns":4},{"damage":12,"enemies":"Chosen","floor":20,"turns":2},{"damage":14,"enemies":"Snake Plant","floor":21,"turns":1}],"seed_played":"-4495946608099854862","potions_obtained":[{"floor":1,"key":"DuplicationPotion"},{"floor":7,"key":"Weak Potion"},{"floor":13,"key":"Ancient Potion"},{"floor":14,"key":"DistilledChaos"},{"floor":18,"key":"SkillPotion"}],"is_trial":false,"path_per_floor":["M","$","?","?","M","E","M","?","T","?","R","M","M","E","R","B",null,"M","?","M","M"],"character_chosen":"THE_CONSTRUCT_MOD","items_purchased":["construct:ScrapCannon"],"campfire_rested":0,"item_purchase_floors":[2],"current_hp_per_floor":[75,75,75,75,67,32,31,20,20,20,20,20,20,20,20,10,66,31,19,7,0,0],"gold":434,"neow_bonus":"THREE_CARDS","is_daily":false,"chose_seed":false,"campfire_upgraded":2,"win_rate":0.0,"timestamp":1607827795,"path_taken":["M","$","?","?","M","E","?","?","T","?","R","M","?","E","R","BOSS","M","?","M","M"],"items_purchased_type":["Card"],"build_version":"2020-11-30","purchased_purges":1,"victory":false,"max_hp_per_floor":[85,85,85,85,85,85,85,85,85,85,85,85,85,85,85,85,85,85,85,85,85,85],"card_choices":[{"not_picked":["construct:Antimatter","construct:SyphonStrike"],"picked":"construct:HardReboot","floor":0},{"not_picked":["construct:ModeShift","construct:ForceCore","construct:Analyze"],"picked":"SKIP","floor":1},{"not_picked":["construct:SweepLaser","construct:Reinforce","construct:Analyze"],"picked":"SKIP","floor":5},{"not_picked":["construct:PowerUp","construct:HeavyBolt","construct:Forcefield"],"picked":"SKIP","floor":6},{"not_picked":["construct:Anticipate","construct:Tumble","construct:ScrapCannon"],"picked":"SKIP","floor":7},{"not_picked":["construct:ClusterMines","construct:SuppressiveFire"],"picked":"construct:Construct_Overclock","floor":12},{"not_picked":["construct:ModeShift","construct:MemoryTap","construct:Construct_Overclock"],"picked":"SKIP","floor":13},{"not_picked":["construct:Reinforce","construct:FocusedBeam"],"picked":"construct:Overcharge+1","floor":14},{"not_picked":["construct:Versatility+1","construct:Anticipate","construct:FlammableFog"],"picked":"SKIP","floor":18},{"not_picked":["construct:ModeShift","construct:SyphonStrike"],"picked":"construct:HardReboot+1","floor":20}],"player_experience":925003,"relics_obtained":[{"floor":6,"key":"StrikeDummy"},{"floor":9,"key":"Nunchaku"},{"floor":14,"key":"Frozen Egg 2"}],"event_choices":[{"damage_healed":0,"gold_gain":0,"player_choice":"Grow","damage_taken":0,"max_hp_gain":0,"max_hp_loss":0,"event_name":"Living Wall","floor":3,"gold_loss":0,"cards_upgraded":["construct:HardReboot"]},{"cards_removed":["construct:Defend_Gold"],"damage_healed":0,"gold_gain":0,"player_choice":"Purged","damage_taken":0,"max_hp_gain":0,"max_hp_loss":0,"event_name":"Purifier","floor":4,"gold_loss":0},{"damage_healed":0,"gold_gain":75,"player_choice":"Gather Gold","damage_taken":11,"max_hp_gain":0,"max_hp_loss":0,"event_name":"World of Goop","floor":8,"gold_loss":0},{"damage_healed":0,"gold_gain":100,"player_choice":"Pray","damage_taken":0,"max_hp_gain":0,"max_hp_loss":0,"event_name":"Golden Shrine","floor":10,"gold_loss":0},{"damage_healed":0,"gold_gain":0,"player_choice":"CARD ","damage_taken":12,"max_hp_gain":0,"max_hp_loss":0,"event_name":"Knowing Skull","floor":19,"potions_obtained":[],"gold_loss":0,"cards_obtained":["Dramatic Entrance"]}],"is_beta":false,"boss_relics":[{"not_picked":["SacredBark","Philosopher\u0027s Stone"],"picked":"Black Star"}],"items_purged_floors":[2],"is_endless":false,"potions_floor_spawned":[1,7,13,14,18],"killed_by":"Snake Plant","ascension_level":10}}