{"host":"x0ovlu53kkkog8rv","time":1607837973,"event":{"mods":["BaseMod","Colored Map","Minty Spire (QoL Compilation)","Quick Restart","SuperFastMode"],"gold_per_floor":[114,131,156,168,190,202,214,242,254,278,290,313,107,119,119,218,218,231,241,156,168,168,168],"floor_reached":22,"playtime":1154,"items_purged":["Strike_P"],"score":214,"play_id":"982db38d-9e8c-4bf1-96f8-003655ad0f20","local_time":"20201213143933","is_ascension_mode":true,"campfire_choices":[{"data":"LikeWater","floor":6,"key":"SMITH"},{"floor":11,"key":"REST"},{"data":"InnerPeace","floor":15,"key":"SMITH"}],"circlet_count":0,"master_deck":["Strike_P","Strike_P","Strike_P+1","Defend_P","Defend_P","Defend_P","Defend_P","Eruption+1","Vigilance","ClearTheMind","Prostrate","LikeWater+1","ClearTheMind","Study","TalkToTheHand","InnerPeace+1","ClearTheMind","ClearTheMind+1","Prostrate"],"relics":["PureWater","Whetstone","MawBank","HornCleat","PreservedInsect","Eternal Feather"],"acts_visited":["Exordium","TheCity"],"potions_floor_usage":[8,16,16,18,21],"damage_taken":[{"damage":2,"enemies":"Cultist","floor":1,"turns":3},{"damage":17,"enemies":"Jaw Worm","floor":2,"turns":2},{"damage":3,"enemies":"Small Slimes","floor":5,"turns":4},{"damage":1,"enemies":"Looter","floor":8,"turns":4},{"damage":9,"enemies":"3 Louse","floor":10,"turns":5},{"damage":1,"enemies":"2 Fungi Beasts","floor":12,"turns":3},{"damage":2,"enemies":"Looter","floor":14,"turns":4},{"damage":2,"enemies":"The Guardian","floor":16,"turns":14},{"damage":9,"enemies":"Shell Parasite","floor":18,"turns":9},{"damage":46,"enemies":"2 Thieves","floor":19,"turns":5},{"damage":21,"enemies":"Snake Plant","floor":21,"turns":5},{"damage":3,"enemies":"3 Cultists","floor":22,"turns":3}],"seed_played":"-6542700573067661118","potions_obtained":[{"floor":2,"key":"BlessingOfTheForge"},{"floor":10,"key":"SpeedPotion"},{"floor":12,"key":"BottledMiracle"},{"floor":16,"key":"Block Potion"},{"floor":19,"key":"Explosive Potion"}],"is_trial":false,"path_per_floor":["M","M","T","?","M","R","?","M","T","M","R","M","$","M","R","B",null,"M","M","?","M","M"],"character_chosen":"WATCHER","items_purchased":["PreservedInsect"],"campfire_rested":1,"item_purchase_floors":[13],"current_hp_per_floor":[70,53,53,58,55,55,55,54,54,45,68,67,67,65,65,63,77,68,22,22,1,0,0],"gold":168,"neow_bonus":"RANDOM_COMMON_RELIC","is_daily":false,"chose_seed":false,"campfire_upgraded":2,"win_rate":0.0,"timestamp":1607837973,"path_taken":["M","M","?","?","M","R","?","M","T","?","R","M","$","M","R","BOSS","M","M","?","M","M"],"items_purchased_type":["Relic"],"build_version":"2020-11-30","purchased_purges":1,"victory":false,"max_hp_per_floor":[72,72,72,77,77,77,77,77,77,77,77,77,77,77,77,77,77,77,77,77,77,77,77],"card_choices":[{"not_picked":["FlyingSleeves","Protect"],"picked":"ClearTheMind","floor":1},{"not_picked":["Perseverance","FlyingSleeves"],"picked":"Prostrate","floor":2},{"not_picked":["BowlingBash","Protect"],"picked":"LikeWater","floor":5},{"not_picked":["Halt","Nirvana"],"picked":"ClearTheMind","floor":8},{"not_picked":["ReachHeaven","Brilliance"],"picked":"Study","floor":10},{"not_picked":["Prostrate","EmptyFist"],"picked":"TalkToTheHand","floor":12},{"not_picked":["Fasting2","Halt"],"picked":"InnerPeace","floor":14},{"not_picked":["BowlingBash+1","Evaluate+1"],"picked":"ClearTheMind","floor":18},{"not_picked":["CrushJoints","SashWhip"],"picked":"ClearTheMind+1","floor":19},{"not_picked":["ClearTheMind+1","FlyingSleeves"],"picked":"Prostrate","floor":21}],"player_experience":197108,"relics_obtained":[{"floor":3,"key":"MawBank"},{"floor":9,"key":"HornCleat"}],"event_choices":[{"damage_healed":0,"gold_gain":0,"player_choice":"Donut","damage_taken":0,"max_hp_gain":5,"max_hp_loss":0,"event_name":"Big Fish","floor":4,"gold_loss":0},{"damage_healed":0,"gold_gain":0,"player_choice":"Bought 0 Potions","damage_taken":0,"max_hp_gain":0,"max_hp_loss":0,"event_name":"The Woman in Blue","floor":7,"gold_loss":0},{"damage_healed":0,"gold_gain":0,"player_choice":"Obtained Relic","damage_taken":0,"relics_obtained":["Eternal Feather"],"max_hp_gain":0,"max_hp_loss":0,"event_name":"Addict","floor":20,"gold_loss":85}],"is_beta":false,"boss_relics":[{"not_picked":["Ectoplasm","Coffee Dripper","Snecko Eye"]}],"items_purged_floors":[13],"is_endless":false,"potions_floor_spawned":[2,10,12,16,19],"killed_by":"3 Cultists","ascension_level":1}}