{"host":"7g4k6gexjz765cnk","time":1607889096,"event":{"mods":["BaseMod","Colored Map","Minty Spire (QoL Compilation)","Shop Mod"],"gold_per_floor":[116,116,116,116,116,147,167,167,167,117,42,69,69,100,100,196,196,212,212,311,131,131,148,148,148],"floor_reached":24,"playtime":900,"items_purged":["Strike_G","Defend_G"],"score":259,"play_id":"4221f50b-9a3a-4583-95bd-043296ef87c3","local_time":"20201213205136","is_ascension_mode":true,"campfire_choices":[{"data":"Deadly Poison","floor":8,"key":"SMITH"},{"data":"Envenom","floor":15,"key":"SMITH"}],"circlet_count":0,"master_deck":["Strike_G","Strike_G+1","Defend_G","Defend_G+1","Defend_G","Survivor","Neutralize","Deadly Poison+1","Bane","Backflip","Envenom+1","Footwork","Bouncing Flask"],"relics":["Ring of the Snake","NeowsBlessing","Ornamental Fan","Paper Crane","Thread and Needle","Matryoshka","Runic Pyramid","Enchiridion"],"acts_visited":["Exordium","TheCity"],"potions_floor_usage":[12,15,16,23,24],"damage_taken":[{"damage":0,"enemies":"Small Slimes","floor":1,"turns":1},{"damage":0,"enemies":"Jaw Worm","floor":3,"turns":1},{"damage":0,"enemies":"3 Sentries","floor":6,"turns":1},{"damage":0,"enemies":"Cultist","floor":7,"turns":3},{"damage":20,"enemies":"Gremlin Nob","floor":12,"turns":4},{"damage":9,"enemies":"3 Sentries","floor":14,"turns":10},{"damage":2,"enemies":"The Guardian","floor":16,"turns":8},{"damage":0,"enemies":"Chosen","floor":18,"turns":4},{"damage":10,"enemies":"2 Thieves","floor":23,"turns":3},{"damage":40,"enemies":"Gremlin Leader","floor":24,"turns":7}],"seed_played":"-3976886356551382664","potions_obtained":[{"floor":1,"key":"LiquidBronze"},{"floor":14,"key":"EntropicBrew"},{"floor":16,"key":"LiquidBronze"},{"floor":18,"key":"PowerPotion"}],"is_trial":false,"path_per_floor":["M","?","M","?","?","E","M","R","T","?","$","E","?","E","R","B",null,"M","?","?","$","?","M","E"],"character_chosen":"THE_SILENT","items_purchased":["Footwork"],"campfire_rested":0,"item_purchase_floors":[21],"current_hp_per_floor":[70,56,56,70,70,70,70,70,70,70,70,50,50,41,41,39,70,70,70,70,70,54,44,4,4],"gold":148,"neow_bonus":"THREE_ENEMY_KILL","is_daily":false,"chose_seed":false,"campfire_upgraded":2,"win_rate":0.0,"timestamp":1607889096,"path_taken":["M","?","M","?","?","E","?","R","T","?","$","E","?","E","R","BOSS","M","?","?","$","?","M","E"],"items_purchased_type":["Card"],"build_version":"2020-11-30","purchased_purges":2,"victory":false,"max_hp_per_floor":[70,70,70,70,70,70,70,70,70,70,70,70,70,70,70,70,70,70,70,70,70,70,70,70,70],"card_choices":[{"not_picked":["Infinite Blades","Cloak And Dagger"],"picked":"Deadly Poison","floor":1},{"not_picked":["Cloak And Dagger","Distraction","Setup"],"picked":"SKIP","floor":3},{"not_picked":["Blur","Cloak And Dagger"],"picked":"Bane","floor":6},{"not_picked":["Cloak And Dagger","PiercingWail"],"picked":"Backflip","floor":7},{"not_picked":["Tactician","Choke","Finisher"],"picked":"SKIP","floor":12},{"not_picked":["Sucker Punch","Reflex"],"picked":"Envenom","floor":14},{"not_picked":["Skewer","Quick Slash","Eviscerate"],"picked":"SKIP","floor":18},{"not_picked":["Cloak And Dagger","Flechettes"],"picked":"Bouncing Flask","floor":23}],"player_experience":354060,"relics_obtained":[{"floor":6,"key":"Ornamental Fan"},{"floor":9,"key":"Paper Crane"},{"floor":12,"key":"Thread and Needle"},{"floor":14,"key":"Matryoshka"},{"floor":22,"key":"Enchiridion"}],"event_choices":[{"damage_healed":0,"gold_gain":0,"player_choice":"Entered Light","damage_taken":14,"max_hp_gain":0,"max_hp_loss":0,"event_name":"Shining Light","floor":2,"gold_loss":0,"cards_upgraded":["Strike_G","Defend_G"]},{"damage_healed":23,"gold_gain":0,"player_choice":"Banana","damage_taken":0,"max_hp_gain":0,"max_hp_loss":0,"event_name":"Big Fish","floor":4,"gold_loss":0},{"cards_removed":["Strike_B"],"damage_healed":0,"gold_gain":0,"player_choice":"Took Card","damage_taken":0,"max_hp_gain":0,"max_hp_loss":0,"event_name":"NoteForYourself","floor":5,"gold_loss":0,"cards_obtained":["Strike_B"]},{"cards_removed":["Strike_G"],"damage_healed":0,"gold_gain":0,"player_choice":"Card Removal","damage_taken":0,"max_hp_gain":0,"max_hp_loss":0,"event_name":"The Cleric","floor":10,"gold_loss":50},{"cards_removed":["Strike_G"],"damage_healed":0,"gold_gain":0,"player_choice":"Forget","damage_taken":0,"max_hp_gain":0,"max_hp_loss":0,"event_name":"Living Wall","floor":13,"gold_loss":0},{"cards_removed":["Defend_G"],"damage_healed":0,"gold_gain":0,"player_choice":"Elegance","damage_taken":0,"max_hp_gain":0,"max_hp_loss":0,"event_name":"Back to Basics","floor":19,"gold_loss":0},{"damage_healed":0,"gold_gain":99,"player_choice":"Stole From Cult","damage_taken":0,"max_hp_gain":0,"max_hp_loss":0,"event_name":"Nest","floor":20,"gold_loss":0},{"damage_healed":0,"gold_gain":0,"player_choice":"Obtained Book","damage_taken":16,"max_hp_gain":0,"max_hp_loss":0,"event_name":"Cursed Tome","floor":22,"gold_loss":0}],"is_beta":false,"boss_relics":[{"not_picked":["Snecko Eye","Busted Crown"],"picked":"Runic Pyramid"}],"items_purged_floors":[11,21],"is_endless":false,"potions_floor_spawned":[1,14,16,18],"killed_by":"Gremlin Leader","ascension_level":2}}