{"host":"6ko66ogg91i6g7xq","time":1607847471,"event":{"mods":["AchievementEnabler","Act Like it!","BaseMod","Colored Map","Colored Powertips","Downfall","Hermit","Minty Spire (QoL Compilation)","Quick Restart","Relic Stats","StSLib","The Jungle","everything is the same but u backflip on backflip"],"gold_per_floor":[112,112,61,61,61,61,61,101,101,142,172,172,347,368,368,494,494,494,494],"floor_reached":18,"playtime":992,"items_purged":[],"score":235,"play_id":"f91aa962-62e3-48da-be9d-8f8a3d7ce101","local_time":"20201213031751","is_ascension_mode":true,"campfire_choices":[{"floor":6.0,"key":"RECALL"},{"data":"Catalyst","floor":12.0,"key":"SMITH"},{"data":"Noxious Fumes","floor":15.0,"key":"SMITH"}],"circlet_count":0,"master_deck":["Strike_G","Strike_G","Strike_G","Strike_G","Strike_G","Defend_G","Defend_G","Defend_G","Defend_G","Defend_G","Survivor","Neutralize","Bouncing Flask","Deadly Poison","Regret","Catalyst+1","Noxious Fumes+1","Doubt","Adrenaline"],"relics":["Ring of the Snake","NeowsBlessing","Golden Idol","Potion Belt","Toy Ornithopter","Tough Bandages","Odd Mushroom","SlaversCollar"],"acts_visited":["Exordium","TheCity"],"potions_floor_usage":[],"damage_taken":[{"damage":0.0,"enemies":"Jaw Worm","floor":1.0,"turns":1.0},{"damage":0.0,"enemies":"3 Sentries","floor":8.0,"turns":1.0},{"damage":0.0,"enemies":"Lagavulin","floor":10.0,"turns":1.0},{"damage":19.0,"enemies":"The Mushroom Lair","floor":11.0,"turns":5.0},{"damage":0.0,"enemies":"2 Louse","floor":14.0,"turns":3.0},{"damage":27.0,"enemies":"The Guardian","floor":16.0,"turns":7.0},{"damage":0,"enemies":"2 Thieves","floor":18,"turns":1}],"seed_played":"-9010475897495188091","potions_obtained":[{"floor":1.0,"key":"FearPotion"},{"floor":10.0,"key":"BlessingOfTheForge"},{"floor":14.0,"key":"Ancient Potion"}],"is_trial":false,"path_per_floor":["M","?","$","?","$","R","?","E","T","E","?","R","?","M","R","B",null,"M"],"character_chosen":"THE_SILENT","items_purchased":["Deadly Poison"],"campfire_rested":0,"item_purchase_floors":[3],"current_hp_per_floor":[70,70,70,53,53,53,53,53,53,53,39,39,39,39,39,12,70,70,70],"gold":494,"neow_bonus":"THREE_ENEMY_KILL","is_daily":false,"chose_seed":false,"campfire_upgraded":2,"win_rate":0.0,"timestamp":1607847471,"path_taken":["M","?","$","?","$","R","?","E","T","E","?","R","?","?","R","BOSS","M"],"items_purchased_type":["Card"],"build_version":"2020-11-30","purchased_purges":0,"victory":false,"max_hp_per_floor":[70,70,70,70,70,70,70,70,70,70,70,70,70,70,70,70,70,70,70],"relic_stats":{"Tough Bandages":[15],"counters":[7,19],"Golden Idol":51,"obtain_stats":[{"Potion Belt":7,"SlaversCollar":17,"Tough Bandages":10,"NeowsBlessing":0,"Golden Idol":4,"Odd Mushroom":11,"Toy Ornithopter":8,"Ring of the Snake":0},{"Potion Belt":1,"SlaversCollar":6,"Tough Bandages":3,"NeowsBlessing":0,"Golden Idol":1,"Odd Mushroom":4,"Toy Ornithopter":2,"Ring of the Snake":0},{"Potion Belt":1,"SlaversCollar":18,"Tough Bandages":3,"NeowsBlessing":0,"Golden Idol":1,"Odd Mushroom":8,"Toy Ornithopter":2,"Ring of the Snake":0}],"Toy Ornithopter":5,"Ring of the Snake":[14]},"card_choices":[{"not_picked":["Calculated Gamble","Backstab"],"picked":"Bouncing Flask","floor":1.0},{"not_picked":["Expertise","Deadly Poison"],"picked":"Catalyst","floor":8.0},{"not_picked":["Outmaneuver","Underhanded Strike","Well Laid Plans"],"picked":"SKIP","floor":10.0},{"not_picked":["Prepared","Backflip"],"picked":"Noxious Fumes","floor":11.0},{"not_picked":["Concentrate","Outmaneuver","Dagger Throw"],"picked":"SKIP","floor":14.0},{"not_picked":["Envenom","Doppelganger"],"picked":"Adrenaline","floor":16.0}],"player_experience":264671,"relics_obtained":[{"floor":8.0,"key":"Toy Ornithopter"},{"floor":10.0,"key":"Tough Bandages"},{"floor":11.0,"key":"Odd Mushroom"}],"event_choices":[{"damage_healed":0.0,"max_hp_gain":0.0,"max_hp_loss":0.0,"gold_gain":0.0,"event_name":"The Cleric","player_choice":"Leave","floor":2.0,"gold_loss":0.0,"damage_taken":0.0},{"damage_healed":0.0,"max_hp_gain":0.0,"max_hp_loss":0.0,"gold_gain":0.0,"event_name":"Golden Idol","player_choice":"Take Damage","floor":4.0,"gold_loss":0.0,"damage_taken":17.0,"relics_obtained":["Golden Idol"]},{"damage_healed":0.0,"max_hp_gain":0.0,"max_hp_loss":0.0,"gold_gain":0.0,"event_name":"Big Fish","player_choice":"Box","floor":7.0,"gold_loss":0.0,"damage_taken":0.0,"relics_obtained":["Potion Belt"],"cards_obtained":["Regret"]},{"damage_healed":0.0,"max_hp_gain":0.0,"max_hp_loss":0.0,"gold_gain":0.0,"event_name":"Mushrooms","player_choice":"Fought Mushrooms","floor":11.0,"gold_loss":0.0,"damage_taken":0.0},{"damage_healed":0.0,"max_hp_gain":0.0,"max_hp_loss":0.0,"gold_gain":175.0,"event_name":"Liars Game","player_choice":"AGREE","floor":13.0,"gold_loss":0.0,"damage_taken":0.0,"cards_obtained":["Doubt"]}],"is_beta":false,"boss_relics":[{"not_picked":["Fusion Hammer","Velvet Choker"],"picked":"SlaversCollar"}],"items_purged_floors":[],"is_endless":false,"potions_floor_spawned":[1,10,14],"killed_by":"2 Thieves","ascension_level":2}}