{"host":"m7puq4mk16tgc6yn","time":1607847828,"event":{"mods":["AchievementEnabler","BaseMod","Colored Map","Colored Powertips","Minty Spire (QoL Compilation)","Relic Stats"],"gold_per_floor":[110,110,125,145,220,252,202,17,17,28,203,203,222,247,247,247,247],"floor_reached":16,"playtime":745,"items_purged":["Strike_R"],"score":127,"play_id":"67c238ea-890a-4d1c-93b8-34a9db3213b9","local_time":"20201213002348","is_ascension_mode":true,"campfire_choices":[{"data":"True Grit","floor":12,"key":"SMITH"},{"floor":15,"key":"REST"}],"circlet_count":0,"master_deck":["Strike_R","Strike_R","Strike_R","Defend_R","Defend_R","Defend_R","Defend_R","Bash+1","Iron Wave","True Grit+1","Battle Trance","Shockwave","Dark Embrace","Dropkick","Iron Wave","Pommel Strike","Rage"],"relics":["Burning Blood","Omamori","Unceasing Top","Gremlin Horn","Boot"],"acts_visited":["Exordium"],"potions_floor_usage":[16,16],"damage_taken":[{"damage":3,"enemies":"2 Louse","floor":1,"turns":4},{"damage":0,"enemies":"Small Slimes","floor":3,"turns":3},{"damage":5,"enemies":"Jaw Worm","floor":4,"turns":3},{"damage":33,"enemies":"3 Sentries","floor":6,"turns":12},{"damage":24,"enemies":"Exordium Wildlife","floor":10,"turns":6},{"damage":4,"enemies":"2 Fungi Beasts","floor":13,"turns":4},{"damage":25,"enemies":"Lagavulin","floor":14,"turns":9},{"damage":36,"enemies":"Hexaghost","floor":16,"turns":11}],"seed_played":"6502561455030762612","potions_obtained":[{"floor":1,"key":"LiquidBronze"},{"floor":3,"key":"FearPotion"},{"floor":4,"key":"FearPotion"},{"floor":13,"key":"Swift Potion"}],"is_trial":false,"path_per_floor":["M","?","M","M","?","E","?","$","T","M","?","R","M","E","R","B"],"character_chosen":"IRONCLAD","items_purchased":["Dark Embrace","Dropkick"],"campfire_rested":1,"item_purchase_floors":[8,8],"current_hp_per_floor":[80,80,80,80,69,42,42,42,42,24,24,24,26,7,31,0,0],"gold":247,"neow_bonus":"RANDOM_COMMON_RELIC","is_daily":false,"chose_seed":false,"campfire_upgraded":1,"win_rate":0.0,"timestamp":1607847828,"path_taken":["M","?","M","M","?","E","?","$","T","M","?","R","?","E","R","BOSS"],"items_purchased_type":["Card","Card"],"build_version":"2020-11-30","purchased_purges":1,"victory":false,"max_hp_per_floor":[80,80,80,80,80,80,80,80,80,80,80,80,80,80,80,80,80],"relic_stats":{"Gremlin Horn":[2,2],"counters":[8,52],"Boot":[0],"obtain_stats":[{"Gremlin Horn":9,"Omamori":0,"Boot":14,"Burning Blood":0,"Unceasing Top":6},{"Gremlin Horn":4,"Omamori":0,"Boot":7,"Burning Blood":0,"Unceasing Top":4},{"Gremlin Horn":22,"Omamori":0,"Boot":41,"Burning Blood":0,"Unceasing Top":22}],"Burning Blood":32,"Unceasing Top":[0]},"card_choices":[{"not_picked":["Dark Embrace","Wild Strike"],"picked":"Iron Wave","floor":1},{"not_picked":["Havoc","Second Wind"],"picked":"True Grit","floor":3},{"not_picked":["Entrench","Heavy Blade"],"picked":"Battle Trance","floor":4},{"not_picked":["Sever Soul","Anger"],"picked":"Shockwave","floor":6},{"not_picked":["Body Slam","Brutality"],"picked":"Iron Wave","floor":10},{"not_picked":["Anger","Cleave"],"picked":"Pommel Strike","floor":13},{"not_picked":["Limit Break","Infernal Blade"],"picked":"Rage","floor":14}],"player_experience":53476,"relics_obtained":[{"floor":6,"key":"Unceasing Top"},{"floor":9,"key":"Gremlin Horn"},{"floor":14,"key":"Boot"}],"event_choices":[{"damage_healed":0,"gold_gain":0,"player_choice":"Grow","damage_taken":0,"max_hp_gain":0,"max_hp_loss":0,"event_name":"Living Wall","floor":2,"gold_loss":0,"cards_upgraded":["Bash"]},{"damage_healed":0,"gold_gain":75,"player_choice":"Gather Gold","damage_taken":11,"max_hp_gain":0,"max_hp_loss":0,"event_name":"World of Goop","floor":5,"gold_loss":0},{"cards_removed":["Strike_R"],"damage_healed":0,"gold_gain":0,"player_choice":"Card Removal","damage_taken":0,"max_hp_gain":0,"max_hp_loss":0,"event_name":"The Cleric","floor":7,"gold_loss":50},{"damage_healed":0,"gold_gain":175,"player_choice":"AGREE","damage_taken":0,"max_hp_gain":0,"max_hp_loss":0,"event_name":"Liars Game","floor":11,"gold_loss":0,"cards_obtained":["Doubt"]}],"is_beta":false,"boss_relics":[],"items_purged_floors":[8],"is_endless":false,"potions_floor_spawned":[1,3,4,13],"killed_by":"Hexaghost","ascension_level":3}}