{"host":"4coy96o7l3fioe37","time":1607825147,"event":{"mods":["AchievementEnabler","Act Like it!","AlwaysNeverKeys","BaseMod","Better Altar","Better Match","Better Note","Better Sensory Stone","Better Skull","Better Third Choice","Better Vampires","BetterRewards","ChefMod","Colored Map","Disable Question Mark Monsters","Downfall","Minty Spire (QoL Compilation)","Rare Cards Sparkle","StSLib"],"gold_per_floor":[99,130,130,130,235,264,317,242,258,183,200,218,243,253,263,360,360,360,370,370,370,167,167,193,205,227,274,301,313,331,2,12,115,165,165,192,192,212,262,262,317,242,260,289,289,301,320,320,334,334],"floor_reached":51,"playtime":3343,"items_purged":[],"score":810,"play_id":"fe38d95a-e91d-4cdf-987e-5d07f6dab3dd","local_time":"20201213020547","is_ascension_mode":false,"campfire_choices":[{"data":"champ:Taunt","floor":1,"key":"SMITH"},{"data":"champ:StanceDance","floor":3,"key":"SMITH"},{"floor":8,"key":"RECALL"},{"floor":10,"key":"REST"},{"data":"champ:VampiricStrike","floor":18,"key":"SMITH"},{"data":"champ:Encircle","floor":25,"key":"SMITH"},{"data":"champ:BerserkerStyle","floor":35,"key":"SMITH"},{"data":"champ:AdrenalArmor","floor":37,"key":"SMITH"},{"data":"champ:SwordThrow","floor":40,"key":"SMITH"},{"data":"champ:CalledShot","floor":42,"key":"SMITH"}],"circlet_count":0,"master_deck":["champ:Strike","champ:Strike","champ:Strike","champ:Defend","champ:Defend","champ:Defend","champ:Defend","champ:Execute+1","champ:Taunt+1","champ:StanceDance+1","champ:AdrenalArmor+1","champ:Encircle+1","champ:RisingSlash","champ:SwordThrow+1","champ:VampiricStrike+1","champ:TornadoPunch+1","champ:CalledShot+1","champ:BerserkerStyle+1","champ:Circumvent+1","champ:HeartStrike","champ:VampiricStrike"],"relics":["champ:ChampionCrown","downfall:HeartsMalice","Ancient Tea Set","champ:DefensiveTrainingManual","Lizard Tail","downfall:HeartBlessingGreen","downfall:HeartBlessingRed","Odd Mushroom","Velvet Choker","Vajra","Nloth\u0027s Gift","Kunai","downfall:RedIOU","Ginger","Tiny House","Sundial","Mango","downfall:HeartBlessingBlue","Singing Bowl"],"acts_visited":["Exordium","TheCity","TheBeyond"],"potions_floor_usage":[16,33,38,39],"damage_taken":[{"damage":0,"enemies":"Lagavulin","floor":2,"turns":1},{"damage":0,"enemies":"Jaw Worm","floor":4,"turns":1},{"damage":0,"enemies":"3 Sentries","floor":6,"turns":1},{"damage":13,"enemies":"Cultist","floor":9,"turns":4},{"damage":6,"enemies":"Small Slimes","floor":11,"turns":3},{"damage":20,"enemies":"3 Louse","floor":12,"turns":4},{"damage":24,"enemies":"The Mushroom Lair","floor":13,"turns":4},{"damage":16,"enemies":"Exordium Wildlife","floor":14,"turns":6},{"damage":12,"enemies":"Blue Slaver","floor":15,"turns":2},{"damage":78,"enemies":"downfall:Defect","floor":16,"turns":7},{"damage":26,"enemies":"Spheric Guardian","floor":19,"turns":4},{"damage":12,"enemies":"downfall:FleeingMerchant","floor":22,"turns":4},{"damage":33,"enemies":"Shelled Parasite and Fungi","floor":26,"turns":3},{"damage":47,"enemies":"Book of Stabbing","floor":27,"turns":4},{"damage":27,"enemies":"Chosen and Byrds","floor":28,"turns":4},{"damage":44,"enemies":"Centurion and Healer","floor":30,"turns":5},{"damage":48,"enemies":"downfall:FleeingMerchant","floor":31,"turns":4},{"damage":58,"enemies":"3 Cultists","floor":32,"turns":5},{"damage":50,"enemies":"downfall:Watcher","floor":33,"turns":7},{"damage":72,"enemies":"Reptomancer","floor":36,"turns":6},{"damage":60,"enemies":"3 Darklings","floor":38,"turns":4},{"damage":86,"enemies":"2 Orb Walkers","floor":39,"turns":4},{"damage":31,"enemies":"Orb Walker","floor":43,"turns":2},{"damage":105,"enemies":"Nemesis","floor":44,"turns":5},{"damage":41,"enemies":"Sphere and 2 Shapes","floor":46,"turns":4},{"damage":58,"enemies":"Maw","floor":47,"turns":6},{"damage":40,"enemies":"Jaw Worm Horde","floor":49,"turns":4},{"damage":130,"enemies":"downfall:Silent","floor":50,"turns":5}],"seed_played":"-4325612818797457728","potions_obtained":[{"floor":6,"key":"champ:CounterPotion"},{"floor":11,"key":"SkillPotion"},{"floor":12,"key":"SkillPotion"},{"floor":15,"key":"hexamod:EctoCoolerPotion"},{"floor":16,"key":"Ancient Potion"},{"floor":20,"key":"champ:TechniquePotion"},{"floor":20,"key":"champ:OpenerPotion"},{"floor":33,"key":"Ancient Potion"},{"floor":38,"key":"Strength Potion"},{"floor":46,"key":"Slimebound:ThreeZeroPotion"},{"floor":47,"key":"DuplicationPotion"}],"is_trial":false,"path_per_floor":["R","E","R","M","?","E","T","R","M","R","M","M","?","M","M","B",null,"R","M","?","?","$","?","T","R","M","E","M","?","M","$","M","B",null,"R","E","R","M","?","R","T","R","M","E","?","M","M","?","M","B",null],"character_chosen":"THE_CHAMP","items_purchased":["Vajra","champ:CalledShot","Ginger"],"campfire_rested":1,"item_purchase_floors":[22,22,31],"current_hp_per_floor":[90,90,90,90,60,60,60,60,60,87,87,78,68,61,55,51,90,90,90,90,75,90,90,90,90,90,90,80,80,84,75,85,90,95,95,95,95,87,98,98,98,108,119,91,91,107,123,123,125,89],"gold":334,"neow_bonus":"THREE_ENEMY_KILL","is_daily":false,"chose_seed":false,"campfire_upgraded":8,"win_rate":0.0,"timestamp":1607825147,"path_taken":["R","E","R","M","?","E","T","R","?","R","M","M","?","M","M","BOSS","R","M","?","?","?","?","T","R","M","E","?","?","M","$","M","BOSS","R","E","R","M","?","R","T","R","M","E","?","M","?","?","M","BOSS"],"items_purchased_type":["Relic","Card","Relic"],"build_version":"2020-11-30","purchased_purges":0,"victory":true,"max_hp_per_floor":[90,90,90,90,90,90,90,90,90,90,90,90,90,90,90,90,90,90,90,90,90,90,90,90,90,90,90,90,90,90,90,90,90,95,95,95,95,95,109,109,109,119,119,119,119,121,123,123,125,125],"card_choices":[{"not_picked":["champ:BerserkersShout","champ:CalledShot"],"picked":"champ:StanceDance","floor":2},{"not_picked":["champ:Haymaker","champ:HeartStrike"],"picked":"champ:AdrenalArmor","floor":4},{"not_picked":["champ:PerfectedStrike","champ:LastStand"],"picked":"champ:Encircle","floor":6},{"not_picked":["champ:BladeFlurry","champ:Riposte","champ:StanceDance"],"picked":"SKIP","floor":9},{"not_picked":["champ:FlashCut","champ:StanceDance","champ:RecklessLeap"],"picked":"SKIP","floor":11},{"not_picked":["champ:FaceSlap","champ:GladiatorStyle"],"picked":"champ:RisingSlash","floor":12},{"not_picked":["champ:BringItOn","champ:Encircle"],"picked":"champ:SwordThrow","floor":13},{"not_picked":["champ:Haymaker","champ:CrookedStrike","champ:EnragedBash"],"picked":"SKIP","floor":14},{"not_picked":["champ:RisingSlash","champ:RapidStrikes","champ:PreciseThrust"],"picked":"SKIP","floor":15},{"not_picked":["champ:Improvising","champ:LastStand"],"picked":"champ:VampiricStrike","floor":16},{"not_picked":["champ:Circumvent","champ:CrookedStrike+1"],"picked":"champ:TornadoPunch+1","floor":19},{"not_picked":["champ:EnragedBash+1","champ:AdrenalArmor","champ:Backstep"],"picked":"SKIP","floor":22},{"not_picked":["champ:Riposte","champ:ShieldThrow","champ:Duel"],"picked":"SKIP","floor":26},{"not_picked":["champ:Devastate","champ:RecklessLeap"],"picked":"champ:BerserkerStyle","floor":27},{"not_picked":["champ:CrookedStrike","champ:FlashCut"],"picked":"champ:Circumvent+1","floor":28},{"not_picked":["champ:AdrenalArmor","champ:Duel","champ:BringItOn+1"],"picked":"SKIP","floor":30},{"not_picked":["champ:GladiatorStyle+1","champ:RisingSlash","champ:GladiatorsShout+1"],"picked":"SKIP","floor":31},{"not_picked":["champ:PerfectedStrike","champ:CrookedStrike+1","champ:AdrenalArmor"],"picked":"SKIP","floor":32},{"not_picked":["champ:Shatter+1","champ:FlashCut","champ:PreciseThrust"],"picked":"SKIP","floor":36},{"not_picked":["champ:DancingMaster","champ:Riposte+1","champ:Circumvent+1"],"picked":"SKIP","floor":38},{"not_picked":["champ:FlashCut+1","champ:VampiricStrike"],"picked":"champ:HeartStrike","floor":43},{"not_picked":["champ:RecklessLeap+1","champ:Backstep"],"picked":"champ:VampiricStrike","floor":44},{"not_picked":["champ:FanOfKnives+1","champ:StanceDance","champ:RecklessLeap"],"picked":"Singing Bowl","floor":46},{"not_picked":["champ:CalledShot","champ:CrookedStrike","champ:BringItOn+1"],"picked":"Singing Bowl","floor":47},{"not_picked":["champ:FlashCut+1","champ:EndlessRage","champ:FightOn"],"picked":"Singing Bowl","floor":49}],"player_experience":263827,"relics_obtained":[{"floor":2,"key":"Ancient Tea Set"},{"floor":6,"key":"Lizard Tail"},{"floor":7,"key":"Smiling Mask"},{"floor":13,"key":"Odd Mushroom"},{"floor":24,"key":"MawBank"},{"floor":27,"key":"Kunai"},{"floor":36,"key":"Sundial"},{"floor":39,"key":"Mango"},{"floor":44,"key":"Singing Bowl"}],"event_choices":[{"damage_healed":0,"gold_gain":105,"player_choice":"RE GO ","damage_taken":33,"relics_obtained":["champ:DefensiveTrainingManual"],"max_hp_gain":0,"max_hp_loss":0,"event_name":"betterSkull:BetterSkull","floor":5,"gold_loss":0,"cards_upgraded":[]},{"damage_healed":0,"gold_gain":0,"player_choice":"Fought Mushrooms","damage_taken":0,"max_hp_gain":0,"max_hp_loss":0,"event_name":"Mushrooms","floor":13,"gold_loss":0},{"damage_healed":0,"gold_gain":0,"player_choice":"Got Potions","damage_taken":0,"max_hp_gain":0,"max_hp_loss":0,"event_name":"Lab","floor":20,"gold_loss":0},{"damage_healed":0,"gold_gain":0,"player_choice":"Fight","damage_taken":0,"max_hp_gain":0,"max_hp_loss":0,"event_name":"Mysterious Sphere","floor":39,"gold_loss":0},{"cards_removed":["champ:Strike"],"damage_healed":0,"gold_gain":0,"player_choice":"Removed Attack","damage_taken":0,"max_hp_gain":0,"max_hp_loss":0,"event_name":"Falling","floor":48,"gold_loss":0}],"is_beta":false,"boss_relics":[{"not_picked":["Coffee Dripper","Ectoplasm"],"picked":"Velvet Choker"},{"not_picked":["Black Star","Runic Pyramid"],"picked":"Tiny House"}],"items_purged_floors":[],"is_endless":false,"potions_floor_spawned":[6,11,12,14,15,16,26,30,33,38,46,47],"ascension_level":0}}