{"host":"rxlazyja0fsq2vfk","time":1607838951,"event":{"mods":["2.2 Compatiblity","AchievementEnabler","Act Like it!","AlwaysNeverKeys","Aspiration","BaseMod","Bestiary","Better Match","Better Sensory Stone","Better Skull","Better Third Choice","BetterRewards","Colored Map","Colored Powertips","Defuse TimeMaze Blight","Disable Question Mark Monsters","GifTheSpireLib","Halation","Hubris","Jedi Mod","Minty Spire (QoL Compilation)","Permanent Neow","Quick Restart","Random Character Button","Random Character Mod","Relic Sorter","Replay The Spire","Shop Mod","StSLib","The Construct","Transform Curses","Unknown Chances","Wandering Minibosses","egg","everything is the same but u backflip on backflip","vexMod"],"gold_per_floor":[117,132,144,144,144,144,178,198,198,198,225,5,85,102,102,204,204,223,238,238,254,254,285,299,299,326,326,326,326,24,41,41,141,141,156,263,273,100,40,40,40,40,40,40,40,58,191,203,203,303],"floor_reached":51,"playtime":2004,"items_purged":["Strike_G","Strike_G"],"score":995,"play_id":"3a337eba-034a-44a8-8061-a65d39e1cbdf","local_time":"20201213005551","is_ascension_mode":true,"campfire_choices":[{"data":"Neutralize","floor":6.0,"key":"SMITH"},{"data":"Infinite Blades","floor":10.0,"key":"SMITH"},{"floor":25,"key":"REST"},{"floor":29,"key":"DIG"},{"floor":32,"key":"DIG"},{"data":"Envenom","floor":40,"key":"SMITH"},{"data":"A Thousand Cuts","floor":42,"key":"SMITH"},{"floor":49,"key":"REST"}],"circlet_count":0,"master_deck":["Strike_G","Strike_G","Strike_G","Defend_G","Defend_G","Defend_G","Defend_G","Defend_G","Survivor","Neutralize+1","Dagger Spray","Acrobatics","jedi:pocketpoison+1","Slice","Infinite Blades+1","jedi:pocketpoison","Reflex","Endless Agony","Endless Agony","Deadly Poison","Envenom+1","Backstab+1","Backflip+1","jedi:poisonivy+1","Ghostly","Ghostly","Ghostly","Ghostly","Ghostly","Deadly Poison","A Thousand Cuts+1","Escape Plan","Blur+1","Blade Dance+1","jedi:poisonivy","Accuracy","Accuracy","Dodge and Roll","Cloak And Dagger+1"],"relics":["Ring of the Snake","hubris:EmptyBottle","hubris:Icosahedron","Blue Doll","Replay:Multitool","halation:AfternoonTea","TheAbacus","hubris:Towel","vexMod:FluxCapacitor","halation:EternalFortune","halation:PinkSoulGem","jedi:arcanewood","Bag of Preparation","jedi:archwizardhat","Gremlin Food","halation:PrussianBluePaint","WristBlade","vexMod:Spyglass","aspiration:FetidBarrel"],"acts_visited":["Exordium","TheCity","TheBeyond"],"potions_floor_usage":[21,23,23,24,31,33,33,33,33,33,47,50,50,50],"damage_taken":[{"damage":2.0,"enemies":"Jaw Worm","floor":1.0,"turns":5.0},{"damage":5.0,"enemies":"2 Louse","floor":2.0,"turns":2.0},{"damage":0.0,"enemies":"Small Slimes","floor":3.0,"turns":2.0},{"damage":5.0,"enemies":"3 Sentries","floor":7.0,"turns":7.0},{"damage":1.0,"enemies":"Blue Slaver","floor":8.0,"turns":3.0},{"damage":14.0,"enemies":"Lagavulin","floor":11.0,"turns":6.0},{"damage":4.0,"enemies":"Large Slime","floor":13.0,"turns":8.0},{"damage":2.0,"enemies":"Exordium Thugs","floor":14.0,"turns":4.0},{"damage":9.0,"enemies":"Hexaghost","floor":16.0,"turns":10.0},{"damage":1.0,"enemies":"Chosen","floor":18.0,"turns":4.0},{"damage":2.0,"enemies":"3 Byrds","floor":19.0,"turns":4.0},{"damage":24,"enemies":"Snake Plant","floor":21,"turns":4},{"damage":0,"enemies":"Gremlin Leader","floor":23,"turns":5},{"damage":32,"enemies":"Snecko","floor":24,"turns":6},{"damage":4,"enemies":"Centurion and Healer","floor":31,"turns":5},{"damage":3,"enemies":"Champ","floor":33,"turns":9},{"damage":3,"enemies":"Orb Walker","floor":35,"turns":4},{"damage":0,"enemies":"3 Shapes","floor":37,"turns":1},{"damage":0,"enemies":"Maw","floor":46,"turns":5},{"damage":3,"enemies":"4 Shapes","floor":47,"turns":5},{"damage":2,"enemies":"Spire Growth","floor":48,"turns":3},{"damage":2,"enemies":"Donu and Deca","floor":50,"turns":7}],"seed_played":"-6694278790859568080","potions_obtained":[{"floor":1.0,"key":"Energy Potion"},{"floor":3.0,"key":"PowerPotion"},{"floor":13.0,"key":"FearPotion"},{"floor":14.0,"key":"EssenceOfSteel"},{"floor":16.0,"key":"jedi:StrikingPotion"},{"floor":21,"key":"DistilledChaos"},{"floor":24,"key":"SpeedPotion"},{"floor":31,"key":"Ancient Potion"},{"floor":35,"key":"Block Potion"},{"floor":37,"key":"GamblersBrew"}],"is_trial":false,"path_per_floor":["M","M","M","?","?","R","E","M","T","R","E","$","M","M","R","B",null,"M","M","?","M","?","E","M","R","T","?","$","R","$","M","R","B",null,"M","?","M","$","$","R","$","R","T","$","R","M","M","M","R","B",null],"character_chosen":"THE_SILENT","items_purchased":["hubris:EmptyBottle","Dagger Spray","TheAbacus","Reflex","Endless Agony","Gremlin Food","Deadly Poison","jedi:poisonivy","vexMod:Spyglass","Accuracy","Dodge and Roll"],"campfire_rested":2,"item_purchase_floors":[0,0,12,12,12,30,30,38,38,39,39],"current_hp_per_floor":[68,63,63,63,63,63,58,70,70,70,56,56,52,50,50,61,70,69,67,70,46,46,46,14,35,35,35,35,35,35,36,36,33,36,33,24,24,24,24,24,24,24,24,24,24,24,21,19,29,35],"gold":303,"neow_bonus":"","is_daily":false,"chose_seed":false,"campfire_upgraded":4,"win_rate":0.0,"timestamp":1607838951,"path_taken":["M","M","M","?","?","R","E","M","T","R","E","$","?","M","R","BOSS","M","M","?","M","?","E","M","R","T","?","$","R","$","M","R","BOSS","M","?","M","$","?","R","$","R","T","$","R","M","M","?","R","BOSS"],"items_purchased_type":["Relic","Card","Relic","Card","Card","Relic","Card","Card","Relic","Card","Card"],"build_version":"2020-11-30","purchased_purges":2,"victory":true,"max_hp_per_floor":[70,70,70,70,70,70,70,70,70,70,70,70,70,70,70,70,70,70,70,73,73,73,73,73,73,73,36,36,36,36,36,36,36,36,36,36,36,36,36,36,36,36,36,36,36,36,36,36,36,36],"card_choices":[{"not_picked":["Replay:Poison Smokescreen","Slice"],"picked":"Acrobatics","floor":1.0},{"not_picked":["Quick Slash","Blade Dance"],"picked":"jedi:pocketpoison","floor":2.0},{"not_picked":["Hidden Blade","Quick Slash"],"picked":"Slice","floor":3.0},{"not_picked":["Burst","Outmaneuver"],"picked":"Infinite Blades","floor":7.0},{"not_picked":["Well Laid Plans","Prepared","Outmaneuver"],"picked":"SKIP","floor":8.0},{"not_picked":["Well Laid Plans","Prepared","Outmaneuver"],"picked":"SKIP","floor":8.0},{"not_picked":["Heel Hook","Flechettes"],"picked":"jedi:pocketpoison","floor":11.0},{"not_picked":["Sneak Up","Prepared"],"picked":"Deadly Poison","floor":13.0},{"not_picked":["ReplayTheSpireMod:Shiv Toss","Dagger Spray","Flying Knee"],"picked":"SKIP","floor":14.0},{"not_picked":["Doppelganger","Replay:Bag of Tricks"],"picked":"Envenom","floor":16.0},{"not_picked":["hubris:TrickCloak+1","ReplayTheSpireMod:Scrap Shanks+1"],"picked":"Backstab+1","floor":18.0},{"not_picked":["Sneak Up","Riddle With Holes","Deflect"],"picked":"SKIP","floor":19.0},{"not_picked":["Deflect","aspiration:Lunge"],"picked":"Backflip+1","floor":21},{"not_picked":["Flechettes","Calculated Gamble","Replay:Poison Smokescreen"],"picked":"SKIP","floor":23},{"not_picked":["Dodge and Roll","Acrobatics+1"],"picked":"jedi:poisonivy","floor":24},{"not_picked":["Tools of the Trade","PiercingWail","jedi:pocketpoison"],"picked":"SKIP","floor":31},{"not_picked":["Night Terror","Bullet Time"],"picked":"A Thousand Cuts","floor":33},{"not_picked":["Deadly Poison","jedi:pocketpoison"],"picked":"Escape Plan","floor":35},{"not_picked":["PiercingWail","Dodge and Roll+1"],"picked":"Blur+1","floor":36},{"not_picked":["Outmaneuver","Backflip"],"picked":"Blade Dance+1","floor":36},{"not_picked":["PiercingWail","Sucker Punch","Dagger Spray"],"picked":"SKIP","floor":37},{"not_picked":["Toxin Wave","Flying Knee","Deadly Poison"],"picked":"SKIP","floor":46},{"not_picked":["Slice","Bane","Poison Darts"],"picked":"SKIP","floor":47},{"not_picked":["Sucker Punch","Blade Dance+1"],"picked":"Cloak And Dagger+1","floor":48}],"player_experience":476796,"relics_obtained":[{"floor":7.0,"key":"Blue Doll"},{"floor":9.0,"key":"Replay:Multitool"},{"floor":11.0,"key":"halation:AfternoonTea"},{"floor":23,"key":"jedi:arcanewood"},{"floor":26,"key":"Bag of Preparation"},{"floor":29,"key":"jedi:archwizardhat"},{"floor":32,"key":"halation:PrussianBluePaint"},{"floor":43,"key":"aspiration:FetidBarrel"}],"event_choices":[{"damage_healed":0,"gold_gain":0,"player_choice":"Became a Ghost","damage_taken":0,"max_hp_gain":0,"max_hp_loss":37,"event_name":"Ghosts","floor":27,"gold_loss":0,"cards_obtained":["Ghostly","Ghostly","Ghostly","Ghostly","Ghostly"]}],"is_beta":false,"boss_relics":[{"not_picked":["ReplayTheSpireMod:DimensionalGlitch","jedi:hotpepper"],"picked":"vexMod:FluxCapacitor"},{"not_picked":["halation:HeavySnake","hubris:CrackedHourglass"],"picked":"WristBlade"}],"items_purged_floors":[0,30],"is_endless":false,"potions_floor_spawned":[1,3,13,14,16,21,23,24,31,35,37,48],"ascension_level":1}}