{"host":"ysfsqg56rsjwjc5s","time":1607846170,"event":{"mods":["AchievementEnabler","Act Like it!","Ascension Reborn","BaseMod","Better Third Choice","BetterRewards","Colored Map","Colored Powertips","Curses Come First","Energized Spire","Gold Saver","Hallownest","Hubris","Minty Spire (QoL Compilation)","Permanent Neow","Quick Restart","Replay The Spire","Spicy Shops","StSLib","The Bladedancer","The Construct","The Disciple","??????REMEMod"],"gold_per_floor":[109,127,127,127,138,172,172,186,186,186,204,204,222,100,100,205,205,225,225,243,243,261,279,279,295,363,374,374,41,41,17,17,122,122,136,156,156,168,1,29,29,44,44,44,17,17,17,17,17,112],"floor_reached":51,"playtime":3371,"items_purged":[],"score":702,"play_id":"62360716-5873-491f-9488-79dd065412e1","local_time":"20201213015610","is_ascension_mode":true,"campfire_choices":[{"data":"blademaster:FuriousStrike","floor":7,"key":"SMITH"},{"floor":15,"key":"REST"},{"floor":24,"key":"REST"},{"floor":28,"key":"REST"},{"data":"blademaster:Slice","floor":30,"key":"SMITH"},{"floor":32,"key":"REST"},{"data":"blademaster:LeechingStrike","floor":41,"key":"SMITH"},{"floor":44,"key":"REST"},{"data":"blademaster:Rupture","floor":46,"key":"SMITH"},{"data":"blademaster:AwakeningStrike","floor":49,"key":"SMITH"}],"circlet_count":1,"master_deck":["blademaster:Strike+1","blademaster:Strike","blademaster:Strike","blademaster:Strike","blademaster:Defend+1","blademaster:Defend+1","blademaster:Defend+1","blademaster:Defend+1","blademaster:RagingBlow","blademaster:HighVoltage","WatchCommand","blademaster:LeechingStrike+1","blademaster:Gust","blademaster:FuriousStrike+1","blademaster:Safeguard","blademaster:Rupture+1","blademaster:Momentum","blademaster:AspectOfLightning","blademaster:Slice+1","blademaster:Havoc","blademaster:Havoc","blademaster:ThreePointStrike","blademaster:AncestralHealing+1","Hallownest:curseDreamersLament","blademaster:Quickstep","blademaster:AwakeningStrike+1","blademaster:Sharpen+1","blademaster:BladeCross","blademaster:BladeCross","blademaster:ChargingUp","blademaster:AwakeningDefend","blademaster:Empower","blademaster:Discharge","blademaster:ChargingUp+1","blademaster:BladeMastery","blademaster:Momentum+1","blademaster:Cut+1","blademaster:EyeOfTheTornado+1","blademaster:SharpBlades+1","blademaster:SharpBlades+1","blademaster:LightningDraw"],"relics":["blademaster:DancersAmulet","REME_ComplimentaryCards","Ancient Tea Set","Hallownest:DreamNailRelic","Circlet","StoneCalendar","Mummified Hand","Hallownest:SalubrasBlessingRelic","Ring of Chaos","Hallownest:WatcherSealRelic","Lantern","Replay:Bottled Eggs","Membership Card","Pondfish Scales","hubris:Backtick","Ice Cream","Hallownest:KingsIdolRelic","Frozen Egg 2","Replay:Baseball","Lizard Tail","Hallownest:HeavyBlowRelic"],"acts_visited":["Exordium","Hallownest:Greenpath","Hallownest:CityofTears"],"potions_floor_usage":[],"damage_taken":[{"damage":0,"enemies":"2_ Uuma","floor":1,"turns":10},{"damage":0,"enemies":"Hallownest:2_MossCreeps","floor":2,"turns":5},{"damage":0,"enemies":"Hallownest:monsterHuskWarrior","floor":5,"turns":3},{"damage":14,"enemies":"Hallownest:eliteMossKnight","floor":6,"turns":11},{"damage":14,"enemies":"Hallownest:1_Baldur_1_Crawlid_1_Warrior","floor":8,"turns":4},{"damage":4,"enemies":"Hallownest:Wandering_and_Horned","floor":11,"turns":3},{"damage":10,"enemies":"Hallownest:Guard_and_Warrior","floor":13,"turns":7},{"damage":49,"enemies":"Hallownest:BossHornet","floor":16,"turns":9},{"damage":12,"enemies":"Hallownest:3_Youths","floor":18,"turns":6},{"damage":6,"enemies":"Hallownest:2_Mistakes","floor":20,"turns":7},{"damage":24,"enemies":"Hallownest:monsterShrumalOgre","floor":22,"turns":5},{"damage":24,"enemies":"Hallownest:Master_and_Novice","floor":23,"turns":4},{"damage":44,"enemies":"Hallownest:2_Flukemon","floor":25,"turns":7},{"damage":5,"enemies":"Hallownest:3_Mistakes","floor":27,"turns":7},{"damage":44,"enemies":"Hallownest:BossMantisLord","floor":33,"turns":8},{"damage":55,"enemies":"Hallownest:2_Littles","floor":35,"turns":7},{"damage":17,"enemies":"Hallownest:3_Siblings","floor":36,"turns":7},{"damage":1,"enemies":"Hallownest:2_Great","floor":38,"turns":5},{"damage":42,"enemies":"Hallownest:eliteCollector","floor":40,"turns":11},{"damage":33,"enemies":"Hallownest:monsterPrimalAspid","floor":42,"turns":5},{"damage":73,"enemies":"Hallownest:BossHollowKnight","floor":50,"turns":7}],"seed_played":"7125786731105066970","potions_obtained":[{"floor":2,"key":"Elixir"},{"floor":11,"key":"Adrenaline Potion"}],"is_trial":false,"path_per_floor":["M","M","?","?","M","E","R","M","T","?","M","?","M","$","R","B",null,"M","?","M","?","M","M","R","M","T","M","R","$","R","$","R","B",null,"M","M","?","M","$","E","R","M","T","R","$","R","?","$","R","B",null],"character_chosen":"THE_BLADEMASTER","items_purchased":["blademaster:Slice","blademaster:Havoc","Membership Card","Pondfish Scales","blademaster:ChargingUp","blademaster:AwakeningDefend","Frozen Egg 2","blademaster:Momentum+1","blademaster:SharpBlades+1"],"campfire_rested":5,"item_purchase_floors":[14,14,29,29,29,31,39,39,45],"current_hp_per_floor":[75,75,75,75,75,67,67,56,56,56,52,52,42,42,66,17,77,65,65,67,67,61,37,62,21,21,41,66,66,66,66,83,78,83,59,45,41,75,75,58,58,66,66,85,85,85,85,85,85,82],"gold":112,"neow_bonus":"RANDOM_COMMON_RELIC","is_daily":false,"chose_seed":false,"campfire_upgraded":5,"win_rate":0.0,"timestamp":1607846170,"path_taken":["M","M","?","?","?","E","R","M","T","?","M","?","M","$","R","BOSS","M","?","M","?","M","M","R","M","T","?","R","$","R","$","R","BOSS","M","M","?","M","$","E","R","M","T","R","$","R","?","$","R","BOSS"],"items_purchased_type":["Card","Card","Relic","Relic","Card","Card","Relic","Card","Card"],"build_version":"2020-11-30","purchased_purges":0,"victory":true,"max_hp_per_floor":[75,75,75,75,75,75,75,75,75,75,75,75,75,75,77,77,77,77,77,77,77,77,77,79,79,79,79,81,81,81,81,83,83,83,83,83,83,83,83,83,83,83,83,85,85,85,85,85,85,85],"card_choices":[{"not_picked":["blademaster:FuriousStrike","blademaster:Safeguard"],"picked":"blademaster:LeechingStrike","floor":1},{"not_picked":["blademaster:Thrust","blademaster:Hailwind"],"picked":"blademaster:Gust","floor":2},{"not_picked":["blademaster:BladeCross","blademaster:AspectOfWind"],"picked":"blademaster:FuriousStrike","floor":5},{"not_picked":["blademaster:Quickness","blademaster:AspectOfWind"],"picked":"blademaster:Safeguard","floor":6},{"not_picked":["blademaster:KiBarrier","blademaster:Meditate"],"picked":"blademaster:Rupture","floor":8},{"not_picked":["blademaster:OneTrickPony","blademaster:Thrust"],"picked":"blademaster:Momentum","floor":11},{"not_picked":["blademaster:ThunderSlash","blademaster:Thrust"],"picked":"blademaster:AspectOfLightning","floor":13},{"not_picked":["blademaster:BladeDance","blademaster:FlockOfBlades"],"picked":"blademaster:ThreePointStrike","floor":16},{"not_picked":["blademaster:DaggerAndCloak","blademaster:Safeguard+1"],"picked":"blademaster:AncestralHealing+1","floor":18},{"not_picked":["blademaster:DaggerAndCloak","blademaster:AspectOfWind+1"],"picked":"blademaster:Quickstep","floor":20},{"not_picked":["blademaster:Reversal","blademaster:LightningCrash+1"],"picked":"blademaster:AwakeningStrike","floor":22},{"not_picked":["blademaster:ThunderSlash","blademaster:Frenzy"],"picked":"blademaster:Sharpen+1","floor":23},{"not_picked":["blademaster:Sharpen","blademaster:Frontflip"],"picked":"blademaster:BladeCross","floor":25},{"not_picked":["blademaster:AncestralHealing","blademaster:Quickstep"],"picked":"blademaster:BladeCross","floor":27},{"not_picked":["blademaster:Flash","blademaster:FuryOfTheElements"],"picked":"blademaster:Empower","floor":33},{"not_picked":["blademaster:Quickstep","blademaster:AspectOfLightning+1"],"picked":"blademaster:Discharge","floor":35},{"not_picked":["blademaster:LeechingStrike+1","blademaster:Overcharge+1"],"picked":"blademaster:ChargingUp+1","floor":36},{"not_picked":["blademaster:ChargingUp","blademaster:AirSlash"],"picked":"blademaster:BladeMastery","floor":38},{"not_picked":["blademaster:AwakeningStrike","blademaster:Slice+1"],"picked":"blademaster:Cut+1","floor":40},{"not_picked":["blademaster:Sharpen+1","blademaster:FuriousStrike"],"picked":"blademaster:EyeOfTheTornado+1","floor":42},{"not_picked":["blademaster:Empower","blademaster:EnchantedCuirass+1"],"picked":"blademaster:LightningDraw","floor":50}],"player_experience":66190,"relics_obtained":[{"floor":6,"key":"StoneCalendar"},{"floor":6,"key":"blademaster:FuryEveryTurnPerk"},{"floor":9,"key":"Mummified Hand"},{"floor":26,"key":"Replay:Bottled Eggs"},{"floor":40,"key":"Replay:Baseball"},{"floor":40,"key":"blademaster:WindChargePerk"},{"floor":43,"key":"Lizard Tail"}],"event_choices":[],"is_beta":false,"boss_relics":[{"not_picked":["energizedSpire:HugeHouse","Replay:Drink Me"],"picked":"Ring of Chaos"},{"not_picked":["hubris:TerracottaHorce","energizedSpire:MagnifyingGlass"],"picked":"hubris:Backtick"}],"items_purged_floors":[],"is_endless":false,"potions_floor_spawned":[2,11,16,20,22,27,33,35,36,42,50],"ascension_level":0}}