{"host":"7yyoe0ei0fseceei","time":1607870206,"event":{"mods":["BaseMod","Colored Map","Highlight Path","Minty Spire (QoL Compilation)","Quick Restart"],"gold_per_floor":[117,131,148,158,158,158,190,206,206,206,206,206,206],"floor_reached":12,"playtime":295,"items_purged":[],"score":160,"play_id":"0ea86407-3c14-482a-9ef0-f297d7e7c143","local_time":"20201213153646","is_ascension_mode":true,"campfire_choices":[{"floor":6,"key":"REST"},{"floor":11,"key":"REST"}],"circlet_count":0,"master_deck":["AscendersBane","Strike_R","Strike_R","Strike_R","Strike_R","Defend_R","Defend_R","Defend_R","Defend_R","Bash","Panacea","Flex","Havoc","Iron Wave","Flex","Iron Wave","Ghostly Armor","Injury"],"relics":["Burning Blood","Shuriken","Letter Opener","Golden Idol"],"acts_visited":["Exordium"],"potions_floor_usage":[4,12],"damage_taken":[{"damage":12,"enemies":"Cultist","floor":1,"turns":4},{"damage":14,"enemies":"Jaw Worm","floor":2,"turns":4},{"damage":13,"enemies":"2 Louse","floor":3,"turns":2},{"damage":23,"enemies":"Exordium Wildlife","floor":4,"turns":4},{"damage":30,"enemies":"Lagavulin","floor":7,"turns":5},{"damage":19,"enemies":"3 Louse","floor":8,"turns":5},{"damage":32,"enemies":"Gremlin Nob","floor":12,"turns":4}],"seed_played":"-6019954570876763119","potions_obtained":[{"floor":1,"key":"BlessingOfTheForge"},{"floor":7,"key":"ElixirPotion"},{"floor":8,"key":"Weak Potion"}],"is_trial":false,"path_per_floor":["M","M","M","M","?","R","E","M","T","?","R","E"],"character_chosen":"IRONCLAD","items_purchased":[],"campfire_rested":2,"item_purchase_floors":[],"current_hp_per_floor":[62,54,47,30,23,45,21,8,8,8,30,0,0],"gold":206,"neow_bonus":"RANDOM_COLORLESS","is_daily":false,"chose_seed":false,"campfire_upgraded":0,"win_rate":0.0,"timestamp":1607870206,"path_taken":["M","M","M","M","?","R","E","M","T","?","R","E"],"items_purchased_type":[],"build_version":"2020-11-30","purchased_purges":0,"victory":false,"max_hp_per_floor":[75,75,75,75,75,75,75,75,75,75,75,75,75],"card_choices":[{"not_picked":["Purity","Good Instincts"],"picked":"Panacea","floor":0},{"not_picked":["Heavy Blade","Clothesline"],"picked":"Flex","floor":1},{"not_picked":["Clash","Berserk"],"picked":"Havoc","floor":2},{"not_picked":["Clothesline","Anger"],"picked":"Iron Wave","floor":3},{"not_picked":["Heavy Blade","Twin Strike"],"picked":"Flex","floor":4},{"not_picked":["Pommel Strike","Havoc"],"picked":"Iron Wave","floor":7},{"not_picked":["Headbutt","Shrug It Off"],"picked":"Ghostly Armor","floor":8}],"player_experience":833667,"relics_obtained":[{"floor":7,"key":"Shuriken"},{"floor":9,"key":"Letter Opener"}],"event_choices":[{"cards_removed":["Strike_R"],"damage_healed":0,"gold_gain":0,"player_choice":"Card Removal","damage_taken":7,"max_hp_gain":0,"max_hp_loss":0,"event_name":"Golden Wing","floor":5,"gold_loss":0},{"damage_healed":0,"gold_gain":0,"player_choice":"Take Wound","damage_taken":0,"relics_obtained":["Golden Idol"],"max_hp_gain":0,"max_hp_loss":0,"event_name":"Golden Idol","floor":10,"gold_loss":0,"cards_obtained":["Injury"]}],"is_beta":false,"boss_relics":[],"items_purged_floors":[],"is_endless":false,"potions_floor_spawned":[1,7,8],"killed_by":"Gremlin Nob","ascension_level":20}}