{"host":"qwttrqaysb380yri","time":1607893231,"event":{"mods":["BaseMod","Custom Start","Minty Spire (QoL Compilation)","Puzzle Mod","Relic Stats","StSLib","The Cursed","The Hierophant"],"gold_per_floor":[119,144,177,203,140,136,136],"floor_reached":6,"playtime":179,"items_purged":[],"score":67,"play_id":"639a75ec-3cbc-4cb7-aa19-008a02455985","local_time":"20201213220031","is_ascension_mode":true,"campfire_choices":[],"circlet_count":0,"master_deck":["AscendersBane","hierophant:Strike_Hierophant","hierophant:Strike_Hierophant","hierophant:Strike_Hierophant","hierophant:Strike_Hierophant","hierophant:Punish","hierophant:Defend_Hierophant","hierophant:Defend_Hierophant","hierophant:Defend_Hierophant","hierophant:Defend_Hierophant","hierophant:ChurchCoffers","hierophant:Doubloon","hierophant:Refuge","hierophant:HolyVerse","hierophant:Doubloon","hierophant:Remorse","hierophant:Chorus","hierophant:Martyrdom"],"relics":["hierophant:PropheticMaskRelic"],"acts_visited":["Exordium"],"potions_floor_usage":[4,6],"damage_taken":[{"damage":4,"enemies":"Small Slimes","floor":1,"turns":4},{"damage":0,"enemies":"2 Louse","floor":2,"turns":1},{"damage":11,"enemies":"Jaw Worm","floor":3,"turns":5},{"damage":21,"enemies":"Lots of Slimes","floor":4,"turns":3},{"damage":16,"enemies":"Gremlin Nob","floor":6,"turns":3}],"seed_played":"-4026804001325239419","potions_obtained":[{"floor":1,"key":"Fire Potion"},{"floor":3,"key":"BlessingOfTheForge"},{"floor":4,"key":"Dexterity Potion"}],"is_trial":false,"path_per_floor":["M","M","M","M","?","E"],"character_chosen":"HIEROPHANT","items_purchased":[],"campfire_rested":0,"item_purchase_floors":[],"current_hp_per_floor":[64,64,53,32,32,16,16],"gold":136,"neow_bonus":"THREE_CARDS","is_daily":false,"chose_seed":false,"campfire_upgraded":0,"win_rate":0.0,"timestamp":1607893231,"path_taken":["M","M","M","M","?","E"],"items_purchased_type":[],"build_version":"2020-11-30","purchased_purges":0,"victory":false,"max_hp_per_floor":[75,75,75,75,75,75,75],"relic_stats":{"counters":[5,16],"obtain_stats":[{"hierophant:PropheticMaskRelic":0},{"hierophant:PropheticMaskRelic":0},{"hierophant:PropheticMaskRelic":0}]},"card_choices":[{"not_picked":["hierophant:PassingBell","hierophant:Zeal"],"picked":"hierophant:Refuge","floor":0},{"not_picked":["hierophant:Refuge","hierophant:Glossolalia"],"picked":"hierophant:HolyVerse","floor":1},{"not_picked":["hierophant:AuricBeam","hierophant:Encroach"],"picked":"hierophant:Remorse","floor":2},{"not_picked":["hierophant:AuricShield","hierophant:DisplayOfPower"],"picked":"hierophant:Chorus","floor":3},{"not_picked":["hierophant:RustyCrate","hierophant:AuricShield"],"picked":"hierophant:Martyrdom","floor":4}],"player_experience":1835242,"relics_obtained":[],"event_choices":[{"damage_healed":0,"gold_gain":0,"player_choice":"Left Gold","damage_taken":0,"max_hp_gain":0,"max_hp_loss":0,"event_name":"World of Goop","floor":5,"gold_loss":63}],"is_beta":false,"boss_relics":[],"items_purged_floors":[],"is_endless":false,"potions_floor_spawned":[1,3,4],"killed_by":"Gremlin Nob","ascension_level":15}}