{"host":"l85rtarfuh0ld3b1","time":1607833903,"event":{"mods":["Act Like it!","BaseMod","BetterRewards","CapriCore","Chen","Decade(王小明)","Gensokyo","KinomotoSakuraMod(木之本樱)","Koishi","Marisa（F雨　魔理沙）","Minty Spire (QoL Compilation)","Nova Terra(诺娃・泰拉)","Permanent Neow","Reimu（博丽灵梦）","Remilia（蕾米莉亚）","Shop Mod","StSLib","TestMod","The Administrix","The Immortal","The Servant 0.9.4","【东方二次创作】八云紫mod"],"gold_per_floor":[117,2731,2744,2755,3029,3058,3068,3242,3242,3256,3264,3305,3323,3350,3350,3754,3754,3771,3797,3805,3813,3825,3825,3849,4743,4743,4743,4777,4805,4841,4658,4658,4765,4765,4775,4775,4792,4514,4526,4553,4553,4567,4567,4591,4591,4621,4621,4646,4646,4646,4646,4646,4407,4440,4440],"floor_reached":56,"playtime":2853,"items_purged":["Strike_MRS","Strike_MRS","Strike_MRS","Defend_MRS","Defend_MRS","Defend_MRS","Strike_MRS","Defend_MRS","MasterSpark","UpSweep","Feel No Pain+1"],"score":2878,"play_id":"547fc6b0-02c8-446d-815c-43a78477687a","local_time":"20201213123143","is_ascension_mode":true,"campfire_choices":[{"floor":15,"key":"RECALL"},{"data":"FinalSpark","floor":23,"key":"PURGE"},{"data":"Night Terror+1","floor":27,"key":"PURGE"},{"data":"testmod-PerfectCombo+1","floor":32,"key":"SMITH"},{"data":"BinaryStars","floor":41,"key":"SMITH"},{"data":"testmod-PerfectCombo+9","floor":45,"key":"SMITH"},{"data":"testmod-PerfectCombo+12","floor":49,"key":"SMITH"},{"data":"testmod-PerfectCombo+13","floor":52,"key":"SMITH"}],"circlet_count":0,"master_deck":["Orbital+1","ShootTheMoon+1","ManaRampage+1","Panache+1","WitchLeyline+1","EscapeVelocity+1","Orbital+1","TreasureHunter+1","StarlightTyphoon+1","FlawlessForm+1","ManaConvection+1","Parasite","Parasite","JA+1","Flash of Steel+1","MysteriousBeam+1","testmod-PerfectCombo+15","BinaryStars+1"],"relics":["MiniHakkero","testmod-TestBox","testmod-BloodSacrificeSpiritualization","MerchantsRug","ClockworkSouvenir","Singing Bowl","White Beast Statue","testmod-Charity","Peace Pipe","Darkstone Periapt","FossilizedHelix","Chemical X","HandDrill","Dream Catcher","Tiny Chest","Mummified Hand","CeramicFish","Bronze Scales","Toy Ornithopter","Medical Kit","Membership Card","Blue Candle","Bottled Lightning","SproutingBranch","Juzu Bracelet","Turnip","SimpleLauncher","Mastiff:ReiMu","Girya","HandmadeGrimoire","AntiCross","testmod-IndustrialRevolution","Question Card","testmod-Acrobat","testmod-AssaultLearning","Magic Flower","StoneCalendar","Smiling Mask","ShroomBag","Bottled Flame","testmod-NegativeEmotionEnhancer","Bottled Tornado","Orichalcum","Molten Egg 2","testmod-LifeArmor","testmod-IntensifyImprint","Frozen Eye","Runic Pyramid","testmod-Antiphasic","Centennial Puzzle","AmplifyWand","Prayer Wheel","Tea:ReiMu","testmod-TurbochargingSystem","Blood Vial","Vajra","Strawberry","Ginger","Cauldron","Pen Nib"],"acts_visited":["Exordium","Gensokyo:Gensokyoer","TheBeyond","TheEnding"],"potions_floor_usage":[0,0,0,0,0,0,0,0,0,0,0,6,50],"damage_taken":[{"damage":13,"enemies":"2 Louse","floor":1,"turns":1},{"damage":0,"enemies":"Cultist","floor":3,"turns":1},{"damage":0,"enemies":"Small Slimes","floor":4,"turns":1},{"damage":0,"enemies":"3 Sentries","floor":6,"turns":1},{"damage":0,"enemies":"Red Slaver","floor":7,"turns":2},{"damage":0,"enemies":"3 Louse","floor":10,"turns":1},{"damage":0,"enemies":"Gremlin Nob","floor":12,"turns":1},{"damage":0,"enemies":"2 Fungi Beasts","floor":13,"turns":1},{"damage":0,"enemies":"3 Sentries","floor":14,"turns":1},{"damage":2,"enemies":"The Guardian","floor":16,"turns":1},{"damage":30,"enemies":"Gensokyo:AngelMirror","floor":18,"turns":1},{"damage":32,"enemies":"Gensokyo:2_Gloops","floor":22,"turns":1},{"damage":1,"enemies":"Gensokyo:Reisen","floor":24,"turns":1},{"damage":0,"enemies":"Gensokyo:Koishi","floor":28,"turns":2},{"damage":0,"enemies":"Gensokyo:Slime_Group","floor":29,"turns":1},{"damage":39,"enemies":"Gensokyo:Kaguya","floor":33,"turns":3},{"damage":47,"enemies":"3 Darklings","floor":35,"turns":1},{"damage":42,"enemies":"3 Shapes","floor":37,"turns":1},{"damage":44,"enemies":"Sphere and 2 Shapes","floor":39,"turns":1},{"damage":44,"enemies":"Nemesis","floor":40,"turns":1},{"damage":45,"enemies":"Jaw Worm Horde","floor":42,"turns":1},{"damage":46,"enemies":"Reptomancer","floor":44,"turns":1},{"damage":48,"enemies":"Nemesis","floor":46,"turns":1},{"damage":48,"enemies":"Giant Head","floor":48,"turns":1},{"damage":2,"enemies":"Awakened One","floor":50,"turns":2},{"damage":53,"enemies":"Shield and Spear","floor":54,"turns":1},{"damage":1,"enemies":"The Heart","floor":55,"turns":3}],"seed_played":"7135086107692598930","potions_obtained":[{"floor":0,"key":"GrandPatriotsElixir:ReiMu"},{"floor":0,"key":"testmod-EscapePotion"},{"floor":0,"key":"DistilledChaos"},{"floor":0,"key":"GrandPatriotsElixir:ReiMu"},{"floor":0,"key":"EssenceOfSteel"},{"floor":1,"key":"SkillPotion"},{"floor":3,"key":"FearPotion"},{"floor":4,"key":"Energy Potion"},{"floor":6,"key":"SkillPotion"},{"floor":7,"key":"Weak Potion"},{"floor":10,"key":"LiquidBronze"},{"floor":13,"key":"Swift Potion"},{"floor":14,"key":"testmod-TestPotion"},{"floor":16,"key":"ShroomBrew"},{"floor":18,"key":"Fire Potion"},{"floor":22,"key":"GrandPatriotsElixir:ReiMu"},{"floor":24,"key":"Swift Potion"},{"floor":28,"key":"StarNLove"},{"floor":29,"key":"Strength Potion"},{"floor":33,"key":"testmod-TimePotion"},{"floor":35,"key":"FairyPotion"},{"floor":37,"key":"Block Potion"},{"floor":39,"key":"Swift Potion"},{"floor":40,"key":"SkillPotion"},{"floor":42,"key":"PowerPotion"},{"floor":44,"key":"Dexterity Potion"},{"floor":46,"key":"PowerPotion"},{"floor":48,"key":"ZuzhouPotion:ReiMu"},{"floor":53,"key":"ZuzhouPotion:ReiMu"},{"floor":53,"key":"FairyPotion"},{"floor":53,"key":"SmokeBomb"},{"floor":53,"key":"PowerPotion"},{"floor":53,"key":"Ancient Potion"}],"is_trial":false,"path_per_floor":["M","$","M","M","?","E","M","?","T","M","?","E","M","E","R","B",null,"M","T","?","?","M","R","E","$","T","R","E","M","T","$","R","B",null,"M","T","M","$","M","E","R","M","T","E","R","E","?","E","R","B",null,"R","$","E","B",null],"character_chosen":"MARISA","items_purchased":["MerchantsRug","BreadOfAWashokuLover","PreservedInsect","ClockworkSouvenir","EntropicBrew","Orbital","Boot","Lee\u0027s Waffle","testmod-Hope","Pantograph","Singing Bowl","Sling","Akabeko","Bag of Preparation","Frozen Egg 2","testmod-OneHitWonder","White Beast Statue","EntropicBrew","Nunchaku","OrangePellets","testmod-SpacePotion","Molten Egg 2","Pear","testmod-Charity","testmod-Motorcycle","Peace Pipe","Orrery","Darkstone Periapt","FossilizedHelix","Chemical X","Happy Flower","testmod-BlackFramedGlasses","HandDrill","ManaRampage","Panache+1","Ancient Tea Set","Pocketwatch","testmod-MagicalMallet","testmod-Muramasa","Dream Catcher","Tiny Chest","Mummified Hand","testmod-Register","CeramicFish","Strange Spoon","testmod-LifeArmor","Regal Pillow","Toolbox","Centennial Puzzle","Torii","Bronze Scales","Potion Belt","Eternal Feather","Frozen Eye","Oddly Smooth Stone","RuthlessExorcism:ReiMu","testmod-Faith","Blood Vial","Toy Ornithopter","Medical Kit","Pen Nib","War Paint","PrismaticShard","Bag of Marbles","Anchor","Membership Card","WitchLeyline+1","Blue Candle","TentaclePot:ReiMu","Strawberry","Bottled Lightning","EntropicBrew","SproutingBranch","testmod-Antiphasic","TheAbacus","Juzu Bracelet","TungstenRod","Omamori","testmod-ArcanaOfDestiny","ScarletDevilRocket","Turnip","testmod-IWantAll","Cauldron","Lantern","Letter Opener","MealTicket","Kunai","Orichalcum","testmod-SpacePotion","Sundial","Art of War","SimpleLauncher","EscapeVelocity+1","Vajra","DollysMirror","Mastiff:ReiMu","Meat on the Bone","TreasureHunter+1","Matryoshka","testmod-SpacePotion","Girya","HandmadeGrimoire","Shuriken","StarlightTyphoon","Gremlin Horn","testmod-ThousandKnives","AntiCross","testmod-IndustrialRevolution","CrazyTorch:ReiMu","Tea:ReiMu","testmod-FatalChain","Toxic Egg 2","testmod-DragonStarHat","AmplifyWand","Ornamental Fan","Question Card","testmod-Acrobat","InkBottle","testmod-AssaultLearning","Mercury Hourglass","testmod-HeartOfDaVinci","testmod-SpacePotion","Broom","StrikeDummy","testmod-InjuryResistance","Pan","testmod-CyclicPeriapt","Magic Flower","HornCleat","PureWhite:ReiMu","ManaConvection+1","StoneCalendar","Molten Egg 2","Eternal Feather","Flash of Steel+1","testmod-LifeArmor","testmod-IntensifyImprint","Frozen Eye","testmod-PerfectCombo+1","Centennial Puzzle","AmplifyWand","Toolbox","Strawberry","Ginger","Cauldron"],"campfire_rested":0,"item_purchase_floors":[0,0,0,0,0,0,0,0,0,0,0,0,0,0,0,0,0,0,0,0,0,0,0,0,0,0,0,0,0,0,0,0,0,0,0,0,0,0,0,0,0,0,0,0,0,0,0,0,0,0,0,0,0,0,0,0,0,0,0,0,0,0,0,0,0,0,0,0,0,0,0,0,0,0,0,0,0,0,0,0,0,0,0,0,0,0,0,0,0,0,0,0,0,0,0,0,0,0,0,0,0,0,0,0,0,0,0,0,0,0,0,0,0,0,0,0,0,0,0,0,0,0,0,0,0,0,0,0,0,0,0,2,25,25,25,31,31,31,31,38,38,38,53,53,53],"current_hp_per_floor":[140,219,224,230,231,238,243,244,244,248,249,280,287,294,294,305,305,290,291,261,262,257,257,283,316,316,325,359,384,386,394,394,414,414,390,390,372,372,357,332,332,313,313,291,291,282,282,279,279,354,482,482,491,458,518],"gold":4440,"neow_bonus":"","is_daily":false,"chose_seed":false,"campfire_upgraded":5,"win_rate":0.0,"timestamp":1607833903,"path_taken":["M","$","M","M","?","E","M","?","T","M","?","E","M","E","R","BOSS","M","?","?","?","M","R","E","$","T","R","E","M","?","$","R","BOSS","M","?","M","$","M","E","R","M","T","E","R","E","?","E","R","BOSS","R","$","E","BOSS"],"items_purchased_type":["Relic","Relic","Relic","Relic","Potion","Card","Relic","Relic","Relic","Relic","Relic","Relic","Relic","Relic","Relic","Relic","Relic","Potion","Relic","Relic","Potion","Relic","Relic","Relic","Relic","Relic","Relic","Relic","Relic","Relic","Relic","Relic","Relic","Card","Card","Relic","Relic","Relic","Relic","Relic","Relic","Relic","Relic","Relic","Relic","Relic","Relic","Relic","Relic","Relic","Relic","Relic","Relic","Relic","Relic","Relic","Relic","Relic","Relic","Relic","Relic","Relic","Relic","Relic","Relic","Relic","Card","Relic","Relic","Relic","Relic","Potion","Relic","Relic","Relic","Relic","Relic","Relic","Relic","Relic","Relic","Relic","Relic","Relic","Relic","Relic","Relic","Relic","Potion","Relic","Relic","Relic","Card","Relic","Relic","Relic","Relic","Card","Relic","Potion","Relic","Relic","Relic","Card","Relic","Relic","Relic","Relic","Relic","Relic","Relic","Relic","Relic","Relic","Relic","Relic","Relic","Relic","Relic","Relic","Relic","Potion","Relic","Relic","Relic","Relic","Relic","Relic","Relic","Relic","Card","Relic","Relic","Relic","Card","Relic","Relic","Relic","Card","Relic","Relic","Relic","Relic","Relic","Relic"],"build_version":"2020-11-30","purchased_purges":11,"victory":true,"max_hp_per_floor":[151,219,224,230,231,238,243,244,244,248,249,280,287,294,294,305,305,313,314,315,316,326,326,335,368,368,368,378,389,391,399,399,414,414,421,421,430,430,440,450,450,461,461,470,470,487,487,504,504,525,525,525,534,542,557],"card_choices":[{"not_picked":["AsteroidBelt","WitchLeyline+1","SprinkleStarSeal"],"picked":"Singing Bowl","floor":0},{"not_picked":["OrrerysSun+1","6A+1","StarBarrage+1"],"picked":"Singing Bowl","floor":0},{"not_picked":["NonDirectionalLaser+1","EarthLightRay","ShootingEcho+1"],"picked":"Singing Bowl","floor":0},{"not_picked":["EventHorizon+1","UltimateShortwave"],"picked":"ShootTheMoon+1","floor":0},{"not_picked":["EnergyFlow+1","EventHorizon+1","LuminesStrike+1"],"picked":"Singing Bowl","floor":0},{"not_picked":["OrrerysSun+1","6A+1","StarBarrage+1"],"picked":"Singing Bowl","floor":0},{"not_picked":["NonDirectionalLaser+1","EarthLightRay","ShootingEcho+1"],"picked":"Singing Bowl","floor":0},{"not_picked":["EventHorizon+1","ShootTheMoon+1","UltimateShortwave"],"picked":"Singing Bowl","floor":0},{"not_picked":["ClowCardTheSleep","UnstableBomb+1","Koishi:JumpScare"],"picked":"Singing Bowl","floor":0},{"not_picked":["SubcavityInstant:ReiMu+1","SafetyPray:ReiMu+1","AdministrixMod:UnstableVigor+1","TightArray:ReiMu+1"],"picked":"Singing Bowl","floor":1},{"not_picked":["DeepEcoloBomb","WitchLeyline","ShootingEcho","UnstableBomb"],"picked":"Singing Bowl","floor":3},{"not_picked":["IllusionStar","Robbery","MilkyWay","6A"],"picked":"Singing Bowl","floor":4},{"not_picked":["EventHorizon","SporeBomb","MachineGunSpark","FairyDestructionRay"],"picked":"Singing Bowl","floor":6},{"not_picked":["DragonMeteor","StarlightTyphoon","PowerUp","SporeBomb"],"picked":"Singing Bowl","floor":7},{"not_picked":["UnstableBomb","6A","AsteroidBelt","WitchOfGreed"],"picked":"Singing Bowl","floor":10},{"not_picked":["BinaryStars","EnergyFlow","LuminesStrike","Acceleration"],"picked":"Singing Bowl","floor":12},{"not_picked":["DarkSpark","AlicesGift","Acceleration","ShootingEcho"],"picked":"Singing Bowl","floor":13},{"not_picked":["SporeBomb","UltimateShortwave","WitchOfGreed","LuminesStrike"],"picked":"Singing Bowl","floor":14},{"not_picked":["MaximisePower","BigCrunch","BlazingStar"],"picked":"JA","floor":16},{"not_picked":["AsteroidBelt","WitchLeyline","MysteriousBeam","GrandCross+1"],"picked":"Singing Bowl","floor":18},{"not_picked":["OortCloud","GravityBeat+1","MilkyWay+1","ShootingEcho"],"picked":"Singing Bowl","floor":22},{"not_picked":["GrandCross","RefractionSpark+1","UnstableBomb","ManaConvection"],"picked":"Singing Bowl","floor":24},{"not_picked":["6A+1","DeepEcoloBomb+1","OortCloud"],"picked":"MysteriousBeam+1","floor":28},{"not_picked":["StarBarrage+1","GalacticHalo","PropBag","DragonMeteor+1"],"picked":"Singing Bowl","floor":29},{"not_picked":["CollectingQuirk+1","JA+1","BigCrunch"],"picked":"BinaryStars","floor":33},{"not_picked":["OpenUniverse","MachineGunSpark+1","PowerUp+1","StarlightTyphoon+1"],"picked":"Singing Bowl","floor":35},{"not_picked":["IllusionStar","ShootingEcho+1","GalacticHalo","WitchOfGreed"],"picked":"Singing Bowl","floor":37},{"not_picked":["ShootTheMoon+1","MeteoricShower+1","FairyDestructionRay+1","MysteriousBeam+1"],"picked":"Singing Bowl","floor":39},{"not_picked":["CollectingQuirk+1","MagicAbsorber+1","Singularity","MilkyWay+1"],"picked":"Singing Bowl","floor":40},{"not_picked":["NonDirectionalLaser+1","WitchLeyline+1","AsteroidBelt","AlicesGift+1"],"picked":"Singing Bowl","floor":42},{"not_picked":["DoubleSpark+1","ManaConvection+1","MachineGunSpark+1","ShootTheMoon+1"],"picked":"Singing Bowl","floor":42},{"not_picked":["WitchOfGreed","EscapeVelocity","SporeBomb","GrandCross+1"],"picked":"Singing Bowl","floor":44},{"not_picked":["GravityBeat+1","ShootingEcho+1","6A+1","SuperPerseids+1"],"picked":"Singing Bowl","floor":46},{"not_picked":["SporeBomb+1","DC+1","MilkyWay+1","UnstableBomb+1"],"picked":"Singing Bowl","floor":48},{"not_picked":["BinaryStars","BlazingStar+1","IllusionStar+1","GalacticHalo+1"],"picked":"Singing Bowl","floor":54}],"player_experience":572564,"relics_obtained":[{"floor":6,"key":"Letter Opener"},{"floor":6,"key":"Akabeko"},{"floor":9,"key":"Smiling Mask"},{"floor":12,"key":"testmod-OneHitWonder"},{"floor":12,"key":"ShroomBag"},{"floor":14,"key":"Bottled Flame"},{"floor":16,"key":"Old Coin"},{"floor":19,"key":"Bottled Tornado"},{"floor":19,"key":"Boot"},{"floor":24,"key":"Orichalcum"},{"floor":24,"key":"War Paint"},{"floor":26,"key":"ScarletDevilRocket"},{"floor":28,"key":"MawBank"},{"floor":30,"key":"Potion Belt"},{"floor":36,"key":"testmod-Antiphasic"},{"floor":40,"key":"Prayer Wheel"},{"floor":43,"key":"Tea:ReiMu"},{"floor":44,"key":"testmod-TurbochargingSystem"},{"floor":46,"key":"Blood Vial"},{"floor":48,"key":"Vajra"},{"floor":54,"key":"Pen Nib"}],"event_choices":[{"damage_healed":0,"gold_gain":275,"player_choice":"Desecrate","damage_taken":0,"max_hp_gain":0,"max_hp_loss":0,"event_name":"Golden Shrine","floor":5,"gold_loss":0,"cards_obtained":["Regret"]},{"damage_healed":0,"gold_gain":175,"player_choice":"AGREE","damage_taken":0,"max_hp_gain":0,"max_hp_loss":0,"event_name":"Liars Game","floor":8,"gold_loss":0,"cards_obtained":["Doubt"]},{"damage_healed":0,"gold_gain":0,"cards_transformed":["Contraction"],"player_choice":"Transformed","damage_taken":0,"max_hp_gain":0,"max_hp_loss":0,"event_name":"Transmorgrifier","floor":11,"gold_loss":0,"cards_obtained":["FinalSpark"]},{"cards_removed":["ManaConvection"],"damage_healed":0,"gold_gain":0,"player_choice":"Removed Skill","damage_taken":0,"max_hp_gain":0,"max_hp_loss":0,"event_name":"Falling","floor":47,"gold_loss":0}],"is_beta":false,"boss_relics":[{"not_picked":["testmod-EnergyCheck","Astrolabe"],"picked":"testmod-NegativeEmotionEnhancer"},{"not_picked":["testmod-BatchProcessingSystem","testmod-IncinerationGenerator"],"picked":"Runic Pyramid"}],"items_purged_floors":[0,0,0,0,0,0,0,0,0,0,0],"is_endless":false,"potions_floor_spawned":[1,3,4,6,7,10,13,14,16,18,22,24,28,29,33,35,37,39,40,42,44,46,48,54],"ascension_level":8}}