{"host":"turdyikuxcak11ni","time":1607872531,"event":{"mods":["AchievementEnabler","BaseMod","Better Altar","Better Match","Better Note","Better Sensory Stone","Better Skull","Better Third Choice","Better Vampires","Colored Map","Downfall","Minty Spire (QoL Compilation)","Quick Restart","Relic Stats","Spicy Shops","StSLib","SuperFastMode"],"gold_per_floor":[99,99,99,126,51,51,51,85,96,96,196,215,235,235,253,357,357,357,371,371,391,391,391,391],"floor_reached":23,"playtime":1293,"items_purged":["Regret"],"score":247,"play_id":"9feea9c6-e7ad-408d-a289-49876198bfac","local_time":"20201213071531","is_ascension_mode":false,"campfire_choices":[{"data":"Guardian:TwinSlam","floor":1,"key":"SMITH"},{"data":"Guardian:EvasiveProtocol","floor":6,"key":"SMITH"},{"data":"Guardian:WalkerClaw","floor":10,"key":"SMITH"},{"data":"Guardian:GemFinder","floor":18,"key":"SMITH"},{"data":"expansioncontent:Sear","floor":20,"key":"SMITH"},{"floor":22,"key":"REST"}],"circlet_count":0,"master_deck":["Guardian:Strike_Guardian","Guardian:Strike_Guardian","Guardian:Defend_Guardian","Guardian:Defend_Guardian","Guardian:CurlUp+1","Guardian:TwinSlam+1","expansioncontent:Sear+1","Guardian:EvasiveProtocol+1","Guardian:WalkerClaw+1","Guardian:GemFinder+1","Guardian:Gem_Red","Guardian:TemporalStrike","Guardian:RevengeProtocol","Guardian:Gem_Synthetic","Guardian:Gem_Red","Guardian:PrismaticBarrier"],"relics":["Guardian:ModeShifter","downfall:HeartsMalice","Gremlin Horn","Anchor","Question Card","Mercury Hourglass","Empty Cage"],"acts_visited":["Exordium","TheCity"],"potions_floor_usage":[15,16,16],"damage_taken":[{"damage":0,"enemies":"Lagavulin","floor":4,"turns":1},{"damage":0,"enemies":"downfall:FleeingMerchant","floor":5,"turns":1},{"damage":0,"enemies":"3 Sentries","floor":8,"turns":1},{"damage":0,"enemies":"Jaw Worm","floor":9,"turns":2},{"damage":14,"enemies":"downfall:Heads","floor":11,"turns":5},{"damage":0,"enemies":"2 Louse","floor":12,"turns":1},{"damage":0,"enemies":"Cultist","floor":13,"turns":3},{"damage":1,"enemies":"2 Fungi Beasts","floor":15,"turns":3},{"damage":19,"enemies":"downfall:Watcher","floor":16,"turns":7},{"damage":17,"enemies":"Chosen","floor":19,"turns":5},{"damage":18,"enemies":"Spheric Guardian","floor":21,"turns":4},{"damage":78,"enemies":"Gremlin Leader","floor":23,"turns":6}],"seed_played":"4893774764809715712","potions_obtained":[{"floor":4,"key":"Block Potion"},{"floor":9,"key":"SteroidPotion"},{"floor":12,"key":"Swift Potion"}],"is_trial":false,"path_per_floor":["R","?","?","E","$","R","T","E","M","R","?","M","M","?","M","B",null,"R","M","R","M","R","E"],"character_chosen":"GUARDIAN","items_purchased":[],"campfire_rested":1,"item_purchase_floors":[],"current_hp_per_floor":[80,80,80,80,80,80,80,80,80,80,66,66,66,66,65,46,80,80,63,63,45,69,0,0],"gold":391,"neow_bonus":"THREE_ENEMY_KILL","is_daily":false,"chose_seed":false,"campfire_upgraded":5,"win_rate":0.0,"timestamp":1607872531,"path_taken":["R","?","?","E","$","R","T","E","?","R","?","M","M","?","M","BOSS","R","M","R","M","R","E"],"items_purchased_type":[],"build_version":"2020-11-30","purchased_purges":1,"victory":false,"max_hp_per_floor":[80,80,80,80,80,80,80,80,80,80,80,80,80,80,80,80,80,80,80,80,80,80,80,80],"relic_stats":{"Gremlin Horn":[5,5],"counters":[12,35],"Question Card":17,"obtain_stats":[{"Anchor":4,"Gremlin Horn":2,"Guardian:ModeShifter":0,"downfall:HeartsMalice":0,"Question Card":7,"Empty Cage":17,"Mercury Hourglass":8},{"Anchor":1,"Gremlin Horn":0,"Guardian:ModeShifter":0,"downfall:HeartsMalice":0,"Question Card":2,"Empty Cage":9,"Mercury Hourglass":3},{"Anchor":0,"Gremlin Horn":0,"Guardian:ModeShifter":0,"downfall:HeartsMalice":0,"Question Card":0,"Empty Cage":20,"Mercury Hourglass":0}],"Mercury Hourglass":[134]},"card_choices":[{"not_picked":["expansioncontent:Torchfire","expansioncontent:AwakenDeath"],"picked":"expansioncontent:Sear","floor":3},{"not_picked":["Guardian:Planning","Guardian:PrimingBeam"],"picked":"Guardian:EvasiveProtocol","floor":4},{"not_picked":["Guardian:CrystalBeam","Guardian:ShieldCharger"],"picked":"Guardian:WalkerClaw","floor":5},{"not_picked":["Guardian:RollAttack","Guardian:Gem_Cyan","Guardian:PiercingHide"],"picked":"Guardian:Gem_Red","floor":8},{"not_picked":["Guardian:FloatingOrbs","Guardian:MultiBeam","Guardian:TimeBomb"],"picked":"Guardian:Gem_Red","floor":9},{"not_picked":["Guardian:SentryBeam","Guardian:TimeBomb","Guardian:ShieldCharger"],"picked":"Guardian:Gem_Cyan","floor":11},{"not_picked":["Guardian:Repulse","Guardian:SphericShield","Guardian:Gem_Green"],"picked":"Guardian:Gem_Red","floor":12},{"not_picked":["Guardian:Gem_Green","Guardian:Gem_Cyan"],"picked":"Guardian:Gem_Red","floor":13},{"not_picked":["Guardian:RefractedBeam","Guardian:FastForward","Guardian:CrystalBeam"],"picked":"Guardian:Gem_Crimson","floor":13},{"not_picked":["Guardian:Gem_Green","Guardian:Gem_Cyan"],"picked":"Guardian:Gem_Red","floor":15},{"not_picked":["Guardian:PiercingHide","Guardian:ChargeCore","Guardian:TimeBomb"],"picked":"Guardian:TemporalStrike","floor":15},{"not_picked":["Guardian:Gem_Lightblue","Guardian:Gem_Green"],"picked":"Guardian:Gem_Cyan","floor":16},{"not_picked":["Guardian:HyperBeam_Guardian","Guardian:TimeSifter","Guardian:GemFinder"],"picked":"Guardian:RevengeProtocol","floor":16},{"not_picked":["Guardian:Gem_Lightblue","Guardian:Gem_Red"],"picked":"Guardian:Gem_Cyan","floor":19},{"not_picked":["Guardian:WalkerClaw","Guardian:Gem_Green","Guardian:Repulse+1"],"picked":"Guardian:Gem_Synthetic","floor":19},{"not_picked":["Guardian:Gem_Cyan","Guardian:Gem_Lightblue"],"picked":"Guardian:Gem_Red","floor":21},{"not_picked":["Guardian:VentSteam+1","Guardian:RollAttack","Guardian:Harden"],"picked":"Guardian:PrismaticBarrier","floor":21}],"player_experience":228287,"relics_obtained":[{"floor":4,"key":"Anchor"},{"floor":7,"key":"Question Card"},{"floor":8,"key":"Mercury Hourglass"}],"event_choices":[{"damage_healed":0,"gold_gain":0,"player_choice":"Box","damage_taken":0,"relics_obtained":["Gremlin Horn"],"max_hp_gain":0,"max_hp_loss":0,"event_name":"Big Fish","floor":2,"gold_loss":0,"cards_obtained":["Regret"]},{"damage_healed":0,"gold_gain":1,"player_choice":"1","damage_taken":0,"max_hp_gain":0,"max_hp_loss":0,"event_name":"betterStone:BetterStone","floor":3,"gold_loss":0}],"is_beta":false,"boss_relics":[{"not_picked":["Philosopher\u0027s Stone","Astrolabe"],"picked":"Empty Cage"}],"items_purged_floors":[5],"is_endless":false,"potions_floor_spawned":[4,9,12,13],"killed_by":"Gremlin Leader","ascension_level":0}}