{"host":"u4wwrwxco60h43l5","time":1607860551,"event":{"mods":["Always Whale","BaseMod","CapriCore","Koishi","Minty Spire (QoL Compilation)","Permanent Neow","StSLib","The Immortal","¡¼?Úª?ø«¡½REMEMod"],"gold_per_floor":[110,110,9,22,41,41,59,80,157,193,193,266,78,99,99,219,219,238,33,48,68,18,18,18],"floor_reached":23,"playtime":799,"items_purged":["Strike_P","Strike_P"],"score":193,"play_id":"a04c9fea-3b05-4203-9acf-07b96549d6c0","local_time":"20201213205551","is_ascension_mode":false,"campfire_choices":[{"data":"PathToVictory","floor":6,"key":"SMITH"},{"floor":15,"key":"REST"}],"circlet_count":0,"master_deck":["Strike_P","Strike_P","Defend_P","Defend_P","Defend_P","Defend_P","Eruption","Vigilance","Metamorphosis","SandsOfTime","PathToVictory+1","JustLucky","LikeWater","PathToVictory","Prostrate","Prostrate","Deep Breath","Alpha","SashWhip","Evaluate","REME_MusicOfDeath+1"],"relics":["REME_ComplimentaryCards","SlaversCollar","Golden Idol","Frozen Egg 2","Lizard Tail","Oddly Smooth Stone","Pantograph","Philosopher\u0027s Stone","Lee\u0027s Waffle"],"acts_visited":["Exordium","TheCity"],"potions_floor_usage":[16,23],"damage_taken":[{"damage":5,"enemies":"Small Slimes","floor":1,"turns":4},{"damage":17,"enemies":"Jaw Worm","floor":4,"turns":4},{"damage":0,"enemies":"Cultist","floor":5,"turns":4},{"damage":4,"enemies":"2 Fungi Beasts","floor":7,"turns":4},{"damage":8,"enemies":"Looter","floor":8,"turns":3},{"damage":21,"enemies":"Gremlin Nob","floor":10,"turns":4},{"damage":3,"enemies":"Large Slime","floor":14,"turns":4},{"damage":24,"enemies":"The Guardian","floor":16,"turns":8},{"damage":47,"enemies":"Spheric Guardian","floor":18,"turns":7},{"damage":15,"enemies":"Shell Parasite","floor":20,"turns":5},{"damage":35,"enemies":"Snake Plant","floor":21,"turns":6},{"damage":74,"enemies":"Gremlin Leader","floor":23,"turns":6}],"seed_played":"8979159570451500803","potions_obtained":[{"floor":7,"key":"StancePotion"},{"floor":8,"key":"Weak Potion"},{"floor":21,"key":"Explosive Potion"}],"is_trial":false,"path_per_floor":["M","?","$","M","M","R","M","M","T","E","?","T","$","M","R","B",null,"M","$","M","M","?","E"],"character_chosen":"WATCHER","items_purchased":["PathToVictory","Deep Breath","Lee\u0027s Waffle","Evaluate"],"campfire_rested":1,"item_purchase_floors":[3,13,19,19],"current_hp_per_floor":[67,67,67,50,50,50,46,38,38,17,10,10,10,7,27,28,67,20,74,59,24,24,0,0],"gold":18,"neow_bonus":"BOSS_RELIC","is_daily":false,"chose_seed":false,"campfire_upgraded":1,"win_rate":0.0,"timestamp":1607860551,"path_taken":["M","?","$","M","M","R","M","M","T","E","?","?","$","M","R","BOSS","M","$","M","M","?","E"],"items_purchased_type":["Card","Card","Relic","Card"],"build_version":"2020-11-30","purchased_purges":2,"victory":false,"max_hp_per_floor":[72,67,67,67,67,67,67,67,67,67,67,67,67,67,67,67,67,67,74,74,74,74,74,74],"card_choices":[{"not_picked":["EmptyBody","MentalFortress"],"picked":"SandsOfTime","floor":1},{"not_picked":["WaveOfTheHand","Crescendo"],"picked":"JustLucky","floor":4},{"not_picked":["EmptyFist","FlyingSleeves"],"picked":"LikeWater","floor":5},{"not_picked":["Prostrate","REME_MusicOfDeath"],"picked":"PathToVictory","floor":7},{"not_picked":["EmptyBody","EmptyFist"],"picked":"Prostrate","floor":8},{"not_picked":["EmptyBody","Halt"],"picked":"Prostrate","floor":10},{"not_picked":["ReachHeaven","WindmillStrike","FearNoEvil"],"picked":"SKIP","floor":14},{"not_picked":["Brilliance","REME_CRH"],"picked":"Alpha","floor":16},{"not_picked":["Protect+1","FollowUp"],"picked":"SashWhip","floor":18},{"not_picked":["Collect+1","Adaptation+1"],"picked":"REME_MusicOfDeath+1","floor":20},{"not_picked":["ThirdEye","EmptyMind","JustLucky"],"picked":"SKIP","floor":21}],"player_experience":111452,"relics_obtained":[{"floor":9,"key":"Frozen Egg 2"},{"floor":10,"key":"Lizard Tail"},{"floor":12,"key":"Pantograph"}],"event_choices":[{"damage_healed":0,"gold_gain":0,"player_choice":"Lose Max HP","damage_taken":0,"relics_obtained":["Golden Idol"],"max_hp_gain":0,"max_hp_loss":5,"event_name":"Golden Idol","floor":2,"gold_loss":0},{"damage_healed":0,"gold_gain":0,"player_choice":"Success","damage_taken":7,"relics_obtained":["Oddly Smooth Stone"],"max_hp_gain":0,"max_hp_loss":0,"event_name":"Scrap Ooze","floor":11,"gold_loss":0},{"damage_healed":0,"gold_gain":0,"player_choice":"Bet on Owner","damage_taken":0,"max_hp_gain":0,"max_hp_loss":0,"event_name":"The Joust","floor":22,"gold_loss":50}],"is_beta":false,"boss_relics":[{"not_picked":["Runic Dome","Busted Crown"],"picked":"Philosopher\u0027s Stone"}],"items_purged_floors":[3,13],"is_endless":false,"potions_floor_spawned":[7,8,21],"killed_by":"Gremlin Leader","ascension_level":0}}