{"host":"szp1d6dso4pv7ddl","time":1607822626,"event":{"mods":["AchievementEnabler","Alarm Clock","BaseMod","Bestiary","Block Reminder","Colored Map","Colored Powertips","Curses Come First","Displayed Cursed Tome","Highlight Path","Minty Spire (QoL Compilation)","Permanent Neow","Quick Restart","Relic Stats","StSLib"],"gold_per_floor":[116,132,132,145,160,160,190,190,190,190,62,81,81,104,104,229,229,253,82,7,32,45,45,144,144,144],"floor_reached":25,"playtime":2260,"items_purged":["Strike_B","Defend_B"],"score":244,"play_id":"ba9435d0-1911-42c1-9de4-2d661c1cf92a","local_time":"20201212172346","is_ascension_mode":true,"campfire_choices":[{"data":"Coolheaded","floor":6.0,"key":"SMITH"},{"floor":10.0,"key":"REST"},{"floor":13,"key":"REST"},{"data":"Redo","floor":15,"key":"SMITH"},{"data":"Self Repair","floor":23,"key":"SMITH"}],"circlet_count":0,"master_deck":["Strike_B","Strike_B","Defend_B","Defend_B","Dualcast","Cold Snap","FTL","Barrage","Coolheaded+1","Redo+1","Capacitor","Steam","Glacier","Aggregate","Machine Learning","Self Repair+1"],"relics":["Cracked Core","Dream Catcher","Golden Idol","InkBottle","Inserter"],"acts_visited":["Exordium","TheCity"],"potions_floor_usage":[16,25,25],"damage_taken":[{"damage":10.0,"enemies":"Small Slimes","floor":1.0,"turns":2.0},{"damage":8.0,"enemies":"2 Louse","floor":2.0,"turns":2.0},{"damage":0.0,"enemies":"Jaw Worm","floor":4.0,"turns":3.0},{"damage":6.0,"enemies":"Looter","floor":5.0,"turns":3.0},{"damage":16.0,"enemies":"Lagavulin","floor":7.0,"turns":8.0},{"damage":8.0,"enemies":"3 Louse","floor":12.0,"turns":3.0},{"damage":0,"enemies":"Blue Slaver","floor":14,"turns":5},{"damage":32,"enemies":"Hexaghost","floor":16,"turns":15},{"damage":0,"enemies":"Spheric Guardian","floor":18,"turns":7},{"damage":4,"enemies":"Shell Parasite","floor":21,"turns":9},{"damage":37,"enemies":"Cultist and Chosen","floor":22,"turns":9},{"damage":47,"enemies":"Book of Stabbing","floor":25,"turns":6}],"seed_played":"-1909134812989605071","potions_obtained":[{"floor":4.0,"key":"LiquidBronze"},{"floor":7.0,"key":"GamblersBrew"},{"floor":12.0,"key":"Weak Potion"},{"floor":14,"key":"Block Potion"},{"floor":18,"key":"GamblersBrew"}],"is_trial":false,"path_per_floor":["M","M","?","M","M","R","E","?","T","R","$","M","R","M","R","B",null,"M","$","?","M","M","R","?","E"],"character_chosen":"DEFECT","items_purchased":["Steam","Self Repair"],"campfire_rested":2,"item_purchase_floors":[11,19],"current_hp_per_floor":[44,36,61,61,55,55,39,21,21,43,43,35,57,57,57,25,75,75,75,75,75,45,45,45,0,0],"gold":144,"neow_bonus":"TRANSFORM_TWO_CARDS","is_daily":false,"chose_seed":false,"campfire_upgraded":3,"win_rate":0.0,"timestamp":1607822626,"path_taken":["M","M","?","M","M","R","E","?","T","R","$","M","R","M","R","BOSS","M","$","?","M","M","R","?","E"],"items_purchased_type":["Card","Card"],"build_version":"2020-11-30","purchased_purges":2,"victory":false,"max_hp_per_floor":[75,75,75,75,75,75,75,75,75,75,75,75,75,75,75,75,75,75,75,75,75,75,75,75,75,75],"relic_stats":{"Dream Catcher":2,"Inserter":[15],"counters":[12,72],"Golden Idol":47,"obtain_stats":[{"Dream Catcher":7,"Inserter":17,"Golden Idol":8,"Cracked Core":0,"InkBottle":9},{"Dream Catcher":5,"Inserter":8,"Golden Idol":5,"Cracked Core":0,"InkBottle":5},{"Dream Catcher":18,"Inserter":41,"Golden Idol":18,"Cracked Core":0,"InkBottle":18}],"InkBottle":[17]},"card_choices":[{"not_picked":["Sunder","Beam Cell"],"picked":"Barrage","floor":1.0},{"not_picked":["Reinforced Body","Reprogram","Compile Driver"],"picked":"SKIP","floor":2.0},{"not_picked":["Gash","Turbo"],"picked":"Coolheaded","floor":4.0},{"not_picked":["Barrage","Steam","Sweeping Beam"],"picked":"SKIP","floor":5.0},{"not_picked":["BootSequence","Reprogram"],"picked":"Redo","floor":7.0},{"not_picked":["Core Surge","Doom and Gloom"],"picked":"Capacitor","floor":10.0},{"not_picked":["Rebound","Compile Driver","Redo"],"picked":"SKIP","floor":12.0},{"not_picked":["Steam","Redo"],"picked":"Glacier","floor":13},{"not_picked":["Stack","Storm"],"picked":"Aggregate","floor":14},{"not_picked":["Buffer","Seek"],"picked":"Machine Learning","floor":16},{"not_picked":["Static Discharge","Tempest","Go for the Eyes+1"],"picked":"SKIP","floor":18},{"not_picked":["Rebound","Beam Cell","Go for the Eyes"],"picked":"SKIP","floor":21},{"not_picked":["Sweeping Beam","Redo","Steam+1"],"picked":"SKIP","floor":22}],"player_experience":927385,"relics_obtained":[{"floor":7.0,"key":"Dream Catcher"},{"floor":9.0,"key":"InkBottle"}],"event_choices":[{"damage_healed":25.0,"max_hp_gain":0.0,"max_hp_loss":0.0,"gold_gain":0.0,"event_name":"Big Fish","player_choice":"Banana","floor":3.0,"gold_loss":0.0,"damage_taken":0.0},{"damage_healed":0.0,"max_hp_gain":0.0,"max_hp_loss":0.0,"gold_gain":0.0,"event_name":"Golden Idol","player_choice":"Take Damage","floor":8.0,"gold_loss":0.0,"damage_taken":18.0,"relics_obtained":["Golden Idol"]},{"cards_removed":["Zap"],"damage_healed":0,"gold_gain":0,"player_choice":"Gave Gold","damage_taken":0,"max_hp_gain":0,"max_hp_loss":0,"event_name":"Beggar","floor":20,"gold_loss":75},{"damage_healed":0,"gold_gain":99,"player_choice":"Stole From Cult","damage_taken":0,"max_hp_gain":0,"max_hp_loss":0,"event_name":"Nest","floor":24,"gold_loss":0}],"is_beta":false,"boss_relics":[{"not_picked":["Fusion Hammer","Busted Crown"],"picked":"Inserter"}],"items_purged_floors":[11,19],"is_endless":false,"potions_floor_spawned":[4,7,12,14,18],"killed_by":"Book of Stabbing","ascension_level":4}}