{"host":"dr5ef424til0p8zn","time":1607874693,"event":{"mods":["2.2 Compatiblity","Act Like it!","BaseMod","Hallownest","Hermit","Minty Spire (QoL Compilation)","Shade Mod","StSLib","Td1madao Mod","The Bug Knight","The Hierophant"],"gold_per_floor":[144,189,189,214,214,304,349,394,444,444,534,579,266,311,311,611,611,691,191,101,146,191,191,236,326,351,271,271,361,373,430,442,754,766,823,995,1052,1064,1076,1088,1190,1247,1284,1296,1416,1503,1515,746,746,1046],"floor_reached":51,"playtime":7312,"items_purged":["Burn"],"score":828,"play_id":"05632925-bc90-4153-b6ad-7b08f2b4d031","local_time":"20201213165133","daily_mods":["Chimera","Blue Cards","Midas"],"is_ascension_mode":false,"campfire_choices":[{"floor":10.0,"key":"REST"},{"floor":15.0,"key":"REST"},{"floor":23.0,"key":"REST"},{"floor":30.0,"key":"REST"},{"floor":32.0,"key":"REST"},{"floor":40,"key":"REST"},{"floor":44,"key":"REST"},{"floor":47,"key":"REST"},{"floor":49,"key":"REST"}],"circlet_count":0,"master_deck":["Bash+1","Survivor","Zap","Knight Kick+1","Chip","Strike_R","Strike_G","Strike_B","Strike_C","Defend_R","Defend_G","Defend_B","Defend_C","Recovery Mechanism","Paralysis","Provocative","Black Hand","Transfer Energy","Twin Teeth","E MP+1","Bugfix","Overclocking","Here Defend Chip","Lunge","Black Spear","Chip Synthesis","Machining+1","Reinforcement Parts","Paralysis+1","Rupture+1","Hallownest:skillCityofTearsMap","Retrieval Recycling","Fixing+1","Preparedness+1","Black Warm Hole+1","Twin Teeth+1","Fixing+1","Burn","Cooling Song","Black Contract","Provocative+1","Retrieval Recycling","Cooling Song","De Ware Chip+1","Memory Alloy"],"relics":["Apod","Ancient Tea Set","Dream Catcher","Centennial Puzzle","Strawberry","Potion Belt","SacredBark","Girl Clothes","Sling","Hallownest:StagBellRelic1","Nunchaku","MealTicket","MawBank","Foreshadowing","Hallownest:GodTamersBeastRelic","Hallownest:KingsIdolRelic","Akabeko","Whetstone","Thread and Needle","Orichalcum","War Paint","DollysMirror","Blood Vial"],"acts_visited":["Exordium","Hallownest:CityofTears","Hallownest:KingdomsEdge"],"potions_floor_usage":[42,45,45,45,46,50,50],"damage_taken":[{"damage":1.0,"enemies":"Jaw Worm","floor":1.0,"turns":4.0},{"damage":1.0,"enemies":"Small Slimes","floor":2.0,"turns":4.0},{"damage":5.0,"enemies":"Lagavulin","floor":6.0,"turns":6.0},{"damage":0.0,"enemies":"Cultist","floor":7.0,"turns":3.0},{"damage":0.0,"enemies":"Large Slime","floor":8.0,"turns":4.0},{"damage":5.0,"enemies":"3 Sentries","floor":11.0,"turns":3.0},{"damage":5.0,"enemies":"Lots of Slimes","floor":12.0,"turns":3.0},{"damage":12.0,"enemies":"Exordium Thugs","floor":14.0,"turns":4.0},{"damage":53.0,"enemies":"Hexaghost","floor":16.0,"turns":11.0},{"damage":23.0,"enemies":"Hallownest:3_Youths","floor":18.0,"turns":9.0},{"damage":0.0,"enemies":"Hallownest:Flukemon_and_Top","floor":21.0,"turns":7.0},{"damage":2.0,"enemies":"Hallownest:Master_and_Novice","floor":22.0,"turns":7.0},{"damage":6.0,"enemies":"Hallownest:2_Flukemon","floor":24.0,"turns":7.0},{"damage":24.0,"enemies":"Hallownest:eliteSoulWarrior","floor":25.0,"turns":6.0},{"damage":1.0,"enemies":"Hallownest:Nosk","floor":29.0,"turns":6.0},{"damage":5.0,"enemies":"Hallownest:monsterShrumalOgre","floor":31.0,"turns":6.0},{"damage":19.0,"enemies":"Hallownest:BossGrimm","floor":33.0,"turns":9.0},{"damage":10.0,"enemies":"Hallownest:2_Littles","floor":35.0,"turns":5.0},{"damage":1.0,"enemies":"Hallownest:2_Littles","floor":36.0,"turns":5.0},{"damage":0.0,"enemies":"Hallownest:2_Littles","floor":36.0,"turns":5.0},{"damage":28.0,"enemies":"Hallownest:2_Littles","floor":36.0,"turns":5.0},{"damage":0.0,"enemies":"Hallownest:2_Littles","floor":36.0,"turns":2.0},{"damage":10,"enemies":"Hallownest:Shield_Heavy","floor":37,"turns":4},{"damage":10,"enemies":"Hallownest:eliteCollector","floor":41,"turns":4},{"damage":0,"enemies":"Hallownest:2_Soldiers_and_1_Guardian","floor":42,"turns":7},{"damage":14,"enemies":"Hallownest:2_Primals","floor":45,"turns":5},{"damage":26,"enemies":"Hallownest:StalkingDevout","floor":46,"turns":6},{"damage":10,"enemies":"Hallownest:Radiance","floor":50,"turns":10}],"seed_played":"-2740983366772686195","potions_obtained":[{"floor":1.0,"key":"SkillPotion"},{"floor":2.0,"key":"SteroidPotion"},{"floor":5.0,"key":"Regen Potion"},{"floor":5.0,"key":"CultistPotion"},{"floor":6.0,"key":"Explosive Potion"},{"floor":8.0,"key":"Explosive Potion"},{"floor":16.0,"key":"Ancient Potion"},{"floor":22.0,"key":"FearPotion"},{"floor":29.0,"key":"PowerPotion"},{"floor":31.0,"key":"Dexterity Potion"},{"floor":35.0,"key":"GamblersBrew"},{"floor":37,"key":"Weak Potion"},{"floor":42,"key":"DuplicationPotion"},{"floor":45,"key":"Fire Potion"}],"is_trial":false,"path_per_floor":["M","M","?","T","?","E","M","M","T","R","E","M","$","M","R","B",null,"M","$","?","M","M","R","M","E","T","?","?","E","R","M","R","B",null,"M","?","M","?","?","R","E","M","T","R","?","E","R","$","R","B",null],"character_chosen":"TD1MADAO_CLASS","items_purchased":["Overclocking","Here Defend Chip","EntropicBrew","Girl Clothes","Fruit Juice","Sling","War Paint","GamblersBrew","Energy Potion","Block Potion","DollysMirror","Blood Vial","Cooling Song"],"campfire_rested":9,"item_purchase_floors":[13,13,13,19,19,19,48,48,48,48,48,48,48],"current_hp_per_floor":[69,68,65,65,65,60,60,60,67,77,72,67,67,67,77,24,77,54,64,64,68,66,87,81,57,57,57,57,56,82,77,87,68,87,77,48,38,38,30,56,46,46,46,72,58,32,58,73,87,77],"gold":1046,"neow_bonus":"","is_daily":true,"chose_seed":false,"campfire_upgraded":0,"win_rate":0.0,"timestamp":1607874693,"path_taken":["M","M","?","?","?","E","M","?","T","R","E","M","$","M","R","BOSS","M","$","?","?","M","R","M","E","T","?","?","E","R","M","R","BOSS","M","?","M","?","?","R","E","?","T","R","?","E","R","$","R","BOSS"],"items_purchased_type":["Card","Card","Potion","Relic","Potion","Relic","Relic","Potion","Potion","Potion","Relic","Relic","Card"],"build_version":"2020-11-30","purchased_purges":1,"victory":true,"max_hp_per_floor":[70,70,70,70,70,70,70,70,77,77,77,77,77,77,77,77,77,77,87,87,87,87,87,87,87,87,87,87,87,87,87,87,87,87,87,87,87,87,87,87,87,87,87,87,87,87,87,87,87,87],"card_choices":[{"not_picked":["Fire Up","Load Balancing"],"picked":"Recovery Mechanism","floor":1.0},{"not_picked":["Trader","White Contract"],"picked":"Paralysis","floor":2.0},{"not_picked":["Rupture","Fixing"],"picked":"Provocative","floor":6.0},{"not_picked":["De Ware Chip","Resistance"],"picked":"Black Hand","floor":7.0},{"not_picked":["Sudden Beat","Lunge"],"picked":"Transfer Energy","floor":8.0},{"not_picked":["Defend System","New Defend Magic"],"picked":"Twin Teeth","floor":10.0},{"not_picked":["Ruin Defend","Black Spear"],"picked":"E MP","floor":11.0},{"not_picked":["Black Shadow","New Defend Magic"],"picked":"Bugfix","floor":12.0},{"not_picked":["Ruin Defend","Black Hand"],"picked":"Lunge","floor":14.0},{"not_picked":["Lunge","Light Attack"],"picked":"Black Spear","floor":15.0},{"not_picked":["Overclocking","Moon Tear"],"picked":"Chip Synthesis","floor":16.0},{"not_picked":["De Ware Chip","Resistance+1"],"picked":"Machining+1","floor":18.0},{"not_picked":["Here Defend Chip","Pod Fire","Oblique Hack"],"picked":"SKIP","floor":21.0},{"not_picked":["Winding Magic","Resistance"],"picked":"Reinforcement Parts","floor":22.0},{"not_picked":["Floating Even","New Defend Magic+1"],"picked":"Paralysis+1","floor":24.0},{"not_picked":["Perfect Defend","Load Balancing"],"picked":"Rupture+1","floor":25.0},{"not_picked":["Provocative+1","Transfer Energy"],"picked":"Retrieval Recycling","floor":28.0},{"not_picked":["Twin Teeth","Transfer Energy+1","Black Execution+1"],"picked":"SKIP","floor":29.0},{"not_picked":["White Contract","Perfect Defend"],"picked":"Fixing+1","floor":31.0},{"not_picked":["Lunge","Cursed Blade"],"picked":"Preparedness+1","floor":32.0},{"not_picked":["Memory Alloy","Pod Laser"],"picked":"Black Warm Hole","floor":33.0},{"not_picked":["Floating Even","Cursed Blade"],"picked":"Twin Teeth+1","floor":35.0},{"not_picked":["White Contract","Lunge"],"picked":"Fixing+1","floor":37},{"not_picked":["Black Execution+1","Gravity Defend"],"picked":"Cooling Song","floor":40},{"not_picked":["Defend System","Bursts","E MP+1"],"picked":"SKIP","floor":41},{"not_picked":["Defend System","White Contract","Oblique Hack+1"],"picked":"SKIP","floor":42},{"not_picked":["Reinforcement Parts+1","Fire Blade"],"picked":"Black Contract","floor":46},{"not_picked":["Lunge+1","Bugfix"],"picked":"Provocative+1","floor":47},{"not_picked":["Provocative+1","Afterwards+1"],"picked":"De Ware Chip+1","floor":49},{"not_picked":["Data Freezing","Pod Laser"],"picked":"Memory Alloy","floor":50}],"player_experience":417037,"relics_obtained":[{"floor":4.0,"key":"Dream Catcher"},{"floor":6.0,"key":"Centennial Puzzle"},{"floor":9.0,"key":"Strawberry"},{"floor":11.0,"key":"Potion Belt"},{"floor":25.0,"key":"Nunchaku"},{"floor":26.0,"key":"MealTicket"},{"floor":29.0,"key":"MawBank"},{"floor":41,"key":"Akabeko"},{"floor":43,"key":"Whetstone"},{"floor":45,"key":"Thread and Needle"},{"floor":46,"key":"Orichalcum"}],"event_choices":[{"damage_healed":0.0,"max_hp_gain":0.0,"max_hp_loss":0.0,"gold_gain":0.0,"event_name":"Scrap Ooze","player_choice":"Success","floor":3.0,"gold_loss":0.0,"damage_taken":3.0,"relics_obtained":["Ancient Tea Set"]},{"damage_healed":0.0,"max_hp_gain":0.0,"max_hp_loss":0.0,"gold_gain":0.0,"event_name":"Lab","player_choice":"Got Potions","floor":5.0,"gold_loss":0.0,"damage_taken":0.0}],"is_beta":false,"boss_relics":[{"not_picked":["Runic Dome","Cursed Key"],"picked":"SacredBark"},{"not_picked":["Snecko Eye","Busted Crown"],"picked":"Foreshadowing"}],"items_purged_floors":[48],"is_endless":false,"potions_floor_spawned":[1,2,6,8,16,22,29,31,35,36,37,42,45],"ascension_level":0}}