{"host":"0530d8gaxbqeriw8","time":1607883001,"event":{"mods":["BaseMod","HololiveMod","KinomotoSakuraMod(¤ì¤§¥»?)","Minty Spire (QoL Compilation)","Remove Card Discount Mod","StSLib","The Animator","The Servant 0.9.4"],"gold_per_floor":[109,119,119,136,136,136,176,176,176,188,208,208,208,239,239,344,344,360,370,370,380,290,315,327,327,399,433,433,458,382,427,427,531,531,543,543,543,557,610,610,627,627,679,705,705,705,705,717,717,717,717,717,533,583,638,714,714,714,789,869,959,959,1054,1125,1125,1125,1240,1240,1240],"floor_reached":70,"playtime":5088,"items_purged":[],"score":1274,"play_id":"8ee41832-8ac9-4dd4-b335-97da7a623ed8","local_time":"20201214021001","is_ascension_mode":false,"campfire_choices":[{"floor":6.0,"key":"RECALL"},{"data":"animator:Emonzaemon","floor":12.0,"key":"SMITH"},{"data":"animator:Benimaru","floor":15.0,"key":"SMITH"},{"data":"animator:Yuuichirou","floor":25.0,"key":"SMITH"},{"data":"animator:Jibril","floor":28.0,"key":"SMITH"},{"data":"animator:MamiTomoe","floor":32.0,"key":"SMITH"},{"data":"animator:FielNirvalen","floor":40.0,"key":"SMITH"},{"data":"animator:CrowleyEusford","floor":49.0,"key":"SMITH"},{"data":"animator:MamiTomoe","floor":52.0,"key":"SMITH"},{"data":"animator:Urushihara","floor":68,"key":"SMITH"}],"circlet_count":0,"master_deck":["animator:Strike_Konosuba","animator:Strike+1","animator:Strike","animator:Strike","animator:Kazuma+1","animator:Benimaru","animator:LizardPriest+1","animator:Genos","animator:Vanir+1","animator:Greed","animator:Emonzaemon+1","animator:Melzalgald+1","animator:Yuuichirou+1","animator:Albedo+1","animator:KotoriKanbe","animator:Rimuru","animator:PandorasActor+1","animator:Raven","animator:Spearman","animator:Jibril","animator:Genos+1","animator:FielNirvalen+1","animator:MamiTomoe","animator:Guren","animator:Spearman","animator:CrowleyEusford+1","animator:MamiTomoe","animator:Urushihara+1","animator:Vanir+1","animator:CrowleyEusford+1","animator:Urushihara","animator:Berserker+1","animator:Yuuichirou+1","animator:Guren+1","animator:ChaikaTrabant"],"relics":["animator:TheWolleyCore","animator:LivingPicture","animator:TheMissingPiece","animator:AncientMedallion"],"acts_visited":["Exordium","TheCity","TheBeyond","TheEnding","EYB:TheUnnamedReign"],"potions_floor_usage":[69,69,69],"damage_taken":[{"damage":0.0,"enemies":"Cultist","floor":1.0,"turns":1.0},{"damage":0.0,"enemies":"2 Louse","floor":2.0,"turns":1.0},{"damage":0.0,"enemies":"Jaw Worm","floor":4.0,"turns":1.0},{"damage":9.0,"enemies":"Lagavulin","floor":7.0,"turns":6.0},{"damage":17.0,"enemies":"Lots of Slimes","floor":10.0,"turns":5.0},{"damage":0.0,"enemies":"Looter","floor":11.0,"turns":3.0},{"damage":0.0,"enemies":"Gremlin Nob","floor":14.0,"turns":4.0},{"damage":0.0,"enemies":"Slime Boss","floor":16.0,"turns":8.0},{"damage":0.0,"enemies":"Shell Parasite","floor":18.0,"turns":3.0},{"damage":0.0,"enemies":"Chosen","floor":19.0,"turns":3.0},{"damage":0.0,"enemies":"Centurion and Healer","floor":21.0,"turns":4.0},{"damage":9.0,"enemies":"Book of Stabbing","floor":23.0,"turns":6.0},{"damage":0.0,"enemies":"Shelled Parasite and Fungi","floor":24.0,"turns":4.0},{"damage":7.0,"enemies":"animator:HornedBat","floor":27.0,"turns":7.0},{"damage":14.0,"enemies":"Book of Stabbing","floor":29.0,"turns":6.0},{"damage":8.0,"enemies":"animator:HornedBat","floor":31.0,"turns":7.0},{"damage":73.0,"enemies":"Automaton","floor":33.0,"turns":10.0},{"damage":15.0,"enemies":"3 Shapes","floor":35.0,"turns":5.0},{"damage":18.0,"enemies":"Orb Walker","floor":38.0,"turns":6.0},{"damage":15.0,"enemies":"2 Orb Walkers","floor":39.0,"turns":4.0},{"damage":0.0,"enemies":"Jaw Worm Horde","floor":41.0,"turns":4.0},{"damage":0.0,"enemies":"Giant Head","floor":44.0,"turns":7.0},{"damage":0.0,"enemies":"Writhing Mass","floor":48.0,"turns":4.0},{"damage":28.0,"enemies":"Awakened One","floor":50.0,"turns":9.0},{"damage":0.0,"enemies":"animator:UNNAMED_HAT","floor":54.0,"turns":5.0},{"damage":11.0,"enemies":"animator:UNNAMED_CULTIST_1","floor":55.0,"turns":5.0},{"damage":16.0,"enemies":"animator:LARGE_WISP","floor":59.0,"turns":5.0},{"damage":0.0,"enemies":"animator:UNNAMED_CULTIST_2","floor":60.0,"turns":6.0},{"damage":12.0,"enemies":"animator:ULTIMATE_WISP","floor":63.0,"turns":6.0},{"damage":56.0,"enemies":"animator:ULTIMATE_CRYSTAL","floor":67.0,"turns":9.0}],"seed_played":"-1228071128605640024","potions_obtained":[{"floor":1.0,"key":"animator:FalseLifePotion"},{"floor":4.0,"key":"Strength Potion"},{"floor":7.0,"key":"EssenceOfSteel"},{"floor":18.0,"key":"Block Potion"},{"floor":21.0,"key":"DuplicationPotion"},{"floor":33.0,"key":"Strength Potion"},{"floor":35.0,"key":"Swift Potion"},{"floor":41.0,"key":"SteroidPotion"},{"floor":44.0,"key":"Swift Potion"},{"floor":48.0,"key":"ColorlessPotion"},{"floor":54.0,"key":"animator:FalseLifePotion"},{"floor":55.0,"key":"animator:FalseLifePotion"},{"floor":59.0,"key":"animator:FalseLifePotion"}],"is_trial":false,"path_per_floor":["M","M","T","M","$","R","E","?","T","M","M","R","$","E","R","B",null,"M","M","?","M","?","E","M","R","T","E","R","E","$","E","R","B",null,"M","?","$","M","?","R","M","?","T","E","$","?","?","M","R","B",null,"R","??","M","M","T","?","$","M","M","?","$","E","T","?","$","E","R","B",null],"character_chosen":"THE_ANIMATOR","items_purchased":["animator:FielNirvalen"],"campfire_rested":0,"item_purchase_floors":[30],"current_hp_per_floor":[66,66,66,66,66,66,66,66,66,66,66,66,66,66,66,66,66,66,66,66,66,66,66,66,66,66,66,66,66,66,66,66,66,66,66,66,66,66,66,66,66,66,66,66,66,66,66,66,66,66,66,66,86,86,86,86,86,86,86,86,86,86,86,86,86,86,86,86,86],"gold":1240,"neow_bonus":"THREE_ENEMY_KILL","is_daily":false,"chose_seed":false,"campfire_upgraded":9,"win_rate":0.0,"timestamp":1607883001,"path_taken":["M","M","?","M","?","R","E","?","T","?","M","R","$","E","R","BOSS","M","M","?","?","?","E","?","R","T","E","R","E","?","E","R","BOSS","M","?","?","M","?","R","M","?","T","E","$","?","?","M","R","BOSS","R","??","M","M","T","?","$","M","M","?","$","E","T","?","$","E","R","BOSS"],"items_purchased_type":["Card"],"build_version":"2020-11-30","purchased_purges":0,"victory":true,"max_hp_per_floor":[66,66,66,66,66,66,66,66,66,66,66,66,66,66,66,66,66,66,66,66,66,66,66,66,66,66,66,66,66,66,66,66,66,66,66,66,66,66,66,66,66,66,66,66,66,66,66,66,66,66,66,66,86,86,86,86,86,86,86,86,86,86,86,86,86,86,86,86,86],"card_choices":[{"not_picked":["animator:YachiyoNanami","animator:Layla"],"picked":"animator:Benimaru","floor":1.0},{"not_picked":["animator:DolaSchwi","animator:HighElfArcher"],"picked":"animator:LizardPriest","floor":2.0},{"not_picked":["animator:Azekura","animator:Rider"],"picked":"animator:Genos","floor":4.0},{"not_picked":["animator:Wiz","animator:Mitsurugi"],"picked":"animator:Vanir","floor":7.0},{"not_picked":["animator:Chris","animator:Hakurou"],"picked":"animator:Emonzaemon","floor":10.0},{"not_picked":["animator:Entoma","animator:Konayuki"],"picked":"animator:Melzalgald","floor":11.0},{"not_picked":["animator:Tyuule","animator:FeridBathory"],"picked":"animator:Yuuichirou","floor":14.0},{"not_picked":["animator:Elesis","animator:MadokaKaname"],"picked":"animator:Albedo","floor":16.0},{"not_picked":["animator:Shuna","animator:GazelDwargon"],"picked":"animator:Vesta","floor":18.0},{"not_picked":["animator:SilverFang","animator:GuildGirl"],"picked":"animator:Raven+1","floor":19.0},{"not_picked":["animator:ElricEdward+1","animator:Verdia"],"picked":"animator:Spearman+1","floor":21.0},{"not_picked":["animator:PinaCoLada","animator:Shichika"],"picked":"animator:Jibril","floor":23.0},{"not_picked":["animator:Tatsumaki","animator:MumenRider"],"picked":"animator:Genos","floor":24.0},{"not_picked":["animator:YachiyoNanami","animator:IzunaHatsuse","animator:Rena","animator:GazelDwargon"],"picked":"SKIP","floor":27.0},{"not_picked":["animator:Add","animator:SakuraMatou","animator:Ain","animator:MumenRider"],"picked":"SKIP","floor":29.0},{"not_picked":["animator:Add","animator:SilverFang+1","animator:ChaikaBohdan+1"],"picked":"animator:MamiTomoe","floor":31.0},{"not_picked":["animator:Greed","animator:PinaCoLada","animator:Eris"],"picked":"animator:Guren","floor":33.0},{"not_picked":["animator:RinTohsaka+1","animator:ElricEdward+1","animator:Shion"],"picked":"animator:Spearman+1","floor":35.0},{"not_picked":["animator:Mikaela","animator:KrulTepes","animator:Yoichi"],"picked":"animator:CrowleyEusford","floor":35.0},{"not_picked":["animator:Yoichi","animator:Gillette","animator:Sloth","animator:ShinjiMatou"],"picked":"SKIP","floor":38.0},{"not_picked":["animator:ChaikaBohdan+1","animator:YaoHaDucy","animator:Illya+1","animator:Guy"],"picked":"SKIP","floor":38.0},{"not_picked":["animator:IzunaHatsuse","animator:Layla+1","animator:GazelDwargon","animator:CowGirl+1"],"picked":"SKIP","floor":41.0},{"not_picked":["animator:SilverFang+1","animator:Illya","animator:Tyuule","animator:Tet"],"picked":"SKIP","floor":41.0},{"not_picked":["animator:Chris","animator:Sebas+1","animator:Tyuule+1"],"picked":"animator:MamiTomoe","floor":44.0},{"not_picked":["animator:TanyaDegurechaff","animator:QuestionMark","animator:NononJakuzure"],"picked":"animator:Urushihara","floor":46.0},{"not_picked":["animator:Konayuki+1","animator:IrohaTamaki+1","animator:Demiurge+1"],"picked":"animator:Vanir+1","floor":48.0},{"not_picked":["animator:Shigure","animator:Yoichi","animator:Mikaela"],"picked":"animator:CrowleyEusford","floor":48.0},{"not_picked":["animator:Shichika","animator:Jibril","animator:SuzuneAmano"],"picked":"SKIP","floor":54.0},{"not_picked":["animator:RoyMustang","animator:Entoma+1","animator:Mitsuba"],"picked":"SKIP","floor":55.0},{"not_picked":["animator:MisaKurobane","animator:MisakiNakahara"],"picked":"animator:Urushihara","floor":57.0},{"not_picked":["animator:Tyuule","animator:Benimaru+1"],"picked":"animator:Berserker","floor":59.0},{"not_picked":["animator:HiiragiShinya","animator:Shinoa"],"picked":"animator:Yuuichirou","floor":60.0},{"not_picked":["animator:Sora","animator:AcuraAkari","animator:Shuna"],"picked":"SKIP","floor":63.0},{"not_picked":["animator:Gilgamesh+1","animator:MadokaKaname+1"],"picked":"animator:Guren+1","floor":65.0},{"not_picked":["animator:Emonzaemon","animator:Boros"],"picked":"animator:ChaikaTrabant","floor":67}],"player_experience":22723,"relics_obtained":[{"floor":7.0,"key":"TungstenRod"},{"floor":9.0,"key":"Bag of Marbles"},{"floor":14.0,"key":"animator:WornHelmet"},{"floor":23.0,"key":"Happy Flower"},{"floor":26.0,"key":"Question Card"},{"floor":27.0,"key":"Prayer Wheel"},{"floor":29.0,"key":"HornCleat"},{"floor":31.0,"key":"Sundial"},{"floor":39.0,"key":"Torii"},{"floor":43.0,"key":"Potion Belt"},{"floor":44.0,"key":"White Beast Statue"},{"floor":53.0,"key":"animator:TheWolleyCore"},{"floor":56.0,"key":"animator:AncientMedallion"},{"floor":63.0,"key":"animator:AncientMedallion"},{"floor":64.0,"key":"animator:AncientMedallion"},{"floor":67,"key":"animator:AncientMedallion"}],"event_choices":[{"damage_healed":0.0,"max_hp_gain":0.0,"max_hp_loss":0.0,"gold_gain":0.0,"event_name":"Match and Keep!","player_choice":"2 cards matched","floor":8.0,"gold_loss":0.0,"damage_taken":0.0,"cards_obtained":["animator:TsurugaMeisai","animator:Greed"]},{"damage_healed":0.0,"max_hp_gain":0.0,"max_hp_loss":0.0,"gold_gain":0.0,"event_name":"Upgrade Shrine","player_choice":"Upgraded","floor":20.0,"gold_loss":0.0,"damage_taken":0.0,"cards_upgraded":["animator:Albedo"]},{"cards_removed":["animator:Aqua"],"damage_healed":0.0,"max_hp_gain":0.0,"max_hp_loss":0.0,"gold_gain":0.0,"event_name":"Designer","player_choice":"Upgrade and Remove","floor":22.0,"gold_loss":90.0,"damage_taken":0.0,"cards_upgraded":["animator:Vanir"]},{"cards_removed":["animator:Defend"],"damage_healed":0.0,"max_hp_gain":0.0,"max_hp_loss":0.0,"gold_gain":0.0,"event_name":"Purifier","player_choice":"Purged","floor":36.0,"gold_loss":0.0,"damage_taken":0.0},{"damage_healed":0.0,"max_hp_gain":0.0,"max_hp_loss":0.0,"gold_gain":0.0,"event_name":"Mysterious Sphere","player_choice":"Fight","floor":39.0,"gold_loss":0.0,"damage_taken":0.0},{"damage_healed":0.0,"max_hp_gain":0.0,"max_hp_loss":0.0,"gold_gain":0.0,"event_name":"Tomb of Lord Red Mask","player_choice":"Ignored","floor":42.0,"gold_loss":0.0,"damage_taken":0.0},{"damage_healed":0.0,"max_hp_gain":0.0,"max_hp_loss":0.0,"gold_gain":0.0,"event_name":"SensoryStone","player_choice":"Memory 3","floor":46.0,"gold_loss":0.0,"damage_taken":10.0},{"damage_healed":0.0,"max_hp_gain":0.0,"max_hp_loss":0.0,"gold_gain":0.0,"event_name":"The Woman in Blue","player_choice":"Bought 0 Potions","floor":47.0,"gold_loss":0.0,"damage_taken":0.0},{"damage_healed":0.0,"max_hp_gain":0.0,"max_hp_loss":0.0,"gold_gain":0.0,"event_name":"SensoryStone","player_choice":"Memory 3","floor":57.0,"gold_loss":0.0,"damage_taken":10.0}],"is_beta":false,"boss_relics":[{"not_picked":["Hololive_TopUpMoneyS","SacredBark"],"picked":"Astrolabe"},{"not_picked":["Mark of Pain","Velvet Choker"],"picked":"Empty Cage"}],"items_purged_floors":[],"is_endless":false,"potions_floor_spawned":[1,4,7,11,18,21,23,33,35,39,41,44,48,59,60,63,67],"ascension_level":0}}