{"host":"wuk1ltmmka824l9y","time":1607855752,"event":{"mods":["AchievementEnabler","BaseMod","Custom Start","DeckTracker","Minty Spire (QoL Compilation)","Quick Restart","StSLib","SuperFastMode"],"gold_per_floor":[110,69,69,80,99,125,135,135,162,89,109,109,120,136,136,136,136],"floor_reached":16,"playtime":448,"items_purged":[],"score":182,"play_id":"c8643c71-221e-4c16-9a07-784c52e7efb2","local_time":"20201213193552","is_ascension_mode":true,"campfire_choices":[{"data":"Whirlwind","floor":8,"key":"SMITH"},{"data":"True Grit","floor":12,"key":"SMITH"},{"data":"Evolve","floor":15,"key":"SMITH"}],"circlet_count":0,"master_deck":["AscendersBane","Strike_R","Strike_R","Strike_R","Strike_R","Strike_R","Defend_R","Defend_R","Defend_R","Defend_R","Bash","Whirlwind+1","Evolve+1","Shrug It Off","True Grit+1","Havoc"],"relics":["Burning Blood","Red Skull","Bag of Preparation","Bronze Scales","Ancient Tea Set"],"acts_visited":["Exordium"],"potions_floor_usage":[7,16,16],"damage_taken":[{"damage":1,"enemies":"Cultist","floor":1,"turns":3},{"damage":7,"enemies":"Jaw Worm","floor":4,"turns":3},{"damage":0,"enemies":"2 Louse","floor":5,"turns":2},{"damage":72,"enemies":"Gremlin Nob","floor":6,"turns":6},{"damage":5,"enemies":"Red Slaver","floor":7,"turns":3},{"damage":2,"enemies":"2 Fungi Beasts","floor":11,"turns":3},{"damage":0,"enemies":"Exordium Thugs","floor":13,"turns":2},{"damage":0,"enemies":"Large Slime","floor":14,"turns":3},{"damage":22,"enemies":"Hexaghost","floor":16,"turns":9}],"seed_played":"4533351964878174277","potions_obtained":[{"floor":4,"key":"EssenceOfSteel"},{"floor":13,"key":"LiquidMemories"},{"floor":14,"key":"GamblersBrew"}],"is_trial":false,"path_per_floor":["M","$","?","M","M","E","M","R","T","?","M","R","M","M","R","B"],"character_chosen":"IRONCLAD","items_purchased":["Evolve"],"campfire_rested":0,"item_purchase_floors":[2],"current_hp_per_floor":[73,73,73,72,75,9,10,10,10,10,14,14,20,26,26,4,4],"gold":136,"neow_bonus":"RANDOM_COMMON_RELIC","is_daily":false,"chose_seed":false,"campfire_upgraded":3,"win_rate":0.0,"timestamp":1607855752,"path_taken":["M","?","?","M","M","E","M","R","T","?","?","R","M","M","R","BOSS"],"items_purchased_type":["Card"],"build_version":"2020-11-30","purchased_purges":0,"victory":false,"max_hp_per_floor":[75,75,75,75,75,75,75,75,75,75,75,75,75,75,75,75,75],"card_choices":[{"not_picked":["Cleave","Sword Boomerang"],"picked":"Whirlwind","floor":1},{"not_picked":["Warcry","Iron Wave","Dual Wield"],"picked":"SKIP","floor":4},{"not_picked":["Entrench","True Grit"],"picked":"Shrug It Off","floor":5},{"not_picked":["True Grit","Warcry","Uppercut"],"picked":"SKIP","floor":6},{"not_picked":["Headbutt","Seeing Red","True Grit"],"picked":"SKIP","floor":7},{"not_picked":["Wild Strike","Impervious"],"picked":"True Grit","floor":11},{"not_picked":["Headbutt","Searing Blow","Iron Wave"],"picked":"SKIP","floor":13},{"not_picked":["Headbutt","Searing Blow","Iron Wave"],"picked":"SKIP","floor":13},{"not_picked":["Infernal Blade","Clash"],"picked":"Havoc","floor":14}],"player_experience":317155,"relics_obtained":[{"floor":6,"key":"Bag of Preparation"},{"floor":9,"key":"Bronze Scales"}],"event_choices":[{"damage_healed":0,"gold_gain":0,"player_choice":"Ignored","damage_taken":0,"max_hp_gain":0,"max_hp_loss":0,"event_name":"Liars Game","floor":3,"gold_loss":0},{"damage_healed":0,"gold_gain":0,"player_choice":"Paid Gold","damage_taken":0,"relics_obtained":["Ancient Tea Set"],"max_hp_gain":0,"max_hp_loss":0,"event_name":"WeMeetAgain","floor":10,"gold_loss":73}],"is_beta":false,"boss_relics":[],"items_purged_floors":[],"is_endless":false,"potions_floor_spawned":[4,13,14],"killed_by":"Hexaghost","ascension_level":15}}