{"host":"3jpcvpprzj9sjffh","time":1607858500,"event":{"mods":["AchievementEnabler","BaseMod","Colored Map","Minty Spire (QoL Compilation)","Rare Cards Sparkle","everything is the same but u backflip on backflip"],"gold_per_floor":[117,128,78,93,168,168,186,186,186,200,101,101,25,41,41,136,136,149,164,164,181,81,81,81,81,81,93,120,148,160,172,184,296,308,333,363,9,9,9],"floor_reached":38,"playtime":3407,"items_purged":["Strike_G","Strike_G","Storm of Steel+1"],"score":366,"play_id":"dcaf56d4-73d0-4a6a-8772-8b985ddf710c","local_time":"20201213202140","is_ascension_mode":false,"campfire_choices":[{"data":"Bane","floor":6,"key":"SMITH"},{"data":"Noxious Fumes","floor":8,"key":"SMITH"},{"data":"Crippling Poison","floor":15,"key":"SMITH"},{"data":"Acrobatics","floor":23,"key":"SMITH"},{"data":"Underhanded Strike","floor":25,"key":"SMITH"},{"floor":30,"key":"REST"},{"data":"Neutralize","floor":32,"key":"SMITH"}],"circlet_count":0,"master_deck":["Strike_G","Defend_G","Defend_G","Survivor","Neutralize+1","Bane+1","Acrobatics+1","Slice","Noxious Fumes+1","Underhanded Strike+1","Poisoned Stab+1","Deadly Poison","Crippling Poison+1","Dagger Throw+1","Dagger Spray+1","Glass Knife+1","Blade Dance+1","Prepared","Skewer+1","Flying Knee+1","Expertise+1"],"relics":["Ring of the Snake","Molten Egg 2","Sozu","MawBank","Astrolabe","Mercury Hourglass"],"acts_visited":["Exordium","TheCity","TheBeyond"],"potions_floor_usage":[16,38],"damage_taken":[{"damage":2,"enemies":"Jaw Worm","floor":1,"turns":6},{"damage":2,"enemies":"Small Slimes","floor":2,"turns":4},{"damage":0,"enemies":"Cultist","floor":4,"turns":4},{"damage":3,"enemies":"2 Fungi Beasts","floor":7,"turns":3},{"damage":8,"enemies":"Lots of Slimes","floor":10,"turns":3},{"damage":7,"enemies":"3 Louse","floor":14,"turns":3},{"damage":37,"enemies":"The Guardian","floor":16,"turns":7},{"damage":2,"enemies":"Chosen","floor":18,"turns":4},{"damage":19,"enemies":"2 Thieves","floor":19,"turns":4},{"damage":13,"enemies":"3 Cultists","floor":21,"turns":4},{"damage":1,"enemies":"Cultist and Chosen","floor":28,"turns":3},{"damage":15,"enemies":"Centurion and Healer","floor":29,"turns":2},{"damage":58,"enemies":"Automaton","floor":33,"turns":9},{"damage":26,"enemies":"3 Shapes","floor":35,"turns":3},{"damage":23,"enemies":"3 Darklings","floor":36,"turns":3},{"damage":23,"enemies":"2 Orb Walkers","floor":38,"turns":2}],"seed_played":"503818511719279801","potions_obtained":[{"floor":7,"key":"Dexterity Potion"},{"floor":14,"key":"ColorlessPotion"}],"is_trial":false,"path_per_floor":["M","M","?","M","?","R","M","R","T","M","$","?","$","M","R","B",null,"M","M","?","M","$","R","$","R","T","?","M","M","R","?","R","B",null,"M","M","$","?"],"character_chosen":"THE_SILENT","items_purchased":["Deadly Poison","Crippling Poison","Mercury Hourglass"],"campfire_rested":1,"item_purchase_floors":[11,13,37],"current_hp_per_floor":[68,66,66,66,55,55,52,52,52,44,44,67,67,60,60,23,70,68,49,70,57,57,57,57,57,57,57,56,41,62,62,62,4,70,44,21,21,0,0],"gold":9,"neow_bonus":"THREE_CARDS","is_daily":false,"chose_seed":false,"campfire_upgraded":6,"win_rate":0.0,"timestamp":1607858500,"path_taken":["M","M","?","M","?","R","M","R","T","M","$","?","$","M","R","BOSS","M","M","?","M","$","R","?","R","T","?","?","M","R","?","R","BOSS","M","M","$","?"],"items_purchased_type":["Card","Card","Relic"],"build_version":"2020-11-30","purchased_purges":3,"victory":false,"max_hp_per_floor":[70,70,70,70,70,70,70,70,70,70,70,70,70,70,70,70,70,70,70,70,70,70,70,70,70,70,70,70,70,70,70,70,70,70,70,70,70,70,70],"card_choices":[{"not_picked":["Cloak And Dagger","Slice"],"picked":"Bane","floor":0},{"not_picked":["Underhanded Strike","Outmaneuver"],"picked":"Acrobatics","floor":1},{"not_picked":["Bane","Calculated Gamble"],"picked":"Slice","floor":2},{"not_picked":["Bane","Bouncing Flask"],"picked":"Noxious Fumes","floor":4},{"not_picked":["Dodge and Roll","Caltrops"],"picked":"Underhanded Strike","floor":7},{"not_picked":["Quick Slash+1","Slice+1"],"picked":"Poisoned Stab+1","floor":10},{"not_picked":["Outmaneuver","Prepared"],"picked":"Dagger Throw+1","floor":14},{"not_picked":["Riddle With Holes+1","Quick Slash+1"],"picked":"Dagger Spray+1","floor":18},{"not_picked":["PiercingWail","Flying Knee+1","Poisoned Stab+1"],"picked":"SKIP","floor":19},{"not_picked":["Quick Slash+1","Blur","Riddle With Holes+1"],"picked":"SKIP","floor":21},{"not_picked":["Prepared","Terror"],"picked":"Blade Dance+1","floor":28},{"not_picked":["Malaise","Slice+1","Acrobatics+1"],"picked":"SKIP","floor":29},{"not_picked":["Endless Agony+1","Acrobatics"],"picked":"Expertise+1","floor":35},{"not_picked":["Flechettes+1","Deflect","Dodge and Roll"],"picked":"SKIP","floor":36}],"player_experience":142942,"relics_obtained":[{"floor":9,"key":"Molten Egg 2"},{"floor":26,"key":"MawBank"}],"event_choices":[{"cards_removed":["Defend_G"],"damage_healed":0,"gold_gain":0,"player_choice":"Card Removal","damage_taken":0,"max_hp_gain":0,"max_hp_loss":0,"event_name":"The Cleric","floor":3,"gold_loss":50},{"damage_healed":0,"gold_gain":75,"player_choice":"Gather Gold","damage_taken":11,"max_hp_gain":0,"max_hp_loss":0,"event_name":"World of Goop","floor":5,"gold_loss":0},{"damage_healed":23,"gold_gain":0,"player_choice":"Banana","damage_taken":0,"max_hp_gain":0,"max_hp_loss":0,"event_name":"Big Fish","floor":12,"gold_loss":0},{"damage_healed":21,"gold_gain":0,"player_choice":"Full Heal","damage_taken":0,"max_hp_gain":0,"max_hp_loss":0,"event_name":"Wheel of Change","floor":20,"gold_loss":0},{"damage_healed":0,"gold_gain":0,"cards_transformed":["Defend_G"],"player_choice":"Transformed","damage_taken":0,"max_hp_gain":0,"max_hp_loss":0,"event_name":"Transmorgrifier","floor":27,"gold_loss":0,"cards_obtained":["Glass Knife"]},{"damage_healed":0,"gold_gain":0,"player_choice":"Read","damage_taken":0,"max_hp_gain":0,"max_hp_loss":0,"event_name":"The Library","floor":31,"gold_loss":0,"cards_obtained":["Prepared"]},{"damage_healed":0,"gold_gain":0,"player_choice":"Fight","damage_taken":0,"max_hp_gain":0,"max_hp_loss":0,"event_name":"Mysterious Sphere","floor":38,"gold_loss":0}],"is_beta":false,"boss_relics":[{"not_picked":["Runic Dome","Black Star"],"picked":"Sozu"},{"not_picked":["Cursed Key","SlaversCollar"],"picked":"Astrolabe"}],"items_purged_floors":[11,22,37],"is_endless":false,"potions_floor_spawned":[7,14,18,21,36],"killed_by":"2 Orb Walkers","ascension_level":0}}