{"host":"kyy1kus4tsuq869y","time":1607852796,"event":{"mods":["BaseMod","Downfall","GifTheSpireLib","HololiveMod","Hubris","Jorbs\u0027s Wanderer Trilogy","Marisa£®ÏF”Í°°ƒß¿Ì…≥£©","Minty Spire (QoL Compilation)","Quick Restart","READ ME - Guardian Mod","READ ME - Snecko Mod","Reimu£®≤©¿ˆ¡È√Œ£©","Remilia£®¿Ÿ√◊¿Ú—«£©","Replay The Spire","StSLib","Td1madao Mod","The Administrix","The Animator","The Bug Knight","The Construct","The Cursed","The Hierophant","The Runesmith","The Senshi","The Servant 0.9.4","Youmu£®ªÍ∆«—˝√Œ£©"],"gold_per_floor":[112,69,69,69,69,69,102,102,128,159,170,186,221,238,238,238,238],"floor_reached":16,"playtime":309,"items_purged":[],"score":328,"play_id":"2c73ad97-5632-43c8-9491-ad8387da7fa0","local_time":"20201213174636","is_ascension_mode":true,"campfire_choices":[{"floor":6,"key":"RECALL"},{"data":"Sword Boomerang","floor":8,"key":"SMITH"},{"data":"Immolate","floor":15,"key":"SMITH"}],"circlet_count":0,"master_deck":["AscendersBane","Strike_R","Strike_R","Strike_R","Strike_R","Strike_R","Defend_R","Defend_R","Defend_R","Defend_R","Bash","Dark Embrace+1","Feel No Pain+1","Sword Boomerang+1","Shrug It Off","hubris:SharpeningStone","Ghostly Armor","Immolate+1"],"relics":["Burning Blood","NeowsBlessing","construct:BoolHorns","Dream Catcher","Pen Nib","Juzu Bracelet"],"acts_visited":["Exordium"],"potions_floor_usage":[],"damage_taken":[{"damage":0,"enemies":"2 Louse","floor":1,"turns":2},{"damage":0,"enemies":"3 Sentries","floor":7,"turns":1},{"damage":0,"enemies":"Gremlin Nob","floor":10,"turns":1},{"damage":10,"enemies":"Small Slimes","floor":11,"turns":3},{"damage":2,"enemies":"Cultist","floor":12,"turns":3},{"damage":17,"enemies":"3 Sentries","floor":13,"turns":9},{"damage":17,"enemies":"Blue Slaver","floor":14,"turns":7},{"damage":36,"enemies":"The Guardian","floor":16,"turns":3}],"seed_played":"8776974431048356945","potions_obtained":[{"floor":1,"key":"Regen Potion"},{"floor":14,"key":"AttackPotion"}],"is_trial":false,"path_per_floor":["M","$","?","?","$","R","E","R","T","E","M","M","E","M","R","B"],"character_chosen":"IRONCLAD","items_purchased":["Feel No Pain"],"campfire_rested":0,"item_purchase_floors":[2],"current_hp_per_floor":[74,74,74,74,74,74,75,75,75,75,71,75,64,53,53,17,17],"gold":238,"neow_bonus":"THREE_ENEMY_KILL","is_daily":false,"chose_seed":false,"campfire_upgraded":2,"win_rate":0.0,"timestamp":1607852796,"path_taken":["M","$","?","?","$","R","E","R","T","E","?","M","E","M","R","BOSS"],"items_purchased_type":["Card"],"build_version":"2020-11-30","purchased_purges":0,"victory":false,"max_hp_per_floor":[75,75,75,75,75,75,75,75,75,75,75,75,75,75,75,75,75],"card_choices":[{"not_picked":["ReplayReversal","Havoc"],"picked":"Dark Embrace","floor":1},{"not_picked":["ReplayReversal","Life Link"],"picked":"Sword Boomerang","floor":7},{"not_picked":["Warcry","Havoc","Clothesline"],"picked":"SKIP","floor":10},{"not_picked":["Thunderclap","Hemokinesis"],"picked":"Shrug It Off","floor":11},{"not_picked":["Second Wind","Run Through"],"picked":"hubris:SharpeningStone","floor":12},{"not_picked":["Sever Soul","Blood for Blood"],"picked":"Ghostly Armor","floor":13},{"not_picked":["True Grit","ReplayReversal"],"picked":"Immolate","floor":14}],"player_experience":454038,"relics_obtained":[{"floor":7,"key":"construct:BoolHorns"},{"floor":9,"key":"Dream Catcher"},{"floor":10,"key":"Pen Nib"},{"floor":13,"key":"Juzu Bracelet"}],"event_choices":[{"damage_healed":0,"gold_gain":0,"player_choice":"Grow","damage_taken":0,"max_hp_gain":0,"max_hp_loss":0,"event_name":"Living Wall","floor":3,"gold_loss":0,"cards_upgraded":["Dark Embrace"]},{"damage_healed":0,"gold_gain":0,"player_choice":"Forge","damage_taken":0,"max_hp_gain":0,"max_hp_loss":0,"event_name":"Accursed Blacksmith","floor":4,"gold_loss":0,"cards_upgraded":["Feel No Pain"]}],"is_beta":false,"boss_relics":[],"items_purged_floors":[],"is_endless":false,"potions_floor_spawned":[1,14],"killed_by":"The Guardian","ascension_level":19}}