{"host":"yk98keyoflza93y0","time":1607892624,"event":{"mods":["AchievementEnabler","BaseMod","BetterRewards","Card Forge","Colored Map","DeckTracker","Minty Spire (QoL Compilation)","Shop Mod","StSLib","SuperFastMode","The Poker Player"],"gold_per_floor":[119,2,18,18,34,65,65,92,92,120,135,135,155,483,483,582,582,595,595,595,122,139,173,192,223,249,274,292,302,302,331,331,426,426,441,116,135,45,57,86,86,111,175,212,25,70,85,116,116,116,116,116,294,330,330],"floor_reached":56,"playtime":2816,"items_purged":["PokerPlayerMod:Diamond1","PokerPlayerMod:Spade1","PokerPlayerMod:Club1","PokerPlayerMod:Diamond3","PokerPlayerMod:Diamond4","PokerPlayerMod:Spade3","PokerPlayerMod:Diamond6"],"score":2380,"play_id":"d55b58b3-5d11-4cf2-9649-552a19f4dedb","local_time":"20201214055024","is_ascension_mode":true,"metric_token":734,"campfire_choices":[{"data":"PokerPlayerMod:Mulligan","floor":7,"key":"SMITH"},{"data":"PokerPlayerMod:TrumpStrike","floor":12,"key":"SMITH"},{"data":"PokerPlayerMod:ClubDance","floor":15,"key":"SMITH"},{"data":"PokerPlayerMod:ClubShade","floor":32,"key":"SMITH"},{"data":"PokerPlayerMod:SecretDealer","floor":41,"key":"SMITH"},{"floor":49,"key":"RECALL"},{"data":"PokerPlayerMod:Heart2","floor":52,"key":"PURGE"}],"circlet_count":0,"master_deck":["PokerPlayerMod:Spade4","PokerPlayerMod:Club2","PokerPlayerMod:TrumpStrike+1","PokerPlayerMod:BadJoker+1","PokerPlayerMod:Mulligan+1","PokerPlayerMod:Diamond9","PokerPlayerMod:SecretDealer+1","PokerPlayerMod:ClubDance+1","PokerPlayerMod:Club8","PokerPlayerMod:Spade10+","PokerPlayerMod:ClubShade+1","PokerPlayerMod:Club10+","PokerPlayerMod:ClubStrike+1","PokerPlayerMod:ClubShade+1","PokerPlayerMod:ClubStrike+1","PokerPlayerMod:CardBurn+1","PokerPlayerMod:Club10+","PokerPlayerMod:ClubShade+1"],"relics":["PokerPlayerMod:DeckCase","Hammer of Thor","Seething Fire","Anvil of the Gods","TheAbacus","Gambling Chip","Peace Pipe","Blood Vial","Turnip","Mango","PokerPlayerMod:ClubPass","Eternal Feather","Shuriken","Kunai","Old Coin","Black Star","Nilry\u0027s Codex","Juzu Bracelet","Molten Egg 2","Meat on the Bone","Calipers","Bottled Tornado","Strawberry","Anchor","Oddly Smooth Stone","Happy Flower","Omamori","Runic Dome","DollysMirror","PokerPlayerMod:FairLicense","Ginger","Bird Faced Urn","MawBank","Lantern","Smiling Mask","Boot","PokerPlayerMod:PendantOfEscape","StoneCalendar","White Beast Statue","CeramicFish","Sundial","War Paint","Strange Spoon","Bag of Marbles","PokerPlayerMod:Splitter"],"acts_visited":["Exordium","TheCity","TheBeyond","TheEnding"],"potions_floor_usage":[6,6,23,50],"damage_taken":[{"damage":0,"enemies":"Cultist","floor":1,"turns":2},{"damage":4,"enemies":"Jaw Worm","floor":3,"turns":2},{"damage":0,"enemies":"2 Louse","floor":5,"turns":1},{"damage":0,"enemies":"3 Sentries","floor":6,"turns":3},{"damage":15,"enemies":"Gremlin Nob","floor":8,"turns":4},{"damage":0,"enemies":"3 Sentries","floor":10,"turns":2},{"damage":0,"enemies":"Gremlin Gang","floor":11,"turns":1},{"damage":0,"enemies":"Exordium Wildlife","floor":13,"turns":1},{"damage":0,"enemies":"Gremlin Nob","floor":14,"turns":1},{"damage":16,"enemies":"Hexaghost","floor":16,"turns":8},{"damage":0,"enemies":"Chosen","floor":18,"turns":3},{"damage":0,"enemies":"Spheric Guardian","floor":22,"turns":2},{"damage":17,"enemies":"Slavers","floor":23,"turns":3},{"damage":0,"enemies":"Cultist and Chosen","floor":24,"turns":3},{"damage":0,"enemies":"Gremlin Leader","floor":25,"turns":3},{"damage":9,"enemies":"Book of Stabbing","floor":27,"turns":5},{"damage":0,"enemies":"Centurion and Healer","floor":28,"turns":3},{"damage":0,"enemies":"Chosen and Byrds","floor":29,"turns":3},{"damage":1,"enemies":"Gremlin Leader","floor":31,"turns":3},{"damage":34,"enemies":"Automaton","floor":33,"turns":8},{"damage":0,"enemies":"3 Shapes","floor":35,"turns":1},{"damage":0,"enemies":"3 Darklings","floor":37,"turns":2},{"damage":0,"enemies":"4 Shapes","floor":39,"turns":1},{"damage":0,"enemies":"Giant Head","floor":40,"turns":6},{"damage":3,"enemies":"Nemesis","floor":42,"turns":4},{"damage":0,"enemies":"Reptomancer","floor":44,"turns":4},{"damage":0,"enemies":"2 Orb Walkers","floor":46,"turns":1},{"damage":0,"enemies":"Writhing Mass","floor":47,"turns":2},{"damage":0,"enemies":"Nemesis","floor":48,"turns":3},{"damage":8,"enemies":"Donu and Deca","floor":50,"turns":4},{"damage":35,"enemies":"Shield and Spear","floor":54,"turns":3},{"damage":0,"enemies":"The Heart","floor":55,"turns":6}],"seed_played":"-4610095940804327825","potions_obtained":[{"floor":1,"key":"Block Potion"},{"floor":3,"key":"Weak Potion"},{"floor":10,"key":"PowerPotion"},{"floor":11,"key":"EssenceOfSteel"},{"floor":27,"key":"DuplicationPotion"},{"floor":46,"key":"SkillPotion"}],"is_trial":false,"path_per_floor":["M","$","M","?","M","E","R","E","T","E","M","R","M","E","R","B",null,"M","?","?","$","M","E","M","E","T","E","M","M","T","E","R","B",null,"M","$","M","?","M","E","R","E","T","E","$","?","M","E","R","B",null,"R","$","E","B",null],"character_chosen":"THE_POKER_PLAYER","items_purchased":["TheAbacus","Blood Vial","Mango","Explosive Potion","PokerPlayerMod:Diamond9","PokerPlayerMod:Club10+","Juzu Bracelet","DollysMirror","PokerPlayerMod:PendantOfEscape","PokerPlayerMod:Club10+","Sundial","War Paint","Strange Spoon","Energy Potion"],"campfire_rested":0,"item_purchase_floors":[0,0,0,0,2,21,21,36,45,53,53,53,53,53],"current_hp_per_floor":[63,63,62,67,71,71,71,56,56,62,64,71,71,71,71,57,68,70,70,54,54,56,44,46,52,52,56,61,65,65,70,78,44,70,72,72,74,74,76,78,78,75,75,78,78,78,78,78,78,70,76,78,78,43,51],"gold":330,"neow_bonus":"","is_daily":false,"chose_seed":false,"campfire_upgraded":5,"win_rate":0.0,"timestamp":1607892624,"path_taken":["M","$","M","?","M","E","R","E","T","E","M","R","M","E","R","BOSS","M","?","?","?","M","E","M","E","T","E","M","M","?","E","R","BOSS","M","$","M","?","M","E","R","E","T","E","$","?","M","E","R","BOSS","R","$","E","BOSS"],"items_purchased_type":["Relic","Relic","Relic","Potion","Card","Undefined","Relic","Relic","Relic","Undefined","Relic","Relic","Relic","Potion"],"build_version":"2020-11-30","purchased_purges":7,"victory":true,"max_hp_per_floor":[66,66,66,71,71,71,71,71,71,71,71,71,71,71,71,71,71,71,71,71,71,71,71,71,71,71,78,78,78,78,78,78,78,78,78,78,78,78,78,78,78,78,78,78,78,78,78,78,78,78,78,78,78,78,78],"card_choices":[{"not_picked":["PokerPlayerMod:Spade1","PokerPlayerMod:Diamond3","PokerPlayerMod:Diamond2"],"picked":"SKIP","floor":1},{"not_picked":["PokerPlayerMod:Raise","PokerPlayerMod:Club1","PokerPlayerMod:Extraction"],"picked":"SKIP","floor":3},{"not_picked":["PokerPlayerMod:Fold","PokerPlayerMod:Diamond5","PokerPlayerMod:Trickery"],"picked":"SKIP","floor":5},{"not_picked":["PokerPlayerMod:Diamond1","PokerPlayerMod:Diamond5"],"picked":"PokerPlayerMod:SecretDealer","floor":6},{"not_picked":["PokerPlayerMod:Heart1","PokerPlayerMod:Diamond4"],"picked":"PokerPlayerMod:ClubDance","floor":8},{"not_picked":["PokerPlayerMod:Spade3","PokerPlayerMod:MagicTrick","PokerPlayerMod:Spade4"],"picked":"SKIP","floor":10},{"not_picked":["PokerPlayerMod:Configure","PokerPlayerMod:Spade1","PokerPlayerMod:Diamond3"],"picked":"SKIP","floor":11},{"not_picked":["PokerPlayerMod:Sharpen","PokerPlayerMod:SpadeStrike","PokerPlayerMod:DartThrow"],"picked":"SKIP","floor":13},{"not_picked":["PokerPlayerMod:Harden","PokerPlayerMod:HotShotCut"],"picked":"PokerPlayerMod:Club8","floor":14},{"not_picked":["PokerPlayerMod:Promotion","PokerPlayerMod:Club7"],"picked":"PokerPlayerMod:Spade10+","floor":16},{"not_picked":["PokerPlayerMod:Configure","PokerPlayerMod:SpadeStrike"],"picked":"PokerPlayerMod:ClubShade","floor":18},{"not_picked":["PokerPlayerMod:Harden","PokerPlayerMod:Diamond1","PokerPlayerMod:Heart2"],"picked":"SKIP","floor":22},{"not_picked":["PokerPlayerMod:Harden","PokerPlayerMod:Diamond1","PokerPlayerMod:Heart2"],"picked":"SKIP","floor":22},{"not_picked":["PokerPlayerMod:Diamond5","PokerPlayerMod:CardPrinter+1","PokerPlayerMod:Spade8"],"picked":"SKIP","floor":23},{"not_picked":["PokerPlayerMod:DamnStraight+1","PokerPlayerMod:Diamond9","PokerPlayerMod:Diamond4"],"picked":"SKIP","floor":24},{"not_picked":["PokerPlayerMod:DiamondStrike+1","PokerPlayerMod:StackedDeck","PokerPlayerMod:Fold"],"picked":"SKIP","floor":25},{"not_picked":["PokerPlayerMod:Trickery+1","PokerPlayerMod:Spade2","PokerPlayerMod:CardPrinter+1"],"picked":"SKIP","floor":27},{"not_picked":["PokerPlayerMod:Diamond4","PokerPlayerMod:ClubsClub+1","PokerPlayerMod:DiamondStrike+1"],"picked":"SKIP","floor":28},{"not_picked":["PokerPlayerMod:Club4","PokerPlayerMod:CardPrinter","PokerPlayerMod:CloakAndDiamond+1"],"picked":"SKIP","floor":29},{"not_picked":["PokerPlayerMod:StackedDeck","PokerPlayerMod:MagicTrick","PokerPlayerMod:DiamondStrike+1"],"picked":"SKIP","floor":31},{"not_picked":["PokerPlayerMod:SpadeStrike+1","PokerPlayerMod:HeartStrike+1"],"picked":"PokerPlayerMod:ClubStrike+1","floor":35},{"not_picked":["PokerPlayerMod:Configure+1","PokerPlayerMod:Diamond6","PokerPlayerMod:FillThePot"],"picked":"SKIP","floor":37},{"not_picked":["PokerPlayerMod:Fold","PokerPlayerMod:Diamond6","PokerPlayerMod:Heart5"],"picked":"SKIP","floor":39},{"not_picked":["PokerPlayerMod:Spade1","PokerPlayerMod:Diamond2","PokerPlayerMod:Club2"],"picked":"SKIP","floor":40},{"not_picked":["PokerPlayerMod:Harden+1","PokerPlayerMod:Trickery+1"],"picked":"PokerPlayerMod:ClubStrike+1","floor":42},{"not_picked":["PokerPlayerMod:Spade2","PokerPlayerMod:Fold","PokerPlayerMod:GamblerForm"],"picked":"SKIP","floor":44},{"not_picked":["PokerPlayerMod:Club4","PokerPlayerMod:SpadeStrike+1"],"picked":"PokerPlayerMod:CardBurn+1","floor":46},{"not_picked":["PokerPlayerMod:Trickery+1","PokerPlayerMod:Fold+1","PokerPlayerMod:Configure+1"],"picked":"SKIP","floor":47},{"not_picked":["PokerPlayerMod:Club2","PokerPlayerMod:CloakAndDiamond+1","PokerPlayerMod:MagicTrick+1"],"picked":"SKIP","floor":48},{"not_picked":["PokerPlayerMod:Trickery+1","PokerPlayerMod:CardBurn+1"],"picked":"PokerPlayerMod:ClubShade+1","floor":54}],"player_experience":1475690,"relics_obtained":[{"floor":6,"key":"PokerPlayerMod:ClubPass"},{"floor":8,"key":"Eternal Feather"},{"floor":9,"key":"Shuriken"},{"floor":10,"key":"Kunai"},{"floor":14,"key":"Old Coin"},{"floor":20,"key":"Nilry\u0027s Codex"},{"floor":23,"key":"Molten Egg 2"},{"floor":23,"key":"Meat on the Bone"},{"floor":25,"key":"Calipers"},{"floor":25,"key":"Bottled Tornado"},{"floor":27,"key":"Strawberry"},{"floor":27,"key":"Anchor"},{"floor":30,"key":"Oddly Smooth Stone"},{"floor":31,"key":"Happy Flower"},{"floor":31,"key":"Omamori"},{"floor":40,"key":"PokerPlayerMod:FairLicense"},{"floor":40,"key":"Ginger"},{"floor":42,"key":"Bird Faced Urn"},{"floor":42,"key":"MawBank"},{"floor":43,"key":"Lantern"},{"floor":44,"key":"Smiling Mask"},{"floor":44,"key":"Boot"},{"floor":46,"key":"StoneCalendar"},{"floor":48,"key":"White Beast Statue"},{"floor":48,"key":"CeramicFish"},{"floor":54,"key":"Bag of Marbles"},{"floor":54,"key":"PokerPlayerMod:Splitter"}],"event_choices":[{"damage_healed":0,"gold_gain":0,"player_choice":"Donut","damage_taken":0,"max_hp_gain":5,"max_hp_loss":0,"event_name":"Big Fish","floor":4,"gold_loss":0},{"cards_removed":["PokerPlayerMod:Diamond2"],"damage_healed":0,"gold_gain":0,"player_choice":"Elegance","damage_taken":0,"max_hp_gain":0,"max_hp_loss":0,"event_name":"PokerPlayerMod:BackToBasicsPoker","floor":19,"gold_loss":0},{"damage_healed":0,"gold_gain":0,"player_choice":"Obtained Book","damage_taken":16,"max_hp_gain":0,"max_hp_loss":0,"event_name":"Cursed Tome","floor":20,"gold_loss":0},{"cards_removed":["PokerPlayerMod:Spade2"],"damage_healed":0,"gold_gain":0,"player_choice":"Upgrade and Remove","damage_taken":0,"max_hp_gain":0,"max_hp_loss":0,"event_name":"Designer","floor":38,"gold_loss":90,"cards_upgraded":["PokerPlayerMod:Diamond6"]},{"damage_healed":0,"gold_gain":0,"player_choice":"Fight","damage_taken":0,"max_hp_gain":0,"max_hp_loss":0,"event_name":"Mysterious Sphere","floor":46,"gold_loss":0}],"is_beta":false,"boss_relics":[{"not_picked":["SlaversCollar","Sozu"],"picked":"Black Star"},{"not_picked":["SacredBark","Fusion Hammer"],"picked":"Runic Dome"}],"items_purged_floors":[0,0,0,21,36,45,53],"is_endless":false,"potions_floor_spawned":[1,3,10,11,22,27,29,31,33,35,37,44,46,48,54],"ascension_level":6}}