{"host":"ow9msrs9p2ctkx99","time":1607843428,"event":{"mods":["AchievementEnabler","BaseMod","Colored Map","Colored Powertips","Minty Spire (QoL Compilation)","Permanent Neow","Quick Restart","SuperFastMode"],"gold_per_floor":[118,118,129,153,428,428,284,284,333,343,357,357,385,412,412,509,809,821,736,369,386,404,404,423,423,423,437,437,467,485,485,485],"floor_reached":31,"playtime":593,"items_purged":["Regret","Strike_B"],"score":408,"play_id":"383626f3-8ab3-40d7-8416-8ac21cb6ccf1","local_time":"20201213081028","is_ascension_mode":true,"campfire_choices":[{"data":"White Noise","floor":6,"key":"SMITH"},{"data":"Dualcast","floor":8,"key":"SMITH"},{"floor":15,"key":"REST"},{"floor":23,"key":"REST"},{"floor":25,"key":"REST"},{"floor":28,"key":"REST"}],"circlet_count":0,"master_deck":["AscendersBane","Strike_B","Strike_B","Defend_B","Defend_B","Defend_B","Defend_B","Zap+1","Dualcast+1","Secret Technique+1","Genetic Algorithm","White Noise+1","Melter","FTL","Ball Lightning","Cold Snap","Reinforced Body","Defragment","Biased Cognition","CurseOfTheBell","Conserve Battery","Beam Cell+1","Steam+1"],"relics":["Cracked Core","War Paint","White Beast Statue","Odd Mushroom","Calling Bell","Art of War","Singing Bowl","Old Coin","Orichalcum","Kunai","Bronze Scales","Blue Candle"],"acts_visited":["Exordium","TheCity"],"potions_floor_usage":[13,16,27,29,31],"damage_taken":[{"damage":1,"enemies":"Cultist","floor":1,"turns":4},{"damage":17,"enemies":"Small Slimes","floor":3,"turns":4},{"damage":4,"enemies":"Jaw Worm","floor":10,"turns":2},{"damage":10,"enemies":"3 Louse","floor":11,"turns":3},{"damage":12,"enemies":"Gremlin Nob","floor":13,"turns":4},{"damage":3,"enemies":"The Mushroom Lair","floor":14,"turns":4},{"damage":27,"enemies":"Slime Boss","floor":16,"turns":7},{"damage":11,"enemies":"2 Thieves","floor":18,"turns":5},{"damage":7,"enemies":"Chosen","floor":21,"turns":5},{"damage":24,"enemies":"Snecko","floor":22,"turns":7},{"damage":22,"enemies":"Cultist and Chosen","floor":24,"turns":6},{"damage":21,"enemies":"Chosen and Byrds","floor":27,"turns":7},{"damage":19,"enemies":"Book of Stabbing","floor":29,"turns":5},{"damage":30,"enemies":"Snecko","floor":30,"turns":6},{"damage":14,"enemies":"Colosseum Slavers","floor":31,"turns":1}],"seed_played":"2449136026770565159","potions_obtained":[{"floor":1,"key":"FocusPotion"},{"floor":3,"key":"FocusPotion"},{"floor":13,"key":"EssenceOfDarkness"},{"floor":14,"key":"DuplicationPotion"},{"floor":16,"key":"PowerPotion"},{"floor":24,"key":"Fruit Juice"},{"floor":27,"key":"Explosive Potion"},{"floor":29,"key":"CultistPotion"},{"floor":30,"key":"Regen Potion"}],"is_trial":false,"path_per_floor":["M","?","M","T","?","R","$","R","T","M","M","?","E","?","R","B",null,"M","?","$","M","M","R","M","R","T","M","R","E","M","?"],"character_chosen":"DEFECT","items_purchased":["FTL","Kunai","Conserve Battery"],"campfire_rested":4,"item_purchase_floors":[7,20,20],"current_hp_per_floor":[67,67,50,50,50,50,50,50,50,46,36,29,17,14,34,7,53,44,44,44,39,17,39,19,41,41,25,49,32,2,0,0],"gold":485,"neow_bonus":"RANDOM_COLORLESS_2","is_daily":false,"chose_seed":false,"campfire_upgraded":2,"win_rate":0.0,"timestamp":1607843428,"path_taken":["M","?","?","?","?","R","$","R","T","M","?","?","E","?","R","BOSS","M","?","$","M","M","R","M","R","T","M","R","E","M","?"],"items_purchased_type":["Card","Relic","Card"],"build_version":"2020-11-30","purchased_purges":2,"victory":false,"max_hp_per_floor":[68,68,68,68,68,68,68,68,68,68,68,68,68,68,68,68,68,70,70,70,72,74,74,76,76,76,81,81,83,83,83,83],"card_choices":[{"not_picked":["Panache","Metamorphosis"],"picked":"Secret Technique","floor":0},{"not_picked":["Hologram","Redo"],"picked":"Genetic Algorithm","floor":1},{"not_picked":["Rebound","Cold Snap"],"picked":"Melter","floor":3},{"not_picked":["Conserve Battery","Turbo"],"picked":"Ball Lightning","floor":10},{"not_picked":["Coolheaded","Double Energy"],"picked":"Cold Snap","floor":11},{"not_picked":["Storm","Stack"],"picked":"Reinforced Body","floor":13},{"not_picked":["Reboot","Streamline"],"picked":"Defragment","floor":14},{"not_picked":["Rainbow","Amplify"],"picked":"Biased Cognition","floor":16},{"not_picked":["Barrage","Hologram","Go for the Eyes"],"picked":"Singing Bowl","floor":18},{"not_picked":["Hello World+1","Sunder","Coolheaded"],"picked":"Singing Bowl","floor":21},{"not_picked":["Coolheaded","Rebound","Ball Lightning+1"],"picked":"Singing Bowl","floor":22},{"not_picked":["Coolheaded","Sweeping Beam+1","Chaos"],"picked":"Singing Bowl","floor":24},{"not_picked":["Gash","Amplify"],"picked":"Beam Cell+1","floor":27},{"not_picked":["Ball Lightning","Conserve Battery","Doom and Gloom+1"],"picked":"Singing Bowl","floor":29},{"not_picked":["Undo","Rebound"],"picked":"Steam+1","floor":30}],"player_experience":992927,"relics_obtained":[{"floor":9,"key":"War Paint"},{"floor":13,"key":"White Beast Statue"},{"floor":14,"key":"Odd Mushroom"},{"floor":17,"key":"Art of War"},{"floor":17,"key":"Singing Bowl"},{"floor":17,"key":"Old Coin"},{"floor":26,"key":"Bronze Scales"},{"floor":29,"key":"Blue Candle"}],"event_choices":[{"damage_healed":0,"gold_gain":0,"player_choice":"1 cards matched","damage_taken":0,"max_hp_gain":0,"max_hp_loss":0,"event_name":"Match and Keep!","floor":2,"gold_loss":0,"cards_obtained":["White Noise"]},{"damage_healed":0,"gold_gain":275,"player_choice":"Desecrate","damage_taken":0,"max_hp_gain":0,"max_hp_loss":0,"event_name":"Golden Shrine","floor":5,"gold_loss":0,"cards_obtained":["Regret"]},{"cards_removed":["Strike_B"],"damage_healed":0,"gold_gain":0,"player_choice":"Card Removal","damage_taken":7,"max_hp_gain":0,"max_hp_loss":0,"event_name":"Golden Wing","floor":12,"gold_loss":0},{"damage_healed":0,"gold_gain":0,"player_choice":"Fought Mushrooms","damage_taken":0,"max_hp_gain":0,"max_hp_loss":0,"event_name":"Mushrooms","floor":14,"gold_loss":0},{"damage_healed":0,"gold_gain":0,"player_choice":"Obtained Relic","damage_taken":0,"relics_obtained":["Orichalcum"],"max_hp_gain":0,"max_hp_loss":0,"event_name":"Addict","floor":19,"gold_loss":85},{"damage_healed":0,"gold_gain":0,"player_choice":"Fight","damage_taken":0,"max_hp_gain":0,"max_hp_loss":0,"event_name":"Colosseum","floor":31,"gold_loss":0}],"is_beta":false,"boss_relics":[{"not_picked":["Busted Crown","Sozu"],"picked":"Calling Bell"}],"items_purged_floors":[7,20],"is_endless":false,"potions_floor_spawned":[1,3,13,14,16,18,21,22,24,27,29,30],"killed_by":"Colosseum Slavers","ascension_level":10}}