{"host":"qwttrqaysb380yri","time":1607828942,"event":{"mods":["BaseMod","Custom Start","Minty Spire (QoL Compilation)","Puzzle Mod","Relic Stats","StSLib","The Cursed","The Hierophant"],"gold_per_floor":[110,110,110,132,147,162,162,185,185,198,193,211,211,244,244,310,310,312,227,241,92,109,109,131,148,148,176,198,235,235,264,264,334,334,349,349,249,270,290,327,15,35,35,35,49,49,49,68,68,48,48],"floor_reached":50,"playtime":2095,"items_purged":["hierophant:Strike_Hierophant","hierophant:Strike_Hierophant"],"score":926,"play_id":"c46b1b8d-e4b7-403d-8017-3ffad7f1b31b","local_time":"20201213040902","is_ascension_mode":true,"campfire_choices":[{"floor":7.0,"key":"REST"},{"data":"hierophant:HammerAndAnvil","floor":13.0,"key":"SMITH"},{"data":"hierophant:ChurchCoffers","floor":15.0,"key":"SMITH"},{"floor":23.0,"key":"REST"},{"floor":30.0,"key":"REST"},{"floor":32.0,"key":"REST"},{"data":"hierophant:Chorus","floor":46.0,"key":"SMITH"},{"data":"hierophant:HammerAndAnvil","floor":49.0,"key":"SMITH"}],"circlet_count":0,"master_deck":["AscendersBane","hierophant:Strike_Hierophant","hierophant:Punish","hierophant:Defend_Hierophant","hierophant:Defend_Hierophant","hierophant:Defend_Hierophant","hierophant:ChurchCoffers+1","hierophant:Purify+1","hierophant:OrnateBuckler","hierophant:RepressedViolence","hierophant:FieryStrike","hierophant:FieryStrike+1","hierophant:Smite","hierophant:HammerAndAnvil+1","hierophant:ArchangelShield","hierophant:Zeal","hierophant:ArchangelShield","hierophant:ThreeLashes","hierophant:FlamingChariot+1","hierophant:Levitation","hierophant:Exaltation+1","hierophant:Shelter","hierophant:Purify+1","hierophant:Chorus+1","Good Instincts","hierophant:ArchangelShield+1","hierophant:HammerAndAnvil+1"],"relics":["hierophant:PropheticMaskRelic","Meat on the Bone","Pantograph","Letter Opener","Mummified Hand","Empty Cage","Lantern","Nunchaku","Red Mask","Happy Flower","Centennial Puzzle","Black Star","White Beast Statue","Molten Egg 2","PreservedInsect","Frozen Egg 2"],"acts_visited":["Exordium","TheCity","TheBeyond"],"potions_floor_usage":[50,50],"damage_taken":[{"damage":6.0,"enemies":"2 Louse","floor":1.0,"turns":2.0},{"damage":15.0,"enemies":"Jaw Worm","floor":4.0,"turns":4.0},{"damage":0.0,"enemies":"Cultist","floor":5.0,"turns":3.0},{"damage":16.0,"enemies":"Gremlin Nob","floor":6.0,"turns":4.0},{"damage":0.0,"enemies":"Large Slime","floor":8.0,"turns":6.0},{"damage":0.0,"enemies":"3 Louse","floor":10.0,"turns":2.0},{"damage":0.0,"enemies":"3 Sentries","floor":11.0,"turns":6.0},{"damage":6.0,"enemies":"Exordium Thugs","floor":12.0,"turns":4.0},{"damage":0.0,"enemies":"Lagavulin","floor":14.0,"turns":3.0},{"damage":9.0,"enemies":"Slime Boss","floor":16.0,"turns":7.0},{"damage":15.0,"enemies":"Shell Parasite","floor":18.0,"turns":5.0},{"damage":17.0,"enemies":"2 Thieves","floor":20.0,"turns":4.0},{"damage":0.0,"enemies":"Snecko","floor":22.0,"turns":2.0},{"damage":8.0,"enemies":"Shelled Parasite and Fungi","floor":24.0,"turns":2.0},{"damage":2.0,"enemies":"Slavers","floor":25.0,"turns":5.0},{"damage":31.0,"enemies":"Masked Bandits","floor":27.0,"turns":5.0},{"damage":9.0,"enemies":"Cultist and Chosen","floor":28.0,"turns":5.0},{"damage":33.0,"enemies":"Book of Stabbing","floor":29.0,"turns":6.0},{"damage":16.0,"enemies":"Gremlin Leader","floor":31.0,"turns":4.0},{"damage":6.0,"enemies":"Champ","floor":33.0,"turns":11.0},{"damage":15.0,"enemies":"3 Shapes","floor":35.0,"turns":4.0},{"damage":0.0,"enemies":"3 Darklings","floor":38.0,"turns":5.0},{"damage":25.0,"enemies":"4 Shapes","floor":39.0,"turns":5.0},{"damage":20.0,"enemies":"Reptomancer","floor":40.0,"turns":10.0},{"damage":24.0,"enemies":"Maw","floor":42.0,"turns":6.0},{"damage":13.0,"enemies":"3 Darklings","floor":45.0,"turns":4.0},{"damage":4.0,"enemies":"4 Shapes","floor":48.0,"turns":5.0},{"damage":43,"enemies":"Time Eater","floor":50,"turns":8}],"seed_played":"1704331643911476682","potions_obtained":[{"floor":5.0,"key":"Block Potion"},{"floor":10.0,"key":"SkillPotion"},{"floor":12.0,"key":"EssenceOfSteel"},{"floor":14.0,"key":"EssenceOfSteel"},{"floor":16.0,"key":"DistilledChaos"},{"floor":25.0,"key":"DistilledChaos"},{"floor":29.0,"key":"PowerPotion"},{"floor":31.0,"key":"BlessingOfTheForge"},{"floor":33.0,"key":"SkillPotion"},{"floor":35.0,"key":"BlessingOfTheForge"},{"floor":42.0,"key":"Block Potion"},{"floor":45.0,"key":"SneckoOil"},{"floor":48.0,"key":"PowerPotion"}],"is_trial":false,"path_per_floor":["M","?","?","M","M","E","R","M","T","M","E","M","R","E","R","B",null,"M","?","M","$","M","R","M","E","T","?","M","E","R","E","R","B",null,"M","?","$","M","M","E","$","M","T","?","M","R","?","M","R","B"],"character_chosen":"HIEROPHANT","items_purchased":["hierophant:ArchangelShield","hierophant:Chorus","PreservedInsect","Good Instincts"],"campfire_rested":4,"item_purchase_floors":[21,41,41,41],"current_hp_per_floor":[62,62,44,29,29,13,35,47,47,47,47,41,41,41,41,57,71,56,56,39,39,39,61,53,51,51,32,35,14,36,32,54,69,74,59,59,59,59,46,38,38,26,26,21,20,20,20,28,28,10,10],"gold":48,"neow_bonus":"THREE_CARDS","is_daily":false,"chose_seed":false,"campfire_upgraded":4,"win_rate":0.0,"timestamp":1607828942,"path_taken":["M","?","?","M","M","E","R","M","T","M","E","M","R","E","R","BOSS","M","?","M","$","M","R","M","E","T","?","M","E","R","E","R","BOSS","M","?","$","M","M","E","$","?","T","?","M","R","?","M","R","BOSS"],"items_purchased_type":["Card","Card","Relic","Card"],"build_version":"2020-11-30","purchased_purges":2,"victory":false,"max_hp_per_floor":[75,75,75,75,75,75,75,75,75,75,75,75,75,75,75,75,75,75,75,75,75,75,75,75,75,75,75,75,75,75,75,75,75,75,75,75,75,75,75,75,75,75,75,75,75,75,75,75,75,75,75],"relic_stats":{"Nunchaku":[16],"Centennial Puzzle":[24],"Happy Flower":[20],"counters":[28,137],"Mummified Hand":[40],"Pantograph":71,"PreservedInsect":0,"Black Star":1,"Letter Opener":[65],"obtain_stats":[{"Lantern":19,"Happy Flower":29,"hierophant:PropheticMaskRelic":0,"PreservedInsect":41,"Letter Opener":11,"Frozen Egg 2":43,"Empty Cage":17,"White Beast Statue":40,"Nunchaku":25,"Centennial Puzzle":31,"Mummified Hand":14,"Pantograph":9,"Molten Egg 2":40,"Red Mask":27,"Black Star":34,"Meat on the Bone":6},{"Lantern":11,"Happy Flower":18,"hierophant:PropheticMaskRelic":0,"PreservedInsect":24,"Letter Opener":7,"Frozen Egg 2":25,"Empty Cage":10,"White Beast Statue":24,"Nunchaku":15,"Centennial Puzzle":19,"Mummified Hand":9,"Pantograph":5,"Molten Egg 2":24,"Red Mask":16,"Black Star":20,"Meat on the Bone":4},{"Lantern":46,"Happy Flower":75,"hierophant:PropheticMaskRelic":0,"PreservedInsect":114,"Letter Opener":27,"Frozen Egg 2":120,"Empty Cage":41,"White Beast Statue":114,"Nunchaku":59,"Centennial Puzzle":79,"Mummified Hand":34,"Pantograph":19,"Molten Egg 2":114,"Red Mask":64,"Black Star":90,"Meat on the Bone":13}],"Meat on the Bone":120},"card_choices":[{"not_picked":["hierophant:Community","hierophant:PassingBell"],"picked":"hierophant:Purify","floor":0.0},{"not_picked":["hierophant:RecallFunds","hierophant:Sermon"],"picked":"hierophant:OrnateBuckler","floor":1.0},{"not_picked":["hierophant:PassingBell","hierophant:WrathOfGod"],"picked":"hierophant:RepressedViolence","floor":4.0},{"not_picked":["hierophant:Blessing","hierophant:DisplayOfPower","hierophant:MorningPrayer"],"picked":"SKIP","floor":5.0},{"not_picked":["hierophant:MirrorShield","hierophant:OrnateJavelin"],"picked":"hierophant:FieryStrike","floor":6.0},{"not_picked":["hierophant:Exaltation","hierophant:MirrorShield"],"picked":"hierophant:FieryStrike","floor":8.0},{"not_picked":["hierophant:DisplayOfPower","hierophant:Kindle"],"picked":"hierophant:Smite","floor":10.0},{"not_picked":["hierophant:Refuge","hierophant:Bribe","hierophant:FlamingChariot"],"picked":"SKIP","floor":11.0},{"not_picked":["hierophant:RepressedViolence","hierophant:Encroach"],"picked":"hierophant:HammerAndAnvil","floor":12.0},{"not_picked":["hierophant:SolarFlare","hierophant:Doomsaying"],"picked":"hierophant:ArchangelShield","floor":14.0},{"not_picked":["hierophant:SecretStash","hierophant:Doubloon"],"picked":"hierophant:Zeal","floor":18.0},{"not_picked":["hierophant:Blessing","hierophant:Upheaval","hierophant:HolyVerse"],"picked":"SKIP","floor":20.0},{"not_picked":["hierophant:Upheaval+1","hierophant:EyeForCoin"],"picked":"hierophant:ThreeLashes","floor":22.0},{"not_picked":["hierophant:Zeal","hierophant:HammerAndAnvil"],"picked":"hierophant:FlamingChariot+1","floor":24.0},{"not_picked":["hierophant:FieryStrike","hierophant:Mercenaries","hierophant:WrathOfGod"],"picked":"SKIP","floor":25.0},{"not_picked":["hierophant:Purify","hierophant:HolyVerse","hierophant:Upheaval+1"],"picked":"SKIP","floor":28.0},{"not_picked":["hierophant:LocustPlague","hierophant:HolyVerse+1"],"picked":"hierophant:Levitation","floor":29.0},{"not_picked":["hierophant:Prophecy","hierophant:Mercenaries","hierophant:Flagellation"],"picked":"SKIP","floor":31.0},{"not_picked":["hierophant:RustyCrate+1","hierophant:SecretStash+1"],"picked":"hierophant:Exaltation+1","floor":35.0},{"not_picked":["hierophant:SecretStash","hierophant:Martyrdom+1","hierophant:Patience+1"],"picked":"SKIP","floor":38.0},{"not_picked":["hierophant:SecretStash","hierophant:Sermon"],"picked":"hierophant:Shelter","floor":39.0},{"not_picked":["hierophant:Cornucopia","hierophant:MorningPrayer"],"picked":"hierophant:Purify+1","floor":40.0},{"not_picked":["hierophant:FlamingChariot+1","hierophant:DisplayOfPower+1","hierophant:Doubloon"],"picked":"SKIP","floor":42.0},{"not_picked":["hierophant:Martyrdom+1","hierophant:Embezzle"],"picked":"hierophant:ArchangelShield+1","floor":45.0},{"not_picked":["hierophant:RepressedViolence+1","hierophant:MirrorShield+1"],"picked":"hierophant:HammerAndAnvil","floor":48.0}],"player_experience":1819741,"relics_obtained":[{"floor":6.0,"key":"Meat on the Bone"},{"floor":9.0,"key":"Pantograph"},{"floor":11.0,"key":"Letter Opener"},{"floor":14.0,"key":"Mummified Hand"},{"floor":25.0,"key":"Nunchaku"},{"floor":27.0,"key":"Red Mask"},{"floor":29.0,"key":"Happy Flower"},{"floor":31.0,"key":"Centennial Puzzle"},{"floor":40.0,"key":"White Beast Statue"},{"floor":40.0,"key":"Molten Egg 2"},{"floor":43.0,"key":"Frozen Egg 2"}],"event_choices":[{"damage_healed":0.0,"max_hp_gain":0.0,"max_hp_loss":0.0,"gold_gain":0.0,"event_name":"Living Wall","player_choice":"Grow","floor":2.0,"gold_loss":0.0,"damage_taken":0.0,"cards_upgraded":["hierophant:Purify"]},{"damage_healed":0.0,"max_hp_gain":0.0,"max_hp_loss":0.0,"gold_gain":0.0,"event_name":"Scrap Ooze","player_choice":"Fled","floor":3.0,"gold_loss":0.0,"damage_taken":18.0},{"damage_healed":0.0,"max_hp_gain":0.0,"max_hp_loss":0.0,"gold_gain":0.0,"event_name":"Addict","player_choice":"Obtained Relic","floor":19.0,"gold_loss":85.0,"damage_taken":0.0,"relics_obtained":["Lantern"]},{"damage_healed":0.0,"max_hp_gain":0.0,"max_hp_loss":0.0,"gold_gain":0.0,"event_name":"Masked Bandits","player_choice":"Fought Bandits","floor":27.0,"gold_loss":0.0,"damage_taken":0.0},{"damage_healed":0.0,"max_hp_gain":0.0,"max_hp_loss":0.0,"gold_gain":0.0,"event_name":"SecretPortal","player_choice":"Ignored","floor":36.0,"gold_loss":0.0,"damage_taken":0.0},{"damage_healed":0.0,"max_hp_gain":0.0,"max_hp_loss":0.0,"gold_gain":0.0,"event_name":"SensoryStone","player_choice":"Memory 2","floor":44.0,"gold_loss":0.0,"damage_taken":5.0},{"damage_healed":0.0,"max_hp_gain":0.0,"max_hp_loss":0.0,"gold_gain":0.0,"event_name":"Upgrade Shrine","player_choice":"Upgraded","floor":47.0,"gold_loss":0.0,"damage_taken":0.0,"cards_upgraded":["hierophant:FieryStrike"]}],"is_beta":false,"boss_relics":[{"not_picked":["Runic Dome","Busted Crown"],"picked":"Empty Cage"},{"not_picked":["Pandora\u0027s Box","SacredBark"],"picked":"Black Star"}],"items_purged_floors":[21,37],"is_endless":false,"potions_floor_spawned":[5,10,12,14,16,25,29,31,33,35,42,45,48],"killed_by":"Time Eater","ascension_level":15}}