{"host":"jk4s28h3n42rhyp6","time":1607869746,"event":{"mods":["AchievementEnabler","BaseMod","Colored Map","Minty Spire (QoL Compilation)","SuperFastMode"],"gold_per_floor":[112,125,13,23,23,23,49,49,49,67,85,100,0,14,14,14,14],"floor_reached":16,"playtime":288,"items_purged":["Strike_P","Defend_P"],"score":151,"play_id":"54368093-41c2-49a9-938d-3548db5d4595","local_time":"20201213232906","is_ascension_mode":true,"campfire_choices":[{"data":"Eruption","floor":6,"key":"SMITH"},{"data":"MentalFortress","floor":8,"key":"SMITH"},{"floor":15,"key":"REST"}],"circlet_count":0,"master_deck":["Strike_P","Strike_P","Strike_P","Defend_P","Defend_P","Defend_P","Eruption+1","Vigilance","MentalFortress+1","MentalFortress","MentalFortress"],"relics":["PureWater","NeowsBlessing","Eternal Feather","Letter Opener","PreservedInsect"],"acts_visited":["Exordium"],"potions_floor_usage":[7],"damage_taken":[{"damage":0,"enemies":"Cultist","floor":1,"turns":1},{"damage":0,"enemies":"Jaw Worm","floor":2,"turns":1},{"damage":0,"enemies":"2 Louse","floor":4,"turns":1},{"damage":21,"enemies":"3 Sentries","floor":7,"turns":5},{"damage":0,"enemies":"Blue Slaver","floor":10,"turns":5},{"damage":13,"enemies":"Looter","floor":11,"turns":4},{"damage":6,"enemies":"3 Louse","floor":12,"turns":5},{"damage":8,"enemies":"Blue Slaver","floor":14,"turns":4},{"damage":40,"enemies":"Slime Boss","floor":16,"turns":3}],"seed_played":"-3507604248858262154","potions_obtained":[{"floor":2,"key":"AttackPotion"},{"floor":7,"key":"Weak Potion"},{"floor":14,"key":"FearPotion"}],"is_trial":false,"path_per_floor":["M","M","$","M","?","R","E","R","T","M","M","M","$","M","R","B"],"character_chosen":"WATCHER","items_purchased":["MentalFortress"],"campfire_rested":1,"item_purchase_floors":[3],"current_hp_per_floor":[65,65,65,65,40,46,25,31,31,31,18,12,12,4,31,0,0],"gold":14,"neow_bonus":"THREE_ENEMY_KILL","is_daily":false,"chose_seed":false,"campfire_upgraded":2,"win_rate":0.0,"timestamp":1607869746,"path_taken":["M","M","?","?","?","R","E","R","T","M","M","M","$","M","R","BOSS"],"items_purchased_type":["Card"],"build_version":"2020-11-30","purchased_purges":2,"victory":false,"max_hp_per_floor":[72,72,72,72,72,72,72,72,72,72,72,72,72,72,72,72,72],"card_choices":[{"not_picked":["FollowUp","JustLucky","EmptyMind"],"picked":"SKIP","floor":1},{"not_picked":["Evaluate","BowlingBash","Crescendo"],"picked":"SKIP","floor":2},{"not_picked":["EmptyFist","Halt","ThirdEye"],"picked":"SKIP","floor":4},{"not_picked":["Perseverance","Fasting2","Consecrate"],"picked":"SKIP","floor":7},{"not_picked":["PathToVictory","Vengeance","FollowUp"],"picked":"SKIP","floor":10},{"not_picked":["Evaluate","MasterReality","ForeignInfluence"],"picked":"SKIP","floor":11},{"not_picked":["JustLucky","InnerPeace"],"picked":"MentalFortress","floor":12},{"not_picked":["Nirvana","Consecrate"],"picked":"MentalFortress","floor":14}],"player_experience":334655,"relics_obtained":[{"floor":7,"key":"Letter Opener"},{"floor":9,"key":"PreservedInsect"}],"event_choices":[{"damage_healed":0,"gold_gain":0,"player_choice":"Success","damage_taken":25,"relics_obtained":["Eternal Feather"],"max_hp_gain":0,"max_hp_loss":0,"event_name":"Scrap Ooze","floor":5,"gold_loss":0}],"is_beta":false,"boss_relics":[],"items_purged_floors":[3,13],"is_endless":false,"potions_floor_spawned":[2,7,14],"killed_by":"Slime Boss","ascension_level":9}}