{"host":"sqc03gvc95ea30py","time":1607834227,"event":{"mods":["BaseMod","Better-Laid Plans","Colored Powertips","Minty Spire (QoL Compilation)","Quick Restart","Shop Mod"],"gold_per_floor":[114,114,131,131,131,131,148,159,159,22,22,37,53,65,65,65,65],"floor_reached":16,"playtime":312,"items_purged":[],"score":150,"play_id":"15b833c0-e657-4a23-abfb-74d494a4cdef","local_time":"20201213123707","is_ascension_mode":true,"campfire_choices":[{"data":"Zap","floor":6,"key":"SMITH"},{"data":"Fission","floor":11,"key":"SMITH"},{"data":"Streamline","floor":15,"key":"SMITH"}],"circlet_count":0,"master_deck":["AscendersBane","Strike_B","Strike_B","Defend_B+1","Defend_B","Defend_B","Defend_B","Zap","Dualcast","Loop+1","Zap+1","Streamline+1","Conserve Battery","Fission+1","Lockon","Storm+1"],"relics":["Cracked Core","Frozen Egg 2"],"acts_visited":[],"potions_floor_usage":[14,14],"damage_taken":[{"damage":1,"enemies":"2 Louse","floor":1,"turns":2},{"damage":8,"enemies":"Jaw Worm","floor":3,"turns":4},{"damage":1,"enemies":"Cultist","floor":7,"turns":3},{"damage":20,"enemies":"Large Slime","floor":8,"turns":4},{"damage":2,"enemies":"Exordium Wildlife","floor":12,"turns":3},{"damage":9,"enemies":"Blue Slaver","floor":13,"turns":4},{"damage":0,"enemies":"2 Fungi Beasts","floor":14,"turns":1},{"damage":14,"enemies":"Hexaghost","floor":16,"turns":8}],"seed_played":"746386522903572169","potions_obtained":[{"floor":1,"key":"PotionOfCapacity"},{"floor":8,"key":"DuplicationPotion"},{"floor":13,"key":"Fire Potion"}],"is_trial":false,"path_per_floor":["M","?","M","?","?","R","M","M","T","$","R","M","M","M","R","B"],"character_chosen":"DEFECT","items_purchased":["Fission"],"campfire_rested":0,"item_purchase_floors":[10],"current_hp_per_floor":[67,53,45,45,45,45,44,24,24,24,24,22,13,13,13,0,0],"gold":65,"neow_bonus":"REMOVE_TWO","is_daily":false,"chose_seed":false,"campfire_upgraded":3,"win_rate":0.0,"timestamp":1607834227,"path_taken":["M","?","M","?","?","R","M","M","T","$","R","?","M","M","R","BOSS"],"items_purchased_type":["Card"],"build_version":"2020-11-30","purchased_purges":0,"victory":false,"max_hp_per_floor":[68,68,68,68,68,68,68,68,68,68,68,68,68,68,68,68,68],"card_choices":[{"not_picked":["Conserve Battery","Rebound"],"picked":"Loop","floor":1},{"not_picked":["Steam Power","Go for the Eyes","Redo"],"picked":"SKIP","floor":3},{"not_picked":["Aggregate","Genetic Algorithm"],"picked":"Streamline","floor":7},{"not_picked":["Blizzard","Double Energy"],"picked":"Conserve Battery","floor":8},{"not_picked":["Steam Power","Conserve Battery"],"picked":"Lockon","floor":12},{"not_picked":["Steam","Fusion","Streamline"],"picked":"SKIP","floor":13},{"not_picked":["Reinforced Body","Go for the Eyes"],"picked":"Storm+1","floor":14}],"player_experience":287171,"relics_obtained":[{"floor":9,"key":"Frozen Egg 2"}],"event_choices":[{"damage_healed":0,"gold_gain":0,"player_choice":"Entered Light","damage_taken":14,"max_hp_gain":0,"max_hp_loss":0,"event_name":"Shining Light","floor":2,"gold_loss":0,"cards_upgraded":["Defend_B","Loop"]},{"damage_healed":0,"gold_gain":0,"player_choice":"Ignored","damage_taken":0,"max_hp_gain":0,"max_hp_loss":0,"event_name":"Liars Game","floor":4,"gold_loss":0},{"damage_healed":0,"gold_gain":0,"player_choice":"1 cards matched","damage_taken":0,"max_hp_gain":0,"max_hp_loss":0,"event_name":"Match and Keep!","floor":5,"gold_loss":0,"cards_obtained":["Zap"]}],"is_beta":false,"boss_relics":[],"items_purged_floors":[],"is_endless":false,"potions_floor_spawned":[1,8,13],"killed_by":"Hexaghost","ascension_level":12}}