{"host":"pz1ko3gi7nsxydm3","time":1607833407,"event":{"mods":["AchievementEnabler","Act Like it!","BaseMod","Better Note","Better Third Choice","Colored Map","Downfall","Hallownest","Hermit","Hubris","Infinite Spire","Minty Spire (QoL Compilation)","Rare Cards Sparkle","Replay The Spire","StSLib","The Bug Knight","The Jungle","??????REMEMod"],"gold_per_floor":[119,119,119,119,132,132,166,178,202,202,26,45,63,77,77,182,182,194,207,207,207,147,147,147,175,225,225,251,251,261,271,271,369,369,384,384,397,397,414,414,80,180,180,180,214,226,256,269,269,269],"floor_reached":51,"playtime":4201,"items_purged":[],"score":805,"play_id":"679379b8-bc5d-4eb8-8a5c-adcd8b5ad956","local_time":"20201213042327","is_ascension_mode":true,"campfire_choices":[{"floor":6,"key":"RECALL"},{"floor":15,"key":"REST"},{"data":"hubris:Rewind","floor":23,"key":"SMITH"},{"floor":29,"key":"REST"},{"floor":32,"key":"REST"},{"floor":40,"key":"REST"}],"circlet_count":0,"master_deck":["hermit:Strike_Hermit","hermit:Strike_Hermit","hermit:Strike_Hermit","hermit:Strike_Hermit","hermit:Defend_Hermit","hermit:Defend_Hermit","hermit:Defend_Hermit","hermit:Defend_Hermit","hermit:Snapshot","hermit:Covet","expansioncontent:QuickStudy","REME_TheLastStrike","hermit:LowProfile","Regret","hermit:FlashPowder","hermit:CursedWeapon","hermit:FromBeyond","REME_ProfessionalPlagiarism","hermit:CursedWeapon","hermit:Vantage","hermit:EyeOfTheStorm","hermit:EternalForm","hermit:Quickdraw+1","Spreading Infection","hubris:Rewind+1","hermit:Horror","hermit:GoldenBullet+1","hermit:Roughhouse","hermit:Vantage+1","hermit:Gestalt","Mind Blast","hermit:Gestalt","REME_ProfessionalPlagiarism","hubris:Rewind","hermit:WideOpen+1","hermit:Brawl+1"],"relics":["hermit:ClaspedLocket","REME_ComplimentaryCards","Spirit Poop","infinitespire:BottledMercury","Replay:Mystery Machine","ReplayTheSpireMod:TigerMarble","Black Star","ReplayTheSpireMod:Ring of Exchange","Ring of Panic","Durian","PreservedInsect","hubris:Reverence","hubris:Towel","Replay:Rubber Ducky","Toy Ornithopter","HandDrill","Frozen Egg 2","Thread and Needle","Boot","Happy Flower","Pen Nib","hubris:DisguiseKit"],"acts_visited":["Exordium","TheCity","TheBeyond"],"potions_floor_usage":[16,28,33,37,39,39,46,50,50],"damage_taken":[{"damage":0,"enemies":"Small Slimes","floor":1,"turns":1},{"damage":0,"enemies":"Cultist","floor":5,"turns":3},{"damage":7,"enemies":"HollowMod:MossKnight","floor":7,"turns":10},{"damage":0,"enemies":"2 Louse","floor":8,"turns":1},{"damage":2,"enemies":"Exordium Thugs","floor":12,"turns":3},{"damage":2,"enemies":"2 Fungi Beasts","floor":13,"turns":3},{"damage":4,"enemies":"Exordium Wildlife","floor":14,"turns":3},{"damage":48,"enemies":"Hexaghost","floor":16,"turns":9},{"damage":10,"enemies":"Shell Parasite","floor":18,"turns":5},{"damage":6,"enemies":"2 Thieves","floor":19,"turns":3},{"damage":58,"enemies":"REME_1_Revenger","floor":25,"turns":5},{"damage":7,"enemies":"Book of Stabbing","floor":28,"turns":3},{"damage":1,"enemies":"Centurion and Healer","floor":30,"turns":6},{"damage":0,"enemies":"Cultist and Chosen","floor":31,"turns":3},{"damage":35,"enemies":"Automaton","floor":33,"turns":6},{"damage":17,"enemies":"3 Shapes","floor":35,"turns":5},{"damage":50,"enemies":"3 Darklings","floor":37,"turns":8},{"damage":1,"enemies":"Transient","floor":39,"turns":5},{"damage":5,"enemies":"Giant Head","floor":45,"turns":7},{"damage":2,"enemies":"Maw","floor":46,"turns":7},{"damage":1,"enemies":"Reptomancer","floor":47,"turns":2},{"damage":0,"enemies":"Jaw Worm Horde","floor":48,"turns":1},{"damage":77,"enemies":"infinitespire:MassOfShapes","floor":50,"turns":10}],"seed_played":"-1068377380615761104","potions_obtained":[{"floor":13,"key":"Guardian:BlockOnCardUsePotion"},{"floor":14,"key":"Block Potion"},{"floor":16,"key":"Explosive Potion"},{"floor":28,"key":"Block Potion"},{"floor":31,"key":"sneckomod:MuddlingPotion"},{"floor":35,"key":"SkillPotion"},{"floor":45,"key":"sneckomod:MuddlingPotion"},{"floor":46,"key":"PowerPotion"},{"floor":47,"key":"sneckomod:MuddlingPotion"}],"is_trial":false,"path_per_floor":["M","?","$","?","M","R","E","M","T","?","$","M","M","M","R","B",null,"M","M","?","AVR","?","R","?","E","T","?","E","R","M","M","R","B",null,"M","?","M","?","M","R","$","?","T","AVR","E","M","E","M","R_BF","B",null],"character_chosen":"HERMIT","items_purchased":["REME_ProfessionalPlagiarism","REME_ProfessionalPlagiarism","HandDrill"],"campfire_rested":4,"item_purchase_floors":[11,41,41],"current_hp_per_floor":[75,75,75,75,75,75,68,68,68,68,68,66,64,60,75,27,75,65,59,59,64,64,64,64,18,18,18,11,35,42,42,66,36,80,63,63,19,19,29,53,53,53,53,53,48,52,51,51,75,18],"gold":269,"neow_bonus":"RANDOM_COLORLESS_2","is_daily":false,"chose_seed":false,"campfire_upgraded":1,"win_rate":0.0,"timestamp":1607833407,"path_taken":["M","?","?","?","?","R","E","M","T","?","?","M","M","M","R","BOSS","M","M","?","AVR","?","R","?","E","T","?","E","R","M","M","R","BOSS","M","?","M","?","?","R","$","?","T","AVR","E","M","E","?","R_BF","BOSS"],"items_purchased_type":["Card","Card","Relic"],"build_version":"2020-11-30","purchased_purges":0,"victory":true,"max_hp_per_floor":[75,75,75,75,75,75,75,75,75,75,75,75,75,75,75,75,75,75,75,75,80,80,80,80,80,80,80,80,80,80,80,80,80,80,80,80,80,80,80,80,80,80,80,80,80,80,80,80,80,80],"card_choices":[{"not_picked":["hubris:EnhanceAbility","ReplayUltimateDefense"],"picked":"expansioncontent:QuickStudy","floor":0},{"not_picked":["hermit:LuckOfTheDraw","hermit:Manifest"],"picked":"hermit:LowProfile","floor":1},{"not_picked":["hermit:HighCaliber","hermit:Manifest"],"picked":"hermit:FlashPowder","floor":5},{"not_picked":["hermit:LoneWolf","hermit:Spite"],"picked":"hermit:CursedWeapon","floor":7},{"not_picked":["hermit:TrackingShot","hermit:BigShot"],"picked":"hermit:FromBeyond","floor":8},{"not_picked":["hermit:ShadowCloak","hermit:ItchyTrigger"],"picked":"hermit:CursedWeapon","floor":12},{"not_picked":["hermit:Glare","hermit:Feint"],"picked":"hermit:Vantage","floor":13},{"not_picked":["hermit:Maintenance","hermit:Virtue"],"picked":"hermit:EyeOfTheStorm","floor":14},{"not_picked":["hermit:Gambit","hermit:FinalCanter"],"picked":"hermit:EternalForm","floor":16},{"not_picked":["hermit:WideOpen+1","hermit:Glare"],"picked":"hermit:Quickdraw","floor":18},{"not_picked":["hermit:Cheat","hermit:Roulette","hermit:HoleUp+1"],"picked":"SKIP","floor":19},{"not_picked":["hermit:Spite+1","hermit:Quickdraw","hermit:ItchyTrigger"],"picked":"SKIP","floor":25},{"not_picked":["hermit:LoneWolf","hermit:LowProfile"],"picked":"hermit:Horror","floor":28},{"not_picked":["hermit:Glare","hermit:Enervate","hermit:TrackingShot"],"picked":"hermit:GoldenBullet+1","floor":30},{"not_picked":["hermit:ShadowCloak","hermit:Desperado","hermit:Dive"],"picked":"SKIP","floor":31},{"not_picked":["hermit:Purgatory","hermit:FinalCanter"],"picked":"hermit:Roughhouse","floor":33},{"not_picked":["hermit:Feint+1","hermit:BigShot"],"picked":"hermit:Vantage+1","floor":35},{"not_picked":["hermit:Feint","hermit:Malice+1","hermit:Desperado+1"],"picked":"SKIP","floor":37},{"not_picked":["hubris:EnhanceAbility","expansioncontent:BronzeBeam"],"picked":"Mind Blast","floor":38},{"not_picked":["hermit:Dive+1","hermit:Ricochet+1"],"picked":"hermit:Gestalt","floor":39},{"not_picked":["hermit:HoleUp+1","hermit:GhostlyPresence"],"picked":"hermit:WideOpen+1","floor":45},{"not_picked":["hermit:PistolWhip","hermit:Misfire+1","hermit:Snipe"],"picked":"SKIP","floor":46},{"not_picked":["hermit:Ricochet","hermit:NoHoldsBarred","hermit:Dive+1"],"picked":"SKIP","floor":47},{"not_picked":["hermit:Enervate+1","hermit:Horror+1","Massacre"],"picked":"hermit:Brawl+1","floor":48}],"player_experience":66913,"relics_obtained":[{"floor":7,"key":"Replay:Mystery Machine"},{"floor":9,"key":"ReplayTheSpireMod:TigerMarble"},{"floor":20,"key":"ReplayTheSpireMod:Ring of Exchange"},{"floor":20,"key":"Ring of Panic"},{"floor":25,"key":"PreservedInsect"},{"floor":25,"key":"hubris:Reverence"},{"floor":28,"key":"Replay:Rubber Ducky"},{"floor":28,"key":"Toy Ornithopter"},{"floor":43,"key":"Frozen Egg 2"},{"floor":45,"key":"Boot"},{"floor":45,"key":"Happy Flower"},{"floor":47,"key":"Pen Nib"},{"floor":47,"key":"hubris:DisguiseKit"}],"event_choices":[{"cards_removed":["Overencumbered"],"damage_healed":0,"gold_gain":0,"player_choice":"Offered Curse","damage_taken":0,"relics_obtained":["Spirit Poop"],"max_hp_gain":0,"max_hp_loss":0,"event_name":"Bonfire Elementals","floor":2,"gold_loss":0},{"damage_healed":0,"gold_gain":0,"player_choice":"Box","damage_taken":0,"relics_obtained":["infinitespire:BottledMercury"],"max_hp_gain":0,"max_hp_loss":0,"event_name":"Big Fish","floor":4,"gold_loss":0,"cards_obtained":["Regret"]},{"damage_healed":0,"gold_gain":0,"player_choice":"Random: Blue","damage_taken":0,"max_hp_gain":0,"max_hp_loss":0,"event_name":"betterThird:BetterPortal","floor":38,"gold_loss":0},{"damage_healed":0,"gold_gain":0,"player_choice":"Memory 1","damage_taken":0,"max_hp_gain":0,"max_hp_loss":0,"event_name":"SensoryStone","floor":38,"gold_loss":0},{"damage_healed":0,"gold_gain":100,"player_choice":"Pray","damage_taken":0,"max_hp_gain":0,"max_hp_loss":0,"event_name":"Golden Shrine","floor":42,"gold_loss":0}],"is_beta":false,"boss_relics":[{"not_picked":["Painkiller Herb","REME_DemonsWealth"],"picked":"Black Star"},{"not_picked":["hubris:HerbalPaste","hermit:BartenderGlass"],"picked":"hermit:ClaspedLocket"}],"items_purged_floors":[],"is_endless":false,"potions_floor_spawned":[13,14,16,28,31,35,45,46,47],"ascension_level":1}}