{"host":"g76rhe4j5kh9hdf9","time":1607887952,"event":{"mods":["Act Like it!","BaseMod","Better Third Choice","Downfall","GifTheSpireLib","Minty Spire (QoL Compilation)","Relic Stats","Spicy Shops","StSLib"],"gold_per_floor":[99,125,125,143,143,143,143,175,239,272,19,45,45,57,74,74,74],"floor_reached":16,"playtime":1439,"items_purged":[],"score":141,"play_id":"1078506a-f22f-4a37-a8d4-9f7a7b484978","local_time":"20201213113232","is_ascension_mode":false,"campfire_choices":[{"data":"champ:Execute","floor":1.0,"key":"SMITH"},{"data":"champ:PreciseThrust","floor":6.0,"key":"SMITH"}],"circlet_count":0,"master_deck":["champ:Strike","champ:Strike","champ:Strike","champ:Defend+1","champ:Defend+1","champ:Defend","champ:Defend","champ:Execute+1","champ:Taunt","champ:AdrenalArmor","champ:PreciseThrust+1","champ:CheapShot","champ:GladiatorsShout","Madness+1","Regret","champ:BringItOn","champ:VampiricStrike"],"relics":["champ:ChampionCrown","Unceasing Top","Ice Cream","Gremlin Horn","Juzu Bracelet","Matryoshka","Strawberry","champ:BerserkersGuideToSlaughter","Odd Mushroom"],"acts_visited":["Exordium"],"potions_floor_usage":[12],"damage_taken":[{"damage":29.0,"enemies":"3 Sentries","floor":2.0,"turns":9.0},{"damage":11.0,"enemies":"Small Slimes","floor":4.0,"turns":4.0},{"damage":40.0,"enemies":"Gremlin Nob","floor":8.0,"turns":5.0},{"damage":57.0,"enemies":"Lagavulin Event","floor":9.0,"turns":9.0},{"damage":27.0,"enemies":"3 Sentries","floor":10.0,"turns":9.0},{"damage":15.0,"enemies":"downfall:FleeingMerchant","floor":11.0,"turns":5.0},{"damage":15,"enemies":"The Mushroom Lair","floor":12,"turns":5},{"damage":6,"enemies":"Jaw Worm","floor":14,"turns":5},{"damage":0,"enemies":"2 Louse","floor":15,"turns":2},{"damage":10,"enemies":"downfall:Defect","floor":16,"turns":4}],"seed_played":"-4337349122350044893","potions_obtained":[{"floor":8.0,"key":"champ:UltimateStancePotion"},{"floor":10.0,"key":"Guardian:BlockOnCardUsePotion"},{"floor":14,"key":"Explosive Potion"},{"floor":15,"key":"Fire Potion"}],"is_trial":false,"path_per_floor":["R","E","?","M","T","R","T","E","?","E","$","?","?","M","M","B"],"character_chosen":"THE_CHAMP","items_purchased":["champ:BerserkersGuideToSlaughter","Madness"],"campfire_rested":0,"item_purchase_floors":[11,11],"current_hp_per_floor":[99,80,80,80,80,80,80,52,17,16,16,8,8,7,7,0,0],"gold":74,"neow_bonus":"TEN_PERCENT_HP_BONUS","is_daily":false,"chose_seed":false,"campfire_upgraded":2,"win_rate":0.0,"timestamp":1607887952,"path_taken":["R","E","?","M","?","R","T","E","?","E","$","?","?","M","M","BOSS"],"items_purchased_type":["Relic","Card"],"build_version":"2020-11-30","purchased_purges":0,"victory":false,"max_hp_per_floor":[99,99,99,99,99,99,99,99,99,106,106,106,106,106,106,106,106],"relic_stats":{"Gremlin Horn":[5,5],"counters":[10,57],"Juzu Bracelet":1,"obtain_stats":[{"Ice Cream":5,"Matryoshka":9,"Gremlin Horn":7,"Strawberry":10,"champ:ChampionCrown":0,"Juzu Bracelet":8,"champ:BerserkersGuideToSlaughter":11,"Odd Mushroom":12,"Unceasing Top":2},{"Ice Cream":2,"Matryoshka":4,"Gremlin Horn":2,"Strawberry":5,"champ:ChampionCrown":0,"Juzu Bracelet":3,"champ:BerserkersGuideToSlaughter":6,"Odd Mushroom":7,"Unceasing Top":1},{"Ice Cream":13,"Matryoshka":27,"Gremlin Horn":13,"Strawberry":36,"champ:ChampionCrown":0,"Juzu Bracelet":18,"champ:BerserkersGuideToSlaughter":41,"Odd Mushroom":46,"Unceasing Top":9}],"Unceasing Top":[2]},"card_choices":[{"not_picked":["champ:DefensiveShout","champ:StanceDance"],"picked":"champ:AdrenalArmor","floor":2.0},{"not_picked":["champ:Haymaker","champ:ArenaPreparation"],"picked":"champ:PreciseThrust","floor":4.0},{"not_picked":["champ:Haymaker","champ:ViciousMockery"],"picked":"champ:CheapShot","floor":8.0},{"not_picked":["champ:RecklessLeap","champ:Circumvent"],"picked":"champ:GladiatorsShout","floor":10.0},{"not_picked":["champ:Lariat","champ:DefensiveStyle","champ:GutPunch"],"picked":"SKIP","floor":11.0},{"not_picked":["champ:Circumvent","champ:DeathBlow"],"picked":"champ:BringItOn","floor":14},{"not_picked":["champ:BerserkersShout","champ:DefensiveShout"],"picked":"champ:VampiricStrike","floor":15}],"player_experience":577752,"relics_obtained":[{"floor":2.0,"key":"Unceasing Top"},{"floor":5.0,"key":"Ice Cream"},{"floor":7.0,"key":"Gremlin Horn"},{"floor":8.0,"key":"Juzu Bracelet"},{"floor":9.0,"key":"Matryoshka"},{"floor":10.0,"key":"Strawberry"},{"floor":12,"key":"Odd Mushroom"}],"event_choices":[{"cards_removed":["champ:Strike"],"damage_healed":0.0,"max_hp_gain":0.0,"max_hp_loss":0.0,"gold_gain":0.0,"event_name":"The Cleric","player_choice":"Card Removal","floor":3.0,"gold_loss":0.0,"damage_taken":0.0},{"damage_healed":0,"gold_gain":0,"player_choice":"Fought Mushrooms","damage_taken":0,"max_hp_gain":0,"max_hp_loss":0,"event_name":"Mushrooms","floor":12,"gold_loss":0}],"is_beta":false,"boss_relics":[],"items_purged_floors":[],"is_endless":false,"potions_floor_spawned":[8,10,14,15],"killed_by":"downfall:Defect","ascension_level":0}}