{"host":"m6aaltr68g9tvoay","time":1607829312,"event":{"mods":["AchievementEnabler","BaseMod","Colored Map","Downfall","Minty Spire (QoL Compilation)","StSLib"],"gold_per_floor":[99,126,126,126,126,226,251,251,282,282,302,39,39,58,71,175,175,175,275,34,34,62,62,62,90,104,104,204,224,234,234,246,246,246],"floor_reached":33,"playtime":2694,"items_purged":[],"score":330,"play_id":"c464d9a5-1135-4239-9d0d-7c9c5d938707","local_time":"20201212191512","is_ascension_mode":true,"campfire_choices":[{"data":"champ:Execute","floor":1,"key":"SMITH"},{"data":"champ:PreciseThrust","floor":10,"key":"SMITH"},{"data":"champ:Improvising","floor":18,"key":"SMITH"},{"data":"champ:Lariat","floor":21,"key":"SMITH"},{"floor":23,"key":"REST"},{"floor":27,"key":"REST"}],"circlet_count":0,"master_deck":["champ:Strike","champ:Defend","champ:Defend+1","champ:Defend+1","champ:Execute+1","champ:Taunt","champ:FaceSlap+1","champ:Haymaker","champ:DefensiveShout","champ:PreciseThrust+1","champ:RisingSlash","champ:FanOfKnives","champ:ShieldWall","champ:PerfectedStrike","champ:FalseCounter","champ:Improvising+1","champ:GladiatorsShout+1","champ:CheapShot+1","champ:ShieldSlam+1","champ:BringItOn","champ:SkillfulDodge","champ:Lariat+1","champ:DefensiveShout","champ:DefensiveStyle","champ:BladeFlurry"],"relics":["champ:ChampionCrown","downfall:HeartsMalice","Pear","War Paint","Meat on the Bone","Mummified Hand","Astrolabe","Kunai","champ:BlackKnightHelmet","Chemical X","Gremlin Horn","Art of War","Oddly Smooth Stone"],"acts_visited":["Exordium","TheCity"],"potions_floor_usage":[9,16,19,22,33,33],"damage_taken":[{"damage":0,"enemies":"Lagavulin","floor":2,"turns":1},{"damage":0,"enemies":"Cultist","floor":4,"turns":1},{"damage":0,"enemies":"Jaw Worm","floor":5,"turns":1},{"damage":20,"enemies":"3 Sentries","floor":9,"turns":5},{"damage":3,"enemies":"2 Louse","floor":11,"turns":2},{"damage":3,"enemies":"downfall:FleeingMerchant","floor":12,"turns":4},{"damage":25,"enemies":"Exordium Thugs","floor":14,"turns":3},{"damage":5,"enemies":"Large Slime","floor":15,"turns":4},{"damage":57,"enemies":"downfall:Ironclad","floor":16,"turns":7},{"damage":22,"enemies":"downfall:Ironclad","floor":19,"turns":8},{"damage":6,"enemies":"downfall:FleeingMerchant","floor":20,"turns":4},{"damage":35,"enemies":"Slavers","floor":22,"turns":6},{"damage":36,"enemies":"Book of Stabbing","floor":25,"turns":6},{"damage":3,"enemies":"3 Byrds","floor":26,"turns":5},{"damage":0,"enemies":"Chosen and Byrds","floor":29,"turns":3},{"damage":22,"enemies":"Shelled Parasite and Fungi","floor":30,"turns":5},{"damage":5,"enemies":"Centurion and Healer","floor":32,"turns":6},{"damage":66,"enemies":"downfall:Silent","floor":33,"turns":7}],"seed_played":"-3328324980752949929","potions_obtained":[{"floor":2,"key":"BlessingOfTheForge"},{"floor":14,"key":"ColorlessPotion"},{"floor":16,"key":"Fire Potion"},{"floor":19,"key":"Block Potion"},{"floor":25,"key":"DuplicationPotion"},{"floor":29,"key":"champ:TechniquePotion"}],"is_trial":false,"path_per_floor":["R","E","?","M","M","?","T","?","E","R","M","$","?","M","M","B",null,"R","?","$","R","E","R","T","E","M","R","?","M","M","?","M","B"],"character_chosen":"THE_CHAMP","items_purchased":["Mummified Hand","champ:Lariat","Chemical X"],"campfire_rested":2,"item_purchase_floors":[12,20,20],"current_hp_per_floor":[90,100,100,100,100,100,100,100,85,85,82,82,82,62,62,30,100,100,84,78,78,61,91,91,58,58,88,88,88,66,66,66,0,0],"gold":246,"neow_bonus":"THREE_ENEMY_KILL","is_daily":false,"chose_seed":false,"campfire_upgraded":4,"win_rate":0.0,"timestamp":1607829312,"path_taken":["R","E","?","M","?","?","T","?","E","R","?","$","?","M","M","BOSS","R","?","$","R","E","R","T","E","M","R","?","M","M","?","M","BOSS"],"items_purchased_type":["Relic","Card","Relic"],"build_version":"2020-11-30","purchased_purges":0,"victory":false,"max_hp_per_floor":[90,100,100,100,100,100,100,100,100,100,100,100,100,100,100,100,100,100,100,100,100,100,100,100,100,100,100,100,100,100,100,100,100,100],"card_choices":[{"not_picked":["champ:HeartStrike","champ:EnGarde"],"picked":"champ:FaceSlap","floor":2},{"not_picked":["champ:BerserkersShout","champ:TornadoPunch"],"picked":"champ:Haymaker","floor":4},{"not_picked":["champ:Backstep","champ:CrookedStrike"],"picked":"champ:DefensiveShout","floor":5},{"not_picked":["champ:PerfectedStrike","champ:TornadoPunch"],"picked":"champ:RisingSlash","floor":9},{"not_picked":["champ:FocusedDefense","champ:PreciseThrust"],"picked":"champ:FanOfKnives","floor":11},{"not_picked":["champ:BringItOn","champ:ShieldThrow"],"picked":"champ:ShieldWall","floor":12},{"not_picked":["champ:Encircle","champ:FlashCut"],"picked":"champ:PerfectedStrike","floor":14},{"not_picked":["champ:FanOfKnives","champ:PerfectedStrike"],"picked":"champ:FalseCounter","floor":15},{"not_picked":["champ:MurderStrike","champ:CrownThrow"],"picked":"champ:Improvising","floor":16},{"not_picked":["champ:FalseCounter","champ:FocusedBerserking+1"],"picked":"champ:BringItOn","floor":19},{"not_picked":["champ:FanOfKnives","champ:RisingSlash+1"],"picked":"champ:SkillfulDodge","floor":20},{"not_picked":["champ:Riposte","champ:HeartStrike"],"picked":"champ:DefensiveShout","floor":22},{"not_picked":["champ:SwordThrow","champ:DancingMaster","champ:DefensiveShout"],"picked":"SKIP","floor":25},{"not_picked":["champ:FaceSlap+1","champ:GladiatorsShout"],"picked":"champ:DefensiveStyle","floor":26},{"not_picked":["champ:StanceDance","champ:FlashCut","champ:ShieldWall+1"],"picked":"SKIP","floor":29},{"not_picked":["champ:EndlessRage+1","champ:FocusedDefense+1"],"picked":"champ:BladeFlurry","floor":30},{"not_picked":["champ:PerfectedStrike+1","champ:EndlessRage+1","champ:GladiatorsShout"],"picked":"SKIP","floor":32}],"player_experience":1591741,"relics_obtained":[{"floor":2,"key":"Pear"},{"floor":7,"key":"War Paint"},{"floor":9,"key":"Meat on the Bone"},{"floor":19,"key":"Kunai"},{"floor":19,"key":"champ:BlackKnightHelmet"},{"floor":22,"key":"Gremlin Horn"},{"floor":24,"key":"Art of War"},{"floor":25,"key":"Oddly Smooth Stone"}],"event_choices":[{"damage_healed":0,"gold_gain":0,"player_choice":"Upgraded","damage_taken":0,"max_hp_gain":0,"max_hp_loss":0,"event_name":"Upgrade Shrine","floor":3,"gold_loss":0,"cards_upgraded":["champ:FaceSlap"]},{"damage_healed":0,"gold_gain":0,"cards_transformed":["champ:Strike"],"player_choice":"Transformed","damage_taken":0,"max_hp_gain":0,"max_hp_loss":0,"event_name":"Transmorgrifier","floor":8,"gold_loss":0,"cards_obtained":["champ:PreciseThrust"]},{"damage_healed":0,"gold_gain":0,"player_choice":"Ignored","damage_taken":0,"max_hp_gain":0,"max_hp_loss":0,"event_name":"Ghosts","floor":31,"gold_loss":0}],"is_beta":false,"boss_relics":[{"not_picked":["Philosopher\u0027s Stone","Coffee Dripper"],"picked":"Astrolabe"}],"items_purged_floors":[],"is_endless":false,"potions_floor_spawned":[2,14,16,19,25,29],"killed_by":"downfall:Silent","ascension_level":1}}