{"host":"zsm7bdfo51n66z45","time":1607902781,"event":{"mods":["BaseMod","Better Skull","Better Third Choice","Colored Powertips","Minty Spire (QoL Compilation)","MostiFishMod","Relic Stats","Retaliation","Spicy Shops","StSLib","Waifu the Spire"],"gold_per_floor":[116,132,146,164,164,164,184,184,184,38,57,57,69,87,87,192,192,204,204,204,217,235,235,253,284,284,302,320,103,137,156,156,254,254,270,43,88,107,117,131,131,165,165,177,195,213,248,265,265,265],"floor_reached":51,"playtime":1563,"items_purged":["Skewer"],"score":1051,"play_id":"a7c2a483-4bdb-4dcb-95ac-ca801a25ae06","local_time":"20201213173941","is_ascension_mode":false,"campfire_choices":[{"data":"Perfected Strike","floor":6,"key":"SMITH"},{"data":"Strike_R","floor":12,"key":"SMITH"},{"data":"Dual Wield","floor":15,"key":"SMITH"},{"data":"MostiFishMod:Disappear","floor":23,"key":"SMITH"},{"data":"Pommel Strike","floor":32,"key":"SMITH"},{"data":"Perfected Strike","floor":41,"key":"SMITH"},{"data":"Blade Dance","floor":49,"key":"SMITH"}],"circlet_count":0,"master_deck":["Strike_R","Strike_R","Strike_R","Strike_R","Strike_R+1","Defend_R","Defend_R","Defend_R","Defend_R","Bash","Perfected Strike+1","Dual Wield+1","MostiFishMod:Disappear+1","Twin Strike","Pommel Strike+1","Perfected Strike+1","Blade Dance+1","Perfected Strike+1"],"relics":["Burning Blood","DaveBox","PatriotShield","Question Card","PrismaticShard","Pantograph","White Beast Statue","Torii","ImportantClient","HaiYi:Twilight","Eternal Feather","Incense Burner","Bottled Flame","ArrowTower","Cursed Key","Potion Belt","Membership Card","FossilizedHelix","Omamori","Juzu Bracelet","Regal Pillow"],"acts_visited":["Exordium","TheCity","TheBeyond"],"potions_floor_usage":[16,50,50,50],"damage_taken":[{"damage":0,"enemies":"Jaw Worm","floor":1,"turns":2},{"damage":0,"enemies":"Small Slimes","floor":2,"turns":2},{"damage":0,"enemies":"Cultist","floor":3,"turns":2},{"damage":0,"enemies":"Blue Slaver","floor":4,"turns":2},{"damage":0,"enemies":"3 Louse","floor":7,"turns":2},{"damage":0,"enemies":"Looter","floor":11,"turns":1},{"damage":0,"enemies":"Gremlin Gang","floor":13,"turns":3},{"damage":0,"enemies":"Exordium Wildlife","floor":14,"turns":2},{"damage":0,"enemies":"Slime Boss","floor":16,"turns":6},{"damage":0,"enemies":"Chosen","floor":18,"turns":2},{"damage":0,"enemies":"Shell Parasite","floor":21,"turns":3},{"damage":0,"enemies":"Shelled Parasite and Fungi","floor":22,"turns":3},{"damage":0,"enemies":"3 Cultists","floor":24,"turns":4},{"damage":0,"enemies":"Gremlin Leader","floor":25,"turns":5},{"damage":0,"enemies":"Snecko","floor":27,"turns":2},{"damage":0,"enemies":"Snake Plant","floor":28,"turns":2},{"damage":0,"enemies":"Book of Stabbing","floor":30,"turns":3},{"damage":0,"enemies":"Cultist and Chosen","floor":31,"turns":3},{"damage":0,"enemies":"Champ","floor":33,"turns":6},{"damage":0,"enemies":"3 Darklings","floor":35,"turns":2},{"damage":0,"enemies":"2 Orb Walkers","floor":37,"turns":2},{"damage":0,"enemies":"Orb Walker","floor":38,"turns":2},{"damage":0,"enemies":"3 Darklings","floor":39,"turns":2},{"damage":0,"enemies":"Writhing Mass","floor":40,"turns":3},{"damage":0,"enemies":"Giant Head","floor":42,"turns":3},{"damage":0,"enemies":"Sphere and 2 Shapes","floor":44,"turns":2},{"damage":0,"enemies":"3 Darklings","floor":45,"turns":2},{"damage":0,"enemies":"Jaw Worm Horde","floor":46,"turns":2},{"damage":0,"enemies":"Nemesis","floor":47,"turns":3},{"damage":0,"enemies":"4 Shapes","floor":48,"turns":2},{"damage":0,"enemies":"Awakened One","floor":50,"turns":6}],"seed_played":"1143969377686493362","potions_obtained":[{"floor":3,"key":"GamblersBrew"},{"floor":11,"key":"SmokeBomb"},{"floor":13,"key":"Weak Potion"},{"floor":14,"key":"EssenceOfSteel"},{"floor":16,"key":"Fire Potion"},{"floor":21,"key":"BlessingOfTheForge"},{"floor":33,"key":"Strength Potion"},{"floor":37,"key":"Energy Potion"},{"floor":38,"key":"SkillPotion"},{"floor":40,"key":"Strength Potion"},{"floor":44,"key":"SteroidPotion"}],"is_trial":false,"path_per_floor":["M","M","M","M","?","R","M","?","T","$","M","R","M","M","R","B",null,"M","?","?","M","M","R","M","E","T","M","M","$","E","M","R","B",null,"M","$","?","M","M","M","R","E","T","M","M","M","E","M","R","B",null],"character_chosen":"IRONCLAD","items_purchased":["Torii","Bottled Flame","Pommel Strike","Perfected Strike","Potion Belt","Membership Card"],"campfire_rested":0,"item_purchase_floors":[10,29,29,36,36,36],"current_hp_per_floor":[88,88,88,88,93,93,93,86,86,86,92,92,93,93,93,93,93,93,93,93,93,93,93,93,93,93,93,93,93,93,93,93,93,93,93,93,93,93,93,93,93,93,93,93,93,93,93,93,93,93],"gold":265,"neow_bonus":"TEN_PERCENT_HP_BONUS","is_daily":false,"chose_seed":false,"campfire_upgraded":7,"win_rate":0.0,"timestamp":1607902781,"path_taken":["M","M","M","M","?","R","M","?","T","?","M","R","M","?","R","BOSS","M","?","?","M","M","R","M","E","T","M","M","$","E","M","R","BOSS","M","$","?","M","M","M","R","E","T","M","M","M","E","M","R","BOSS"],"items_purchased_type":["Relic","Relic","Card","Card","Relic","Relic"],"build_version":"2020-11-30","purchased_purges":1,"victory":true,"max_hp_per_floor":[88,88,88,88,93,93,93,93,93,93,93,93,93,93,93,93,93,93,93,93,93,93,93,93,93,93,93,93,93,93,93,93,93,93,93,93,93,93,93,93,93,93,93,93,93,93,93,93,93,93],"relic_stats":{"Regal Pillow":0,"Torii":0,"counters":[31,86],"Pantograph":0,"Eternal Feather":0,"Juzu Bracelet":0,"Question Card":29,"Cursed Key":1,"obtain_stats":[{"Potion Belt":36,"PatriotShield":0,"Regal Pillow":47,"DaveBox":0,"Torii":10,"Eternal Feather":25,"Incense Burner":26,"Omamori":42,"Juzu Bracelet":43,"Question Card":1,"PrismaticShard":1,"Cursed Key":34,"Burning Blood":0,"White Beast Statue":9,"Bottled Flame":29,"HaiYi:Twilight":17,"Pantograph":8,"Membership Card":36,"ArrowTower":30,"FossilizedHelix":37,"ImportantClient":16},{"Potion Belt":20,"PatriotShield":0,"Regal Pillow":29,"DaveBox":0,"Torii":5,"Eternal Feather":14,"Incense Burner":14,"Omamori":25,"Juzu Bracelet":25,"Question Card":1,"PrismaticShard":1,"Cursed Key":19,"Burning Blood":0,"White Beast Statue":5,"Bottled Flame":16,"HaiYi:Twilight":9,"Pantograph":5,"Membership Card":20,"ArrowTower":17,"FossilizedHelix":21,"ImportantClient":9},{"Potion Belt":57,"PatriotShield":0,"Regal Pillow":78,"DaveBox":0,"Torii":10,"Eternal Feather":39,"Incense Burner":39,"Omamori":69,"Juzu Bracelet":69,"Question Card":2,"PrismaticShard":2,"Cursed Key":55,"Burning Blood":0,"White Beast Statue":10,"Bottled Flame":43,"HaiYi:Twilight":22,"Pantograph":10,"Membership Card":57,"ArrowTower":46,"FossilizedHelix":59,"ImportantClient":22}],"Burning Blood":7},"card_choices":[{"not_picked":["Warcry","Shrug It Off","DDmod:SpikedSkill"],"picked":"SKIP","floor":1},{"not_picked":["Streamline","CrushJoints","Protect"],"picked":"Skewer","floor":2},{"not_picked":["Protect","Catalyst","The Bomb"],"picked":"Perfected Strike","floor":3},{"not_picked":["True Grit","Clothesline","MentalFortress","Beam Cell"],"picked":"SKIP","floor":4},{"not_picked":["DDmod:SpikeInjectionSkill","Sword Boomerang","Chaos","Slice"],"picked":"SKIP","floor":7},{"not_picked":["EmptyBody","DDmod:SpikedSkill","Impatience","Dagger Throw"],"picked":"SKIP","floor":11},{"not_picked":["Iron Wave","Deflect","Flex"],"picked":"Dual Wield","floor":13},{"not_picked":["EmptyBody","SashWhip","Jack Of All Trades","Hologram"],"picked":"SKIP","floor":14},{"not_picked":["LessonLearned","Hyperbeam","MostiFishMod:StarHerder"],"picked":"MostiFishMod:Disappear","floor":16},{"not_picked":["Prostrate","JustLucky","MostiFishMod:PerfectParry","DeceiveReality"],"picked":"SKIP","floor":18},{"not_picked":["Sweeping Beam","MostiFishMod:PerfectParry","CutThroughFate","Quick Slash"],"picked":"SKIP","floor":21},{"not_picked":["Quick Slash+1","Finisher","Self Repair","Barrage+1"],"picked":"SKIP","floor":22},{"not_picked":["Multi-Cast","FlurryOfBlows","Tactician","Sucker Punch"],"picked":"SKIP","floor":24},{"not_picked":["Steam Power+1","MostiFishMod:Speedup","Poisoned Stab+1","Burning Pact"],"picked":"SKIP","floor":25},{"not_picked":["Crescendo","Rage","Static Discharge","Heatsinks"],"picked":"SKIP","floor":27},{"not_picked":["Steam+1","DDmod:UnstoppableAttack+1","DDmod:SpikedSkill"],"picked":"Twin Strike","floor":28},{"not_picked":["Acrobatics","MostiFishMod:LinkProtocol","Static Discharge","Perseverance"],"picked":"SKIP","floor":30},{"not_picked":["Evolve","Redo+1","Prostrate","Rebound"],"picked":"SKIP","floor":31},{"not_picked":["MostiFishMod:PerfectParry+1","Skim","CrushJoints","Escape Plan+1"],"picked":"SKIP","floor":35},{"not_picked":["Force Field","Storm+1","Bane","Protect+1"],"picked":"SKIP","floor":38},{"not_picked":["Deadly Poison+1","ClearTheMind+1","Pummel"],"picked":"Blade Dance","floor":39},{"not_picked":["EmptyBody+1","Flex+1","CrushJoints"],"picked":"Perfected Strike+1","floor":40},{"not_picked":["MostiFishMod:PushDownKick","Sweeping Beam","Finisher","Bane"],"picked":"SKIP","floor":42},{"not_picked":["Anger","Flex","Deflect+1","PiercingWail+1"],"picked":"SKIP","floor":44},{"not_picked":["Recycle+1","Clash+1","MostiFishMod:NightSea","FTL+1"],"picked":"SKIP","floor":45},{"not_picked":["Clothesline+1","Calculated Gamble","Quick Slash","FlurryOfBlows"],"picked":"SKIP","floor":46},{"not_picked":["Thunderclap+1","Body Slam","Wallop","MostiFishMod:ThornCasing+1"],"picked":"SKIP","floor":47},{"not_picked":["EmptyBody+1","Enlightenment+1","ThirdEye+1","DDmod:UnstoppableAttack"],"picked":"SKIP","floor":48}],"player_experience":131178,"relics_obtained":[{"floor":1,"key":"Question Card"},{"floor":1,"key":"PrismaticShard"},{"floor":9,"key":"White Beast Statue"},{"floor":16,"key":"ImportantClient"},{"floor":25,"key":"Eternal Feather"},{"floor":26,"key":"Incense Burner"},{"floor":30,"key":"ArrowTower"},{"floor":37,"key":"FossilizedHelix"},{"floor":42,"key":"Omamori"},{"floor":43,"key":"Juzu Bracelet"},{"floor":47,"key":"Regal Pillow"}],"event_choices":[{"damage_healed":0,"gold_gain":0,"player_choice":"Donut","damage_taken":0,"max_hp_gain":5,"max_hp_loss":0,"event_name":"Big Fish","floor":5,"gold_loss":0},{"damage_healed":0,"gold_gain":0,"player_choice":"Relic ","damage_taken":7,"max_hp_gain":0,"max_hp_loss":0,"event_name":"betterThird:BetterScrap","floor":8,"gold_loss":0,"cards_obtained":["Well Laid Plans"]},{"damage_healed":0,"gold_gain":0,"player_choice":"Ignored","damage_taken":0,"max_hp_gain":0,"max_hp_loss":0,"event_name":"Ghosts","floor":19,"gold_loss":0},{"damage_healed":0,"gold_gain":0,"player_choice":"Ignored","damage_taken":0,"max_hp_gain":0,"max_hp_loss":0,"event_name":"Vampires","floor":20,"gold_loss":0},{"damage_healed":0,"gold_gain":0,"player_choice":"Fight","damage_taken":0,"max_hp_gain":0,"max_hp_loss":0,"event_name":"Mysterious Sphere","floor":37,"gold_loss":0}],"is_beta":false,"boss_relics":[{"not_picked":["ExusiaiGun","SlaversCollar"],"picked":"HaiYi:Twilight"},{"not_picked":["Tiny House","BirthdayGift-Tetrahedron"],"picked":"Cursed Key"}],"items_purged_floors":[10],"is_endless":false,"potions_floor_spawned":[3,11,13,14,16,18,21,22,24,25,27,28,30,31,33,35,37,38,39,40,42,44,45,46,47,48],"ascension_level":0}}