{"host":"3mdjmozz5rahgtdc","time":1607851911,"event":{"mods":["AchievementEnabler","BaseMod","Better Silent Start","Better-Laid Plans","Colored Map","Colored Powertips","Custom Start","DeckTracker","KOR Keyword Fix","Minty Spire (QoL Compilation)","Permanent Neow","StSLib","SuperFastMode"],"gold_per_floor":[109,9,9,23,23,54,68,99,180,180,200,213,248,27,27,131,131,150,50,76,76,94,94,120,30,30,55,55,67,96,116,116,217,217,236,236,255,205,205,205,85,85,85,104,132,142,142,193,193,193,193,193,108,133,133],"floor_reached":56,"playtime":4706,"items_purged":["Strike_P","Defend_P","Strike_P+1","BowlingBash","Vigilance"],"score":1534,"play_id":"6ea68bc0-07f8-4d5e-ad1a-762ec0eaf199","local_time":"20201213183151","is_ascension_mode":true,"campfire_choices":[{"data":"Adaptation","floor":10.0,"key":"SMITH"},{"data":"MentalFortress","floor":15.0,"key":"SMITH"},{"data":"Adaptation","floor":23.0,"key":"SMITH"},{"data":"TalkToTheHand","floor":28.0,"key":"SMITH"},{"data":"EmptyFist","floor":32.0,"key":"SMITH"},{"data":"LikeWater","floor":40.0,"key":"SMITH"},{"data":"MentalFortress","floor":42.0,"key":"SMITH"},{"floor":47,"key":"REST"},{"floor":49,"key":"RECALL"},{"data":"Tantrum","floor":52,"key":"SMITH"}],"circlet_count":0,"master_deck":["Defend_P+1","Eruption+1","FlurryOfBlows","Adaptation+1","Adaptation+1","CarveReality+1","Meditate","MentalFortress+1","TalkToTheHand+1","Tantrum+1","EmptyBody+1","EmptyFist+1","LikeWater+1","MentalFortress+1","InnerPeace"],"relics":["PureWater","Thread and Needle","Orichalcum","Singing Bowl","Question Card","TheAbacus","Empty Cage","Red Mask","Smiling Mask","Letter Opener","CaptainsWheel","Pantograph","TeardropLocket","FossilizedHelix","Damaru"],"acts_visited":["Exordium","TheCity","TheBeyond","TheEnding"],"potions_floor_usage":[45,46,48,55,55],"damage_taken":[{"damage":0.0,"enemies":"2 Louse","floor":1.0,"turns":2.0},{"damage":4.0,"enemies":"Jaw Worm","floor":4.0,"turns":2.0},{"damage":4.0,"enemies":"Gremlin Nob","floor":6.0,"turns":3.0},{"damage":0.0,"enemies":"Cultist","floor":7.0,"turns":2.0},{"damage":3.0,"enemies":"3 Sentries","floor":8.0,"turns":5.0},{"damage":0.0,"enemies":"2 Fungi Beasts","floor":11.0,"turns":3.0},{"damage":2.0,"enemies":"Red Slaver","floor":12.0,"turns":2.0},{"damage":0.0,"enemies":"Gremlin Nob","floor":13.0,"turns":2.0},{"damage":10.0,"enemies":"The Guardian","floor":16.0,"turns":8.0},{"damage":2.0,"enemies":"Chosen","floor":18.0,"turns":4.0},{"damage":2.0,"enemies":"Masked Bandits","floor":20.0,"turns":3.0},{"damage":0.0,"enemies":"2 Thieves","floor":22.0,"turns":3.0},{"damage":22.0,"enemies":"Gremlin Leader","floor":24.0,"turns":5.0},{"damage":0.0,"enemies":"Book of Stabbing","floor":27.0,"turns":5.0},{"damage":0.0,"enemies":"Sentry and Sphere","floor":29.0,"turns":3.0},{"damage":0.0,"enemies":"Gremlin Leader","floor":30.0,"turns":5.0},{"damage":0.0,"enemies":"Centurion and Healer","floor":31.0,"turns":4.0},{"damage":25.0,"enemies":"Collector","floor":33.0,"turns":8.0},{"damage":9.0,"enemies":"3 Darklings","floor":35.0,"turns":5.0},{"damage":6.0,"enemies":"3 Shapes","floor":37.0,"turns":6.0},{"damage":12.0,"enemies":"Sphere and 2 Shapes","floor":44.0,"turns":4.0},{"damage":60,"enemies":"Reptomancer","floor":45,"turns":7},{"damage":0,"enemies":"Jaw Worm Horde","floor":46,"turns":4},{"damage":17,"enemies":"2 Orb Walkers","floor":48,"turns":6},{"damage":0,"enemies":"Donu and Deca","floor":50,"turns":12},{"damage":24,"enemies":"Shield and Spear","floor":54,"turns":6},{"damage":22,"enemies":"The Heart","floor":55,"turns":10}],"seed_played":"2265549060565118023","potions_obtained":[{"floor":6.0,"key":"LiquidBronze"},{"floor":8.0,"key":"GamblersBrew"},{"floor":12.0,"key":"Swift Potion"},{"floor":18.0,"key":"PowerPotion"},{"floor":20.0,"key":"Weak Potion"},{"floor":31.0,"key":"SteroidPotion"},{"floor":44.0,"key":"ColorlessPotion"},{"floor":45,"key":"Weak Potion"},{"floor":46,"key":"StancePotion"},{"floor":54,"key":"BlessingOfTheForge"}],"is_trial":false,"path_per_floor":["M","$","?","M","?","E","M","E","T","R","M","M","E","$","R","B",null,"M","$","?","?","M","R","E","?","T","E","R","M","E","M","R","B",null,"M","?","M","$","?","R","$","R","T","M","E","M","R","?","R","B",null,"R","$","E","B",null],"character_chosen":"WATCHER","items_purchased":["BowlingBash","MentalFortress","TheAbacus","MentalFortress","InnerPeace"],"campfire_rested":1,"item_purchase_floors":[2,14,14,41,53],"current_hp_per_floor":[72,72,58,54,54,50,50,47,47,47,49,47,49,49,49,41,78,76,76,76,76,76,76,54,54,54,54,54,56,58,60,60,62,88,81,81,75,75,75,75,75,75,75,65,7,9,36,21,21,46,93,93,93,71,73],"gold":133,"neow_bonus":"REMOVE_CARD","is_daily":false,"chose_seed":false,"campfire_upgraded":8,"win_rate":0.0,"timestamp":1607851911,"path_taken":["M","$","?","M","?","E","M","E","T","R","M","M","E","$","R","BOSS","M","$","?","?","M","R","E","?","T","E","R","M","E","?","R","BOSS","M","?","M","$","?","R","$","R","T","?","E","M","R","?","R","BOSS","R","$","E","BOSS"],"items_purchased_type":["Card","Card","Relic","Card","Card"],"build_version":"2020-11-30","purchased_purges":5,"victory":true,"max_hp_per_floor":[72,72,72,72,72,72,72,72,72,72,74,74,76,76,76,78,78,78,78,80,80,80,80,80,80,80,80,80,82,84,86,86,88,88,90,85,85,85,85,85,85,85,85,87,89,91,91,93,93,93,93,93,93,95,95],"card_choices":[{"not_picked":["ThirdEye","Perseverance"],"picked":"FlurryOfBlows","floor":1.0},{"not_picked":["CrushJoints","SashWhip","JustLucky"],"picked":"SKIP","floor":4.0},{"not_picked":["Halt","ConjureBlade"],"picked":"Adaptation","floor":6.0},{"not_picked":["FlurryOfBlows","Conclude"],"picked":"Adaptation","floor":7.0},{"not_picked":["LikeWater","ForeignInfluence"],"picked":"CarveReality","floor":8.0},{"not_picked":["CutThroughFate","Sanctity","SignatureMove"],"picked":"Singing Bowl","floor":11.0},{"not_picked":["FlyingSleeves","FollowUp"],"picked":"Meditate","floor":12.0},{"not_picked":["Worship","Devotion","ClearTheMind"],"picked":"Singing Bowl","floor":13.0},{"not_picked":["Devotion","MasterReality","Brilliance","SpiritShield"],"picked":"Singing Bowl","floor":16.0},{"not_picked":["Indignation","Wireheading","CutThroughFate"],"picked":"TalkToTheHand","floor":18.0},{"not_picked":["FlyingSleeves","ThirdEye","Consecrate","BowlingBash"],"picked":"Singing Bowl","floor":20.0},{"not_picked":["CrushJoints+1","SashWhip+1","Protect"],"picked":"Tantrum","floor":22.0},{"not_picked":["FlyingSleeves","BattleHymn","Vengeance"],"picked":"EmptyBody+1","floor":24.0},{"not_picked":["Prostrate","SignatureMove+1","Crescendo"],"picked":"EmptyFist","floor":27.0},{"not_picked":["BowlingBash","DeusExMachina","Prostrate","JustLucky"],"picked":"SKIP","floor":29.0},{"not_picked":["BowlingBash","DeusExMachina","Prostrate","JustLucky"],"picked":"Singing Bowl","floor":29.0},{"not_picked":["Vengeance","WheelKick","FlyingSleeves","CutThroughFate+1"],"picked":"Singing Bowl","floor":30.0},{"not_picked":["Worship","FlurryOfBlows","Perseverance","SashWhip"],"picked":"Singing Bowl","floor":31.0},{"not_picked":["Wish","MasterReality","ConjureBlade","Judgement"],"picked":"Singing Bowl","floor":33.0},{"not_picked":["Fasting2","FlurryOfBlows","Prostrate+1","SignatureMove"],"picked":"Singing Bowl","floor":35.0},{"not_picked":["Swivel+1","Indignation+1","ForeignInfluence"],"picked":"LikeWater","floor":37.0},{"not_picked":["EmptyFist+1","EmptyBody+1","JustLucky+1","CutThroughFate"],"picked":"Singing Bowl","floor":44.0},{"not_picked":["Devotion","Halt","Study+1","Prostrate+1"],"picked":"Singing Bowl","floor":45},{"not_picked":["Pray","EmptyMind","Nirvana","FlyingSleeves+1"],"picked":"Singing Bowl","floor":46},{"not_picked":["EmptyBody+1","JustLucky+1","EmptyFist+1","Devotion"],"picked":"Singing Bowl","floor":48},{"not_picked":["BattleHymn+1","Pray+1","Vengeance+1","Worship+1"],"picked":"Singing Bowl","floor":54}],"player_experience":270857,"relics_obtained":[{"floor":6.0,"key":"Thread and Needle"},{"floor":8.0,"key":"Orichalcum"},{"floor":9.0,"key":"Singing Bowl"},{"floor":13.0,"key":"Question Card"},{"floor":20.0,"key":"Red Mask"},{"floor":24.0,"key":"Smiling Mask"},{"floor":26.0,"key":"Letter Opener"},{"floor":27.0,"key":"CaptainsWheel"},{"floor":30.0,"key":"Pantograph"},{"floor":45,"key":"TeardropLocket"},{"floor":48,"key":"FossilizedHelix"},{"floor":54,"key":"Damaru"}],"event_choices":[{"damage_healed":0.0,"max_hp_gain":0.0,"max_hp_loss":0.0,"gold_gain":0.0,"event_name":"Shining Light","player_choice":"Entered Light","floor":3.0,"gold_loss":0.0,"damage_taken":14.0,"cards_upgraded":["Strike_P","Defend_P"]},{"damage_healed":0.0,"max_hp_gain":0.0,"max_hp_loss":0.0,"gold_gain":0.0,"event_name":"Upgrade Shrine","player_choice":"Upgraded","floor":5.0,"gold_loss":0.0,"damage_taken":0.0,"cards_upgraded":["Eruption"]},{"damage_healed":0.0,"max_hp_gain":0.0,"max_hp_loss":0.0,"gold_gain":0.0,"event_name":"Masked Bandits","player_choice":"Fought Bandits","floor":20.0,"gold_loss":0.0,"damage_taken":0.0},{"damage_healed":0.0,"max_hp_gain":0.0,"max_hp_loss":0.0,"gold_gain":0.0,"event_name":"Ghosts","player_choice":"Ignored","floor":21.0,"gold_loss":0.0,"damage_taken":0.0},{"cards_removed":["Strike_P"],"damage_healed":0.0,"max_hp_gain":0.0,"max_hp_loss":0.0,"gold_gain":0.0,"event_name":"Designer","player_choice":"Upgrade and Remove","floor":25.0,"gold_loss":90.0,"damage_taken":0.0,"cards_upgraded":["CarveReality"]},{"damage_healed":0.0,"max_hp_gain":0.0,"max_hp_loss":5.0,"gold_gain":0.0,"event_name":"Winding Halls","player_choice":"Max HP","floor":36.0,"gold_loss":0.0,"damage_taken":0.0},{"damage_healed":0.0,"max_hp_gain":0.0,"max_hp_loss":0.0,"gold_gain":0.0,"event_name":"Transmorgrifier","player_choice":"Ignored","floor":39.0,"gold_loss":0.0,"damage_taken":0.0},{"damage_healed":0,"gold_gain":0,"player_choice":"Fight","damage_taken":0,"max_hp_gain":0,"max_hp_loss":0,"event_name":"Mysterious Sphere","floor":48,"gold_loss":0}],"is_beta":false,"boss_relics":[{"not_picked":["Tiny House","Snecko Eye"],"picked":"Empty Cage"},{"not_picked":[]}],"items_purged_floors":[2,19,38,41,53],"is_endless":false,"potions_floor_spawned":[6,8,12,13,18,20,31,44,45,46,54],"ascension_level":3}}