{"host":"w3x3n9s6mrz4xpf0","time":1607854171,"event":{"mods":["BaseMod","Minty Spire (QoL Compilation)","StSLib","SuperFastMode"],"gold_per_floor":[115,290,290,25,45,71,71,101,101,117,117,117,150,165,165,241,241,252,84,84,84,84,109,109,120,120,145,92,7,41,61,61,139,139,149,72,84,109,163,191,191,219,219,219,219,229,229,255,255,255],"floor_reached":51,"playtime":1525,"items_purged":["Doubt","Strike_R"],"score":1631,"play_id":"37175ae7-c669-429e-8642-f644c95805e3","local_time":"20201213190931","is_ascension_mode":true,"campfire_choices":[{"data":"Second Wind","floor":7.0,"key":"SMITH"},{"data":"Feel No Pain","floor":11.0,"key":"SMITH"},{"data":"Power Through","floor":15.0,"key":"SMITH"},{"floor":24,"key":"REST"},{"data":"Barricade","floor":32,"key":"SMITH"},{"data":"Offering","floor":41,"key":"SMITH"},{"data":"Dark Embrace","floor":45,"key":"SMITH"},{"data":"Evolve","floor":47,"key":"SMITH"},{"data":"Fire Breathing","floor":49,"key":"SMITH"}],"circlet_count":0,"master_deck":["AscendersBane","Strike_R+1","Defend_R","Defend_R","Defend_R","Defend_R+1","Second Wind+1","Feel No Pain+1","Power Through+1","Sword Boomerang+1","Dark Embrace+1","Fire Breathing+1","Body Slam+1","Barricade+1","Offering+1","Fire Breathing+1","Bloodletting+1","Flame Barrier+1","Evolve+1","Battle Trance","Entrench+1"],"relics":["Burning Blood","NeowsBlessing","PreservedInsect","Molten Egg 2","Art of War","Regal Pillow","Turnip","Runic Dome","Enchiridion","Bag of Preparation","Thread and Needle","Matryoshka","MealTicket","Blue Candle","Astrolabe","Mango","Prayer Wheel","HornCleat","TungstenRod","Potion Belt","Toxic Egg 2","StoneCalendar"],"acts_visited":["Exordium","TheCity","TheBeyond"],"potions_floor_usage":[16,50,50],"damage_taken":[{"damage":0.0,"enemies":"Small Slimes","floor":1.0,"turns":1.0},{"damage":0.0,"enemies":"2 Louse","floor":5.0,"turns":1.0},{"damage":0.0,"enemies":"Gremlin Nob","floor":6.0,"turns":1.0},{"damage":23.0,"enemies":"3 Sentries","floor":8.0,"turns":8.0},{"damage":12.0,"enemies":"Jaw Worm","floor":10.0,"turns":3.0},{"damage":8.0,"enemies":"Gremlin Nob","floor":13.0,"turns":3.0},{"damage":19.0,"enemies":"Lots of Slimes","floor":14.0,"turns":7.0},{"damage":18,"enemies":"Slime Boss","floor":16,"turns":8},{"damage":0,"enemies":"Spheric Guardian","floor":18,"turns":5},{"damage":10,"enemies":"Gremlin Leader","floor":23,"turns":8},{"damage":0,"enemies":"Shell Parasite","floor":25,"turns":7},{"damage":17,"enemies":"Slavers","floor":27,"turns":4},{"damage":0,"enemies":"Gremlin Leader","floor":30,"turns":4},{"damage":11,"enemies":"Sentry and Sphere","floor":31,"turns":5},{"damage":46,"enemies":"Automaton","floor":33,"turns":13},{"damage":9,"enemies":"3 Darklings","floor":35,"turns":3},{"damage":9,"enemies":"Orb Walker","floor":37,"turns":4},{"damage":6,"enemies":"Mind Bloom Boss Battle","floor":38,"turns":6},{"damage":9,"enemies":"2 Orb Walkers","floor":39,"turns":4},{"damage":36,"enemies":"Reptomancer","floor":40,"turns":6},{"damage":6,"enemies":"Giant Head","floor":42,"turns":4},{"damage":5,"enemies":"Spire Growth","floor":46,"turns":5},{"damage":7,"enemies":"Reptomancer","floor":48,"turns":2},{"damage":7,"enemies":"Donu and Deca","floor":50,"turns":4}],"seed_played":"226644508711557478","potions_obtained":[{"floor":1.0,"key":"Strength Potion"},{"floor":6.0,"key":"LiquidBronze"},{"floor":23,"key":"BlessingOfTheForge"},{"floor":48,"key":"ElixirPotion"}],"is_trial":false,"path_per_floor":["M","?","?","$","M","E","R","E","T","M","R","?","E","M","R","B",null,"M","$","?","?","?","E","R","M","T","E","$","?","E","M","R","B",null,"M","$","M","?","?","E","R","E","T","?","R","M","R","E","R","B",null],"character_chosen":"IRONCLAD","items_purchased":["Feel No Pain","PreservedInsect","Dark Embrace","Body Slam+1","Evolve"],"campfire_rested":1,"item_purchase_floors":[4,4,19,28,36],"current_hp_per_floor":[74,74,59,59,65,71,71,54,54,48,48,41,39,26,26,14,60,66,66,52,52,36,32,71,77,77,66,66,66,72,67,67,27,67,64,79,76,90,87,57,57,57,57,57,57,58,58,57,57,56],"gold":255,"neow_bonus":"THREE_ENEMY_KILL","is_daily":false,"chose_seed":false,"campfire_upgraded":8,"win_rate":0.0,"timestamp":1607854171,"path_taken":["M","?","?","?","M","E","R","E","T","?","R","?","E","M","R","BOSS","M","$","?","?","?","E","R","M","T","E","$","?","E","M","R","BOSS","M","$","M","?","?","E","R","E","T","?","R","M","R","E","R","BOSS"],"items_purchased_type":["Card","Relic","Card","Card","Card"],"build_version":"2020-11-30","purchased_purges":2,"victory":true,"max_hp_per_floor":[75,75,75,75,75,75,75,75,75,75,75,75,75,75,75,75,75,75,75,80,80,80,80,80,80,80,80,80,80,80,80,80,80,80,80,80,80,94,94,94,94,94,94,94,94,94,94,94,94,94],"card_choices":[{"not_picked":["Shrug It Off","Flame Barrier"],"picked":"Second Wind","floor":1.0},{"not_picked":["Sword Boomerang","Clash"],"picked":"Power Through","floor":5.0},{"not_picked":["Thunderclap+1","Impervious"],"picked":"Sword Boomerang+1","floor":6.0},{"not_picked":["Perfected Strike+1","Ghostly Armor"],"picked":"Bludgeon+1","floor":8.0},{"not_picked":["Thunderclap+1","Anger+1","Hemokinesis+1"],"picked":"SKIP","floor":10.0},{"not_picked":["Carnage+1","Combust","Feed+1"],"picked":"SKIP","floor":13.0},{"not_picked":["Anger+1","Sword Boomerang+1","Cleave+1"],"picked":"SKIP","floor":14.0},{"not_picked":["Inflame","Armaments","Flex"],"picked":"SKIP","floor":18},{"not_picked":["Pommel Strike+1","Flame Barrier+1","Sword Boomerang+1"],"picked":"SKIP","floor":23},{"not_picked":["Carnage+1","Clothesline+1"],"picked":"Fire Breathing","floor":25},{"not_picked":["Seeing Red","Double Tap","Headbutt+1"],"picked":"SKIP","floor":27},{"not_picked":["Headbutt+1","Cleave+1"],"picked":"Barricade","floor":30},{"not_picked":["Flame Barrier","Dual Wield","Pommel Strike+1"],"picked":"SKIP","floor":31},{"not_picked":["Barricade","Fiend Fire+1"],"picked":"Offering","floor":33},{"not_picked":["Dark Embrace+1","Warcry","Bloodletting"],"picked":"SKIP","floor":35},{"not_picked":["Armaments","Rage","Iron Wave+1"],"picked":"SKIP","floor":37},{"not_picked":["Flex","Pummel+1"],"picked":"Battle Trance","floor":40},{"not_picked":["Flame Barrier","Wild Strike+1","Impervious"],"picked":"SKIP","floor":42},{"not_picked":["Dual Wield+1","True Grit+1"],"picked":"Entrench+1","floor":46},{"not_picked":["Flex+1","Armaments+1","Anger+1"],"picked":"SKIP","floor":46},{"not_picked":["Reaper+1","Perfected Strike+1","Feel No Pain"],"picked":"SKIP","floor":48}],"player_experience":62143,"relics_obtained":[{"floor":6.0,"key":"Molten Egg 2"},{"floor":8.0,"key":"Art of War"},{"floor":9.0,"key":"Regal Pillow"},{"floor":13.0,"key":"Turnip"},{"floor":22,"key":"Enchiridion"},{"floor":23,"key":"Bag of Preparation"},{"floor":26,"key":"Thread and Needle"},{"floor":27,"key":"Matryoshka"},{"floor":30,"key":"Blue Candle"},{"floor":38,"key":"Mango"},{"floor":39,"key":"Prayer Wheel"},{"floor":40,"key":"HornCleat"},{"floor":42,"key":"TungstenRod"},{"floor":43,"key":"Potion Belt"},{"floor":43,"key":"Toxic Egg 2"},{"floor":48,"key":"StoneCalendar"}],"event_choices":[{"damage_healed":0.0,"max_hp_gain":0.0,"max_hp_loss":0.0,"gold_gain":175.0,"event_name":"Liars Game","player_choice":"AGREE","floor":2.0,"gold_loss":0.0,"damage_taken":0.0,"cards_obtained":["Doubt"]},{"damage_healed":0.0,"max_hp_gain":0.0,"max_hp_loss":0.0,"gold_gain":0.0,"event_name":"Shining Light","player_choice":"Entered Light","floor":3.0,"gold_loss":0.0,"damage_taken":15.0,"cards_upgraded":["Strike_R","Defend_R"]},{"cards_removed":["Strike_R"],"damage_healed":0.0,"max_hp_gain":0.0,"max_hp_loss":0.0,"gold_gain":0.0,"event_name":"Golden Wing","player_choice":"Card Removal","floor":12.0,"gold_loss":0.0,"damage_taken":7.0},{"damage_healed":0,"gold_gain":0,"player_choice":"Shed Blood","damage_taken":19,"max_hp_gain":5,"max_hp_loss":0,"event_name":"Forgotten Altar","floor":20,"gold_loss":0},{"damage_healed":0,"gold_gain":0,"player_choice":"Ignored","damage_taken":0,"max_hp_gain":0,"max_hp_loss":0,"event_name":"Ghosts","floor":21,"gold_loss":0},{"damage_healed":0,"gold_gain":0,"player_choice":"Obtained Book","damage_taken":16,"max_hp_gain":0,"max_hp_loss":0,"event_name":"Cursed Tome","floor":22,"gold_loss":0},{"damage_healed":0,"gold_gain":0,"player_choice":"Obtained Relic","damage_taken":0,"relics_obtained":["MealTicket"],"max_hp_gain":0,"max_hp_loss":0,"event_name":"Addict","floor":29,"gold_loss":85},{"damage_healed":0,"gold_gain":0,"player_choice":"Fight","damage_taken":0,"max_hp_gain":0,"max_hp_loss":0,"event_name":"MindBloom","floor":38,"gold_loss":0},{"damage_healed":0,"gold_gain":0,"player_choice":"Fight","damage_taken":0,"max_hp_gain":0,"max_hp_loss":0,"event_name":"Mysterious Sphere","floor":39,"gold_loss":0},{"cards_removed":["Bludgeon"],"damage_healed":0,"gold_gain":0,"player_choice":"Removed Attack","damage_taken":0,"max_hp_gain":0,"max_hp_loss":0,"event_name":"Falling","floor":44,"gold_loss":0}],"is_beta":false,"boss_relics":[{"not_picked":["Snecko Eye","Velvet Choker"],"picked":"Runic Dome"},{"not_picked":["Runic Cube","Tiny House"],"picked":"Astrolabe"}],"items_purged_floors":[4,19],"is_endless":false,"potions_floor_spawned":[1,6,10,13,14,23,25,38,39,42,48],"ascension_level":14}}