{"host":"ow9msrs9p2ctkx99","time":1607871570,"event":{"mods":["AchievementEnabler","BaseMod","Colored Map","Colored Powertips","Minty Spire (QoL Compilation)","Permanent Neow","Quick Restart","SuperFastMode"],"gold_per_floor":[217,42,42,42,42,42,77,96,96,96,96,130,144,185,185,315,315,334,334,334,352,61,61,81,81,106,106,120,135,135,169,169,169,169],"floor_reached":33,"playtime":698,"items_purged":["Strike_B"],"score":461,"play_id":"9d6bc16c-3f98-4f21-a60e-5f9615331818","local_time":"20201213155930","is_ascension_mode":true,"campfire_choices":[{"data":"Doom and Gloom","floor":6,"key":"SMITH"},{"data":"Dualcast","floor":11,"key":"SMITH"},{"data":"Turbo","floor":15,"key":"SMITH"},{"data":"Ghostly","floor":23,"key":"SMITH"},{"data":"Static Discharge","floor":25,"key":"SMITH"},{"floor":32,"key":"RECALL"}],"circlet_count":0,"master_deck":["AscendersBane","Strike_B+1","Strike_B+1","Strike_B+1","Defend_B+1","Defend_B+1","Defend_B+1","Defend_B+1","Zap","Dualcast+1","Compile Driver","Steam","Doom and Gloom+1","Turbo+1","Glacier","BootSequence","FTL","Static Discharge+1","Core Surge","Steam","Ghostly","Ghostly","Ghostly","Ghostly","Ghostly+1","Hologram","Stack","Biased Cognition","Fusion","Writhe","Rebound"],"relics":["Cracked Core","Golden Idol","Meat on the Bone","Oddly Smooth Stone","Orichalcum","Mummified Hand","InkBottle","Toy Ornithopter","Philosopher\u0027s Stone","FossilizedHelix","Vajra","DataDisk","Bottled Flame"],"acts_visited":["Exordium","TheCity"],"potions_floor_usage":[16,29,31,33],"damage_taken":[{"damage":4,"enemies":"Small Slimes","floor":1,"turns":2},{"damage":25,"enemies":"3 Sentries","floor":7,"turns":6},{"damage":0,"enemies":"2 Louse","floor":8,"turns":2},{"damage":5,"enemies":"Lagavulin","floor":12,"turns":7},{"damage":1,"enemies":"Jaw Worm","floor":13,"turns":2},{"damage":1,"enemies":"3 Sentries","floor":14,"turns":5},{"damage":17,"enemies":"Hexaghost","floor":16,"turns":10},{"damage":1,"enemies":"Shell Parasite","floor":18,"turns":6},{"damage":6,"enemies":"3 Byrds","floor":21,"turns":6},{"damage":0,"enemies":"Centurion and Healer","floor":24,"turns":6},{"damage":1,"enemies":"Snake Plant","floor":28,"turns":5},{"damage":0,"enemies":"Chosen and Byrds","floor":29,"turns":9},{"damage":20,"enemies":"Book of Stabbing","floor":31,"turns":5},{"damage":63,"enemies":"Automaton","floor":33,"turns":6}],"seed_played":"3598099210311892472","potions_obtained":[{"floor":7,"key":"Block Potion"},{"floor":8,"key":"Energy Potion"},{"floor":16,"key":"Energy Potion"},{"floor":21,"key":"PowerPotion"},{"floor":29,"key":"Fruit Juice"},{"floor":31,"key":"Regen Potion"}],"is_trial":false,"path_per_floor":["M","$","?","?","?","R","E","M","T","T","R","E","M","E","R","B",null,"M","?","?","M","$","R","M","R","T","?","M","M","?","E","R","B"],"character_chosen":"DEFECT","items_purchased":["Steam","Doom and Gloom","FossilizedHelix"],"campfire_rested":0,"item_purchase_floors":[2,2,22],"current_hp_per_floor":[64,64,64,46,32,32,19,31,31,31,31,38,37,36,36,36,61,60,34,34,28,28,28,28,28,28,28,27,37,37,31,31,0,0],"gold":169,"neow_bonus":"HUNDRED_GOLD","is_daily":false,"chose_seed":false,"campfire_upgraded":5,"win_rate":0.0,"timestamp":1607871570,"path_taken":["M","$","?","?","?","R","E","?","T","?","R","E","M","E","R","BOSS","M","?","?","M","$","R","M","R","T","?","?","M","?","E","R","BOSS"],"items_purchased_type":["Card","Card","Relic"],"build_version":"2020-11-30","purchased_purges":1,"victory":false,"max_hp_per_floor":[75,75,69,69,69,69,69,69,69,69,69,69,69,69,69,69,69,69,34,34,34,34,34,34,34,34,34,34,39,39,39,39,39,39],"card_choices":[{"not_picked":["Streamline","Gash"],"picked":"Compile Driver","floor":1},{"not_picked":["Lockon","Chill"],"picked":"Turbo","floor":7},{"not_picked":["Gash","Ball Lightning"],"picked":"Glacier","floor":8},{"not_picked":["Recycle","Leap"],"picked":"BootSequence","floor":12},{"not_picked":["Undo","Ball Lightning"],"picked":"FTL","floor":13},{"not_picked":["Reinforced Body","Loop"],"picked":"Static Discharge","floor":14},{"not_picked":["Amplify","Creative AI"],"picked":"Core Surge","floor":16},{"not_picked":["Gash","Ball Lightning"],"picked":"Steam","floor":18},{"not_picked":["Static Discharge","Chaos"],"picked":"Hologram","floor":21},{"not_picked":["Static Discharge+1","Storm+1","Glacier"],"picked":"SKIP","floor":24},{"not_picked":["Turbo","Redo+1"],"picked":"Biased Cognition","floor":28},{"not_picked":["Conserve Battery","Redo"],"picked":"Fusion","floor":29},{"not_picked":["Cold Snap+1","All For One"],"picked":"Rebound","floor":31}],"player_experience":1017689,"relics_obtained":[{"floor":7,"key":"Oddly Smooth Stone"},{"floor":9,"key":"Orichalcum"},{"floor":10,"key":"Mummified Hand"},{"floor":12,"key":"InkBottle"},{"floor":14,"key":"Toy Ornithopter"},{"floor":26,"key":"Vajra"},{"floor":31,"key":"Bottled Flame"}],"event_choices":[{"damage_healed":0,"gold_gain":0,"player_choice":"Lose Max HP","damage_taken":0,"relics_obtained":["Golden Idol"],"max_hp_gain":0,"max_hp_loss":6,"event_name":"Golden Idol","floor":3,"gold_loss":0},{"damage_healed":0,"gold_gain":0,"player_choice":"Success","damage_taken":18,"relics_obtained":["Meat on the Bone"],"max_hp_gain":0,"max_hp_loss":0,"event_name":"Scrap Ooze","floor":4,"gold_loss":0},{"damage_healed":0,"gold_gain":0,"player_choice":"Entered Light","damage_taken":14,"max_hp_gain":0,"max_hp_loss":0,"event_name":"Shining Light","floor":5,"gold_loss":0,"cards_upgraded":["Strike_B","Defend_B"]},{"damage_healed":0,"gold_gain":0,"player_choice":"Became a Ghost","damage_taken":0,"max_hp_gain":0,"max_hp_loss":35,"event_name":"Ghosts","floor":19,"gold_loss":0,"cards_obtained":["Ghostly","Ghostly","Ghostly","Ghostly","Ghostly"]},{"damage_healed":0,"gold_gain":0,"player_choice":"Simplicity","damage_taken":0,"max_hp_gain":0,"max_hp_loss":0,"event_name":"Back to Basics","floor":20,"gold_loss":0,"cards_upgraded":["Strike_B","Strike_B","Defend_B","Defend_B","Defend_B"]},{"damage_healed":0,"gold_gain":0,"player_choice":"Read","damage_taken":0,"max_hp_gain":0,"max_hp_loss":0,"event_name":"The Library","floor":27,"gold_loss":0,"cards_obtained":["Stack"]},{"damage_healed":0,"gold_gain":0,"player_choice":"Opened","damage_taken":0,"relics_obtained":["DataDisk"],"max_hp_gain":0,"max_hp_loss":0,"event_name":"The Mausoleum","floor":30,"gold_loss":0,"cards_obtained":["Writhe"]}],"is_beta":false,"boss_relics":[{"not_picked":["Snecko Eye","Inserter"],"picked":"Philosopher\u0027s Stone"}],"items_purged_floors":[2],"is_endless":false,"potions_floor_spawned":[7,8,16,21,29,31],"killed_by":"Automaton","ascension_level":11}}