{"host":"kig4ty9d1aubg29s","time":1607862408,"event":{"mods":["BaseMod","Minty Spire (QoL Compilation)","READ ME - Guardian Mod","READ ME - Snecko Mod","StSLib","The Cursed","The Gatherer","The Hierophant","The Runesmith"],"gold_per_floor":[119,119,133,153,153,184,184,217,241,257,257,269,298,315,315,413,413,425,13,33,48,48,48,79,79,106,106,116,116,116],"floor_reached":29,"playtime":1145,"items_purged":["TheCursedMod:Dregs"],"score":477,"play_id":"0bb0eaea-6b06-4b44-9762-fc619e89e46f","local_time":"20201213212648","is_ascension_mode":true,"campfire_choices":[{"data":"Crippling Poison","floor":7,"key":"SMITH"},{"floor":11,"key":"REST"},{"data":"Tools of the Trade","floor":15,"key":"SMITH"},{"floor":23,"key":"REST"},{"floor":25,"key":"REST"}],"circlet_count":0,"master_deck":["AscendersBane","Strike_G","Strike_G","Strike_G","Strike_G","Strike_G","Defend_G","Defend_G+1","Defend_G","Defend_G","Defend_G+1","Survivor","Neutralize","Dash","Crippling Poison+1","Sucker Punch","Escape Plan","Bane","Leg Sweep","Poisoned Stab","Tools of the Trade+1","Dagger Throw","Envenom","Terror","Die Die Die","Dagger Spray","Adrenaline","Writhe","Infinite Blades","Normality","Crippling Poison"],"relics":["Cursed Key","Smiling Mask","Akabeko","Pocketwatch","Centennial Puzzle","War Paint","Sozu","Darkstone Periapt","Snake Skull","Bottled Lightning","Omamori"],"acts_visited":["Exordium","TheCity"],"potions_floor_usage":[6,16,16],"damage_taken":[{"damage":0,"enemies":"2 Louse","floor":1,"turns":3},{"damage":0,"enemies":"Cultist","floor":3,"turns":4},{"damage":4,"enemies":"Jaw Worm","floor":4,"turns":3},{"damage":14,"enemies":"Lagavulin","floor":6,"turns":8},{"damage":16,"enemies":"Gremlin Nob","floor":8,"turns":5},{"damage":0,"enemies":"Red Slaver","floor":10,"turns":2},{"damage":2,"enemies":"Exordium Thugs","floor":12,"turns":4},{"damage":5,"enemies":"3 Sentries","floor":13,"turns":6},{"damage":0,"enemies":"Looter","floor":14,"turns":3},{"damage":46,"enemies":"Slime Boss","floor":16,"turns":15},{"damage":12,"enemies":"3 Byrds","floor":18,"turns":4},{"damage":14,"enemies":"Shell Parasite","floor":20,"turns":4},{"damage":11,"enemies":"Centurion and Healer","floor":21,"turns":6},{"damage":16,"enemies":"Gremlin Leader","floor":24,"turns":5},{"damage":30,"enemies":"Snake Plant","floor":28,"turns":5},{"damage":23,"enemies":"Shelled Parasite and Fungi","floor":29,"turns":3}],"seed_played":"-1843447394483349973","potions_obtained":[{"floor":1,"key":"Regen Potion"},{"floor":3,"key":"Swift Potion"},{"floor":5,"key":"ColorlessPotion"},{"floor":10,"key":"Energy Potion"},{"floor":12,"key":"Poison Potion"}],"is_trial":false,"path_per_floor":["M","?","M","M","?","E","R","E","T","M","R","M","E","M","R","B",null,"M","$","M","M","?","R","E","R","T","?","M","M"],"character_chosen":"THE_SILENT","items_purchased":["Darkstone Periapt","Die Die Die"],"campfire_rested":3,"item_purchase_floors":[19,19],"current_hp_per_floor":[59,59,59,55,55,56,56,40,40,40,59,57,52,52,52,6,51,39,39,25,14,20,41,25,46,52,52,22,0,0],"gold":116,"neow_bonus":"BOSS_RELIC","is_daily":false,"chose_seed":false,"campfire_upgraded":2,"win_rate":0.0,"timestamp":1607862408,"path_taken":["M","?","?","M","?","E","R","E","T","M","R","M","E","M","R","BOSS","M","?","?","M","?","R","E","R","T","?","M","M"],"items_purchased_type":["Relic","Card"],"build_version":"2020-11-30","purchased_purges":1,"victory":false,"max_hp_per_floor":[66,66,66,66,66,66,66,66,66,66,66,66,66,66,66,66,66,66,66,66,66,72,72,72,72,78,78,78,78,78],"card_choices":[{"not_picked":["Skewer","Footwork"],"picked":"Dash","floor":1},{"not_picked":["Underhanded Strike","Heel Hook"],"picked":"Crippling Poison","floor":3},{"not_picked":["Catalyst","Dodge and Roll"],"picked":"Sucker Punch","floor":4},{"not_picked":["Bane","Prepared"],"picked":"Escape Plan","floor":6},{"not_picked":["Underhanded Strike","Acrobatics"],"picked":"Bane","floor":8},{"not_picked":["Underhanded Strike","Endless Agony"],"picked":"Leg Sweep","floor":10},{"not_picked":["Well Laid Plans","Skewer"],"picked":"Poisoned Stab","floor":12},{"not_picked":["Bane","Outmaneuver"],"picked":"Tools of the Trade","floor":13},{"not_picked":["Sucker Punch","Backflip"],"picked":"Dagger Throw","floor":14},{"not_picked":["Die Die Die","Night Terror"],"picked":"Envenom","floor":16},{"not_picked":["Flying Knee","Bane"],"picked":"Terror","floor":18},{"not_picked":["Deflect","Blade Dance"],"picked":"Dagger Spray","floor":20},{"not_picked":["Footwork","Underhanded Strike"],"picked":"Adrenaline","floor":21},{"not_picked":["Setup","Outmaneuver+1"],"picked":"Infinite Blades","floor":24},{"not_picked":["Outmaneuver","Sucker Punch"],"picked":"Crippling Poison","floor":28}],"player_experience":1889591,"relics_obtained":[{"floor":2,"key":"Smiling Mask"},{"floor":6,"key":"Akabeko"},{"floor":8,"key":"Pocketwatch"},{"floor":9,"key":"Centennial Puzzle"},{"floor":13,"key":"War Paint"},{"floor":24,"key":"Bottled Lightning"},{"floor":26,"key":"Omamori"}],"event_choices":[{"damage_healed":0,"gold_gain":0,"player_choice":"Relic","damage_taken":0,"max_hp_gain":0,"max_hp_loss":0,"event_name":"Wheel of Change","floor":2,"gold_loss":0},{"damage_healed":0,"gold_gain":0,"player_choice":"Got Potions","damage_taken":0,"max_hp_gain":0,"max_hp_loss":0,"event_name":"Lab","floor":5,"gold_loss":0},{"damage_healed":0,"gold_gain":0,"player_choice":"Opened","damage_taken":0,"relics_obtained":["Snake Skull"],"max_hp_gain":0,"max_hp_loss":0,"event_name":"The Mausoleum","floor":22,"gold_loss":0,"cards_obtained":["Writhe"]},{"damage_healed":0,"gold_gain":0,"player_choice":"Ignored","damage_taken":0,"max_hp_gain":0,"max_hp_loss":0,"event_name":"Vampires","floor":27,"gold_loss":0}],"is_beta":false,"boss_relics":[{"not_picked":["SlaversCollar","WristBlade"],"picked":"Sozu"}],"items_purged_floors":[19],"is_endless":false,"potions_floor_spawned":[1,3,10,12,21],"killed_by":"Shelled Parasite and Fungi","ascension_level":16}}