{"host":"5mo0809oo9tcrmpl","time":1607829424,"event":{"mods":["BaseMod","Highlight Path","Minty Spire (QoL Compilation)","Relic Stats","Slay the Relics Exporter"],"gold_per_floor":[111,126,142,155,155,189,189,222,222,222,249,249,5,66,66,137,137,57,57,57,57,57,57,57,57,57,57,57,57,57,57,57,57,57,57,57,57,57,57,57,57,57,57,57,57],"floor_reached":44,"playtime":2410,"items_purged":["Strike_B"],"score":1198,"play_id":"2a300350-2e05-4dfd-81a9-6982865ac414","local_time":"20201212211704","is_ascension_mode":true,"campfire_choices":[{"floor":7.0,"key":"REST"},{"floor":10.0,"key":"REST"},{"floor":12.0,"key":"REST"},{"data":"Defragment","floor":15.0,"key":"SMITH"},{"floor":27.0,"key":"REST"},{"data":"Glacier","floor":29.0,"key":"SMITH"},{"data":"Zap","floor":32.0,"key":"SMITH"}],"circlet_count":0,"master_deck":["AscendersBane","Strike_B+1","Defend_B+1","Defend_B+1","Defend_B+1","Defend_B+1","Zap+1","Dualcast","Ball Lightning","Double Energy","Ball Lightning","Stack","Beam Cell","Static Discharge","Reboot","Defragment+1","Echo Form","BootSequence","RitualDagger","Coolheaded","Sweeping Beam","Glacier+1","Self Repair","Turbo+1","Core Surge","Beam Cell","Defragment","BootSequence+1"],"relics":["Cracked Core","Thread and Needle","Bottled Flame","Ornamental Fan","Pen Nib","Bronze Scales","HornCleat","Ectoplasm","Dead Branch","Sundial","MawBank","Runic Pyramid","Pocketwatch","Shuriken","The Courier","White Beast Statue"],"acts_visited":["Exordium","TheCity","TheBeyond"],"potions_floor_usage":[],"damage_taken":[{"damage":0.0,"enemies":"Cultist","floor":1.0,"turns":3.0},{"damage":7.0,"enemies":"Jaw Worm","floor":2.0,"turns":3.0},{"damage":1.0,"enemies":"2 Louse","floor":3.0,"turns":3.0},{"damage":12.0,"enemies":"Looter","floor":4.0,"turns":3.0},{"damage":27.0,"enemies":"3 Sentries","floor":6.0,"turns":6.0},{"damage":22.0,"enemies":"Gremlin Nob","floor":8.0,"turns":4.0},{"damage":24.0,"enemies":"Lagavulin","floor":11.0,"turns":5.0},{"damage":7.0,"enemies":"Gremlin Nob","floor":14.0,"turns":3.0},{"damage":10.0,"enemies":"The Guardian","floor":16.0,"turns":8.0},{"damage":14.0,"enemies":"2 Thieves","floor":18.0,"turns":3.0},{"damage":6.0,"enemies":"Shell Parasite","floor":21.0,"turns":4.0},{"damage":2.0,"enemies":"Snake Plant","floor":23.0,"turns":3.0},{"damage":3.0,"enemies":"Book of Stabbing","floor":24.0,"turns":4.0},{"damage":6.0,"enemies":"Snecko","floor":25.0,"turns":5.0},{"damage":0.0,"enemies":"Gremlin Leader","floor":28.0,"turns":6.0},{"damage":0.0,"enemies":"Chosen and Byrds","floor":31.0,"turns":5.0},{"damage":39.0,"enemies":"Automaton","floor":33.0,"turns":11.0},{"damage":12.0,"enemies":"3 Darklings","floor":35.0,"turns":5.0},{"damage":18.0,"enemies":"2 Orb Walkers","floor":37.0,"turns":3.0},{"damage":0.0,"enemies":"3 Shapes","floor":39.0,"turns":4.0},{"damage":0.0,"enemies":"Reptomancer","floor":40.0,"turns":6.0},{"damage":0.0,"enemies":"3 Darklings","floor":41.0,"turns":5.0},{"damage":52.0,"enemies":"Giant Head","floor":42.0,"turns":7.0},{"damage":21,"enemies":"Reptomancer","floor":44,"turns":2}],"seed_played":"-2071353258016958378","potions_obtained":[{"floor":1.0,"key":"DistilledChaos"},{"floor":6.0,"key":"Strength Potion"},{"floor":8.0,"key":"PotionOfCapacity"},{"floor":11.0,"key":"FearPotion"},{"floor":23.0,"key":"Strength Potion"},{"floor":25.0,"key":"LiquidBronze"},{"floor":37.0,"key":"Explosive Potion"},{"floor":39.0,"key":"SpeedPotion"}],"is_trial":false,"path_per_floor":["M","M","M","M","?","E","R","E","T","R","E","R","$","?","R","B",null,"M","?","?","M","?","M","E","M","T","R","E","R","?","M","R","B",null,"M","T","?","?","M","E","M","E","T","E"],"character_chosen":"DEFECT","items_purchased":["Bronze Scales"],"campfire_rested":4,"item_purchase_floors":[13],"current_hp_per_floor":[64,57,56,44,37,10,31,9,9,30,6,27,27,20,20,10,56,42,42,36,30,30,28,25,19,19,40,40,40,40,47,47,15,57,52,52,34,34,41,48,55,10,10,0,0],"gold":57,"neow_bonus":"THREE_CARDS","is_daily":false,"chose_seed":false,"campfire_upgraded":3,"win_rate":0.0,"timestamp":1607829424,"path_taken":["M","M","M","M","?","E","R","E","T","R","E","R","$","?","R","BOSS","M","?","?","M","?","?","E","M","T","R","E","R","?","M","R","BOSS","M","?","?","?","M","E","M","E","T","E"],"items_purchased_type":["Relic"],"build_version":"2020-11-30","purchased_purges":1,"victory":false,"max_hp_per_floor":[71,71,71,71,71,71,71,71,71,71,71,71,71,71,71,71,71,71,71,71,71,71,71,71,71,71,71,71,71,71,71,71,71,71,71,71,71,71,71,71,71,71,71,71,71],"relic_stats":{"counters":[24,111],"Ornamental Fan":[112],"Sundial":[8],"Shuriken":[6],"Bronze Scales":[249],"Dead Branch":[62],"Pen Nib":[16],"Ectoplasm":771,"MawBank":0,"obtain_stats":[{"Dead Branch":24,"Thread and Needle":6,"Pen Nib":11,"The Courier":42,"MawBank":28,"White Beast Statue":43,"Bottled Flame":8,"HornCleat":14,"Ornamental Fan":9,"Sundial":26,"Shuriken":40,"Bronze Scales":13,"Ectoplasm":17,"Cracked Core":0,"Runic Pyramid":34,"Pocketwatch":37},{"Dead Branch":13,"Thread and Needle":5,"Pen Nib":7,"The Courier":23,"MawBank":15,"White Beast Statue":23,"Bottled Flame":6,"HornCleat":8,"Ornamental Fan":6,"Sundial":14,"Shuriken":21,"Bronze Scales":7,"Ectoplasm":9,"Cracked Core":0,"Runic Pyramid":17,"Pocketwatch":19},{"Dead Branch":52,"Thread and Needle":18,"Pen Nib":27,"The Courier":109,"MawBank":63,"White Beast Statue":109,"Bottled Flame":22,"HornCleat":30,"Ornamental Fan":22,"Sundial":57,"Shuriken":97,"Bronze Scales":27,"Ectoplasm":38,"Cracked Core":0,"Runic Pyramid":79,"Pocketwatch":87}],"Pocketwatch":[3]},"card_choices":[{"not_picked":["Hello World","Gash"],"picked":"Ball Lightning","floor":0.0},{"not_picked":["Turbo","Redo"],"picked":"Double Energy","floor":1.0},{"not_picked":["Gash","Melter"],"picked":"Ball Lightning","floor":2.0},{"not_picked":["Recycle","Storm"],"picked":"Stack","floor":3.0},{"not_picked":["Compile Driver","Steam"],"picked":"Beam Cell","floor":4.0},{"not_picked":["Storm","Turbo"],"picked":"Static Discharge","floor":6.0},{"not_picked":["Redo","Beam Cell"],"picked":"Reboot","floor":8.0},{"not_picked":["Scrape","Ball Lightning","Chill"],"picked":"SKIP","floor":11.0},{"not_picked":["Turbo","Compile Driver"],"picked":"Defragment","floor":14.0},{"not_picked":["Creative AI","Meteor Strike"],"picked":"Echo Form","floor":16.0},{"not_picked":["Genetic Algorithm","Undo"],"picked":"BootSequence","floor":18.0},{"not_picked":["Barrage","Hello World"],"picked":"Coolheaded","floor":21.0},{"not_picked":["Turbo","Tempest"],"picked":"Sweeping Beam","floor":23.0},{"not_picked":["Fusion","Stack"],"picked":"Glacier","floor":24.0},{"not_picked":["Barrage","Rebound","Ball Lightning"],"picked":"SKIP","floor":25.0},{"not_picked":["Cold Snap","Streamline"],"picked":"Self Repair","floor":28.0},{"not_picked":["Sweeping Beam+1","Blizzard"],"picked":"Turbo+1","floor":31.0},{"not_picked":["Echo Form","Machine Learning"],"picked":"Core Surge","floor":33.0},{"not_picked":["Tempest","Reprogram"],"picked":"Beam Cell","floor":35.0},{"not_picked":["Consume","Sweeping Beam"],"picked":"Defragment","floor":37.0},{"not_picked":["Consume","Aggregate","Steam"],"picked":"SKIP","floor":39.0},{"not_picked":["Barrage","Leap","Compile Driver"],"picked":"SKIP","floor":40.0},{"not_picked":["Ball Lightning+1","Streamline+1","Storm"],"picked":"SKIP","floor":41.0},{"not_picked":["Rebound","Compile Driver"],"picked":"BootSequence+1","floor":42.0}],"player_experience":1252966,"relics_obtained":[{"floor":6.0,"key":"Thread and Needle"},{"floor":8.0,"key":"Bottled Flame"},{"floor":9.0,"key":"Ornamental Fan"},{"floor":11.0,"key":"Pen Nib"},{"floor":14.0,"key":"HornCleat"},{"floor":24.0,"key":"Dead Branch"},{"floor":26.0,"key":"Sundial"},{"floor":28.0,"key":"MawBank"},{"floor":37.0,"key":"Pocketwatch"},{"floor":40.0,"key":"Shuriken"},{"floor":42.0,"key":"The Courier"},{"floor":43.0,"key":"White Beast Statue"}],"event_choices":[{"cards_removed":["Strike_B"],"damage_healed":0.0,"max_hp_gain":0.0,"max_hp_loss":0.0,"gold_gain":0.0,"event_name":"Golden Wing","player_choice":"Card Removal","floor":5.0,"gold_loss":0.0,"damage_taken":7.0},{"damage_healed":0.0,"max_hp_gain":0.0,"max_hp_loss":0.0,"gold_gain":0.0,"event_name":"Dead Adventurer","player_choice":"Searched \u00271\u0027 times","floor":14.0,"gold_loss":0.0,"damage_taken":0.0},{"damage_healed":0.0,"max_hp_gain":0.0,"max_hp_loss":0.0,"gold_gain":0.0,"event_name":"The Mausoleum","player_choice":"Ignored","floor":19.0,"gold_loss":0.0,"damage_taken":0.0},{"damage_healed":0.0,"max_hp_gain":0.0,"max_hp_loss":0.0,"gold_gain":0.0,"event_name":"Nest","player_choice":"Joined the Cult","floor":20.0,"gold_loss":0.0,"damage_taken":6.0,"cards_obtained":["RitualDagger"]},{"damage_healed":0.0,"max_hp_gain":0.0,"max_hp_loss":0.0,"gold_gain":0.0,"event_name":"Back to Basics","player_choice":"Simplicity","floor":22.0,"gold_loss":0.0,"damage_taken":0.0,"cards_upgraded":["Strike_B","Strike_B","Defend_B","Defend_B","Defend_B","Defend_B"]},{"damage_healed":0.0,"max_hp_gain":0.0,"max_hp_loss":0.0,"gold_gain":0.0,"event_name":"Lab","player_choice":"Got Potions","floor":30.0,"gold_loss":0.0,"damage_taken":0.0},{"damage_healed":0.0,"max_hp_gain":0.0,"max_hp_loss":0.0,"gold_gain":0.0,"event_name":"Mysterious Sphere","player_choice":"Fight","floor":37.0,"gold_loss":0.0,"damage_taken":0.0},{"cards_removed":["Strike_B"],"damage_healed":0.0,"max_hp_gain":0.0,"max_hp_loss":0.0,"gold_gain":0.0,"event_name":"Purifier","player_choice":"Purged","floor":38.0,"gold_loss":0.0,"damage_taken":0.0}],"is_beta":false,"boss_relics":[{"not_picked":["FrozenCore","Cursed Key"],"picked":"Ectoplasm"},{"not_picked":["Astrolabe","Runic Dome"],"picked":"Runic Pyramid"}],"items_purged_floors":[13],"is_endless":false,"potions_floor_spawned":[1,6,8,11,23,25,31,37,39],"killed_by":"Reptomancer","ascension_level":20}}