{"host":"5pvsezzv96u4cz40","time":1607897870,"event":{"mods":["Act Like it!","BaseMod","BetterRewards","CapriCore","Colored Map","Colored Powertips","GifTheSpireLib","Hermit","Hubris","Menagerie","Minty Spire (QoL Compilation)","Remilia??????","Replay The Spire","Shop Mod","StSLib","The Blue Laboratory","The Necromancer","The Vixen","??????REMEMod"],"gold_per_floor":[119,119,130,130,177,25,58,75,147,147,159,159,185,203,203,298,298,313,296,296,117,129,129,129,129,207,226,237,268,268,183,183,283,283,295,295,176,226,237,237,237,237,237,250,54,54,4,81,81,81],"floor_reached":51,"playtime":5543,"items_purged":["Flash of Steel"],"score":698,"play_id":"a978d3e2-4517-4ad5-ac8d-3fb1f74ee319","local_time":"20201213231750","is_ascension_mode":false,"campfire_choices":[{"data":"TheVixenMod:FirePunch","floor":10,"key":"SMITH"},{"floor":12,"key":"REST"},{"data":"TheVixenMod:FirePunch+1","floor":15,"key":"SMITH"},{"floor":23,"key":"REST"},{"data":"TheVixenMod:FirePunch+2","floor":25,"key":"SMITH"},{"floor":32,"key":"REST"},{"data":"1","floor":41,"key":"LIFT"},{"floor":46,"key":"REST"},{"floor":49,"key":"REST"}],"circlet_count":0,"master_deck":["Strike_B","Strike_B","Strike_B","Strike_B","Defend_B","Defend_B","Defend_B","Defend_B","Zap","Dualcast","TheVixenMod:FirePunch+4","Auto Shields","Redo","BasicCrystalCard","TheVixenMod:CADC+1","Dagger Spray","Flying Knee","Stop_Heart+1","Dagger Spray","CurseOfTheBell","PathToVictory+1","REME_SelfUpgrade","White Noise+1","JustLucky+1","TheVixenMod:Psychic","hermit:Magnum","Good Instincts+1","REME_DataAnalysis+1","Sweeping Beam+1","REME_Repentance+1","hermit:Feint+1","White Noise+1","Streamline+1"],"relics":["Cracked Core","REME_ComplimentaryCards","NeowsBlessing","hubris:Towel","PreservedInsect","PrismaticShard","Toxic Egg 2","Chameleon Ring","Iron Hammer","hubris:FunFungus","MerchantsRug","Oddly Smooth Stone","REME_HourglassOfDeath","Juzu Bracelet","Blue Doll","hubris:Icosahedron","Girya","Quantum Egg","Toy Ornithopter"],"acts_visited":["Exordium","TheCity","TheBeyond"],"potions_floor_usage":[8,11,16,18,22,22,22,29,33,35,38,44,48,50,50,50],"damage_taken":[{"damage":0,"enemies":"Small Slimes","floor":1,"turns":1},{"damage":0,"enemies":"Jaw Worm","floor":3,"turns":1},{"damage":0,"enemies":"Lagavulin","floor":7,"turns":1},{"damage":2,"enemies":"2 Louse","floor":8,"turns":2},{"damage":0,"enemies":"Lots of Slimes","floor":11,"turns":1},{"damage":2,"enemies":"3 Sentries","floor":13,"turns":5},{"damage":2,"enemies":"Looter","floor":14,"turns":3},{"damage":4,"enemies":"The Guardian","floor":16,"turns":10},{"damage":0,"enemies":"Shell Parasite","floor":18,"turns":2},{"damage":17,"enemies":"2 Thieves","floor":19,"turns":4},{"damage":17,"enemies":"Centurion and Healer","floor":22,"turns":10},{"damage":20,"enemies":"Snake Plant","floor":27,"turns":3},{"damage":8,"enemies":"Chosen and Byrds","floor":28,"turns":4},{"damage":12,"enemies":"Gremlin Leader","floor":29,"turns":3},{"damage":21,"enemies":"Centurion and Healer","floor":31,"turns":3},{"damage":45,"enemies":"Collector","floor":33,"turns":10},{"damage":18,"enemies":"3 Darklings","floor":35,"turns":4},{"damage":40,"enemies":"Mind Bloom Boss Battle","floor":38,"turns":8},{"damage":11,"enemies":"Orb Walker","floor":39,"turns":3},{"damage":31,"enemies":"Maw","floor":44,"turns":8},{"damage":90,"enemies":"Time Eater","floor":50,"turns":13}],"seed_played":"-1119403274352596502","potions_obtained":[{"floor":1,"key":"Adrenaline Potion"},{"floor":5,"key":"blueLaboratory:RelayPotion"},{"floor":11,"key":"blueLaboratory:ArtificerPotion"},{"floor":13,"key":"SmokeBomb"},{"floor":14,"key":"Dexterity Potion"},{"floor":19,"key":"Block Potion"},{"floor":28,"key":"Strength Potion"},{"floor":29,"key":"blueLaboratory:BottleOfVodka"},{"floor":33,"key":"blueLaboratory:PlasmaFuel"},{"floor":39,"key":"Venom Potion"},{"floor":44,"key":"EssenceOfDarkness"}],"is_trial":false,"path_per_floor":["M","?","M","$","?","$","E","M","T","R","M","R","E","M","R","B",null,"M","M","?","$","M","R","?","R","T","M","M","E","?","M","R","B",null,"M","?","$","?","M","?","R","?","T","M","$","R","?","$","R","B",null],"character_chosen":"DEFECT","items_purchased":["PrismaticShard","MerchantsRug","Adrenaline Potion","REME_SelfUpgrade","Block Potion","REME_DataAnalysis+1","Regen Potion","White Noise+1","Block Potion","SpeedPotion","Fruit Juice","Streamline+1","blueLaboratory:BottleOfVodka"],"campfire_rested":5,"item_purchase_floors":[6,21,21,21,21,37,37,45,45,45,48,48,48],"current_hp_per_floor":[75,75,75,75,57,57,57,55,55,55,55,75,73,71,71,67,75,75,58,58,58,45,67,67,67,67,47,39,28,85,65,85,40,85,67,67,67,60,50,50,50,50,50,21,21,46,46,58,85,14],"gold":81,"neow_bonus":"THREE_ENEMY_KILL","is_daily":false,"chose_seed":false,"campfire_upgraded":3,"win_rate":0.0,"timestamp":1607897870,"path_taken":["M","?","M","$","?","$","E","?","T","R","M","R","E","M","R","BOSS","M","M","?","$","M","R","?","R","T","M","M","E","?","M","R","BOSS","M","?","$","?","M","?","R","?","T","M","?","R","?","$","R","BOSS"],"items_purchased_type":["Relic","Relic","Potion","Card","Potion","Card","Potion","Card","Potion","Potion","Potion","Card","Potion"],"build_version":"2020-11-30","purchased_purges":1,"victory":true,"max_hp_per_floor":[75,75,75,75,75,75,75,75,75,75,75,75,75,75,75,75,75,75,75,75,75,75,75,75,75,75,75,75,75,85,85,85,85,85,85,85,85,85,85,85,85,85,85,85,85,85,85,92,92,92],"card_choices":[{"not_picked":["hubris:PowerSurge","Panic Button"],"picked":"Auto Shields","floor":1},{"not_picked":["BasicCrystalCard","Stack"],"picked":"Redo","floor":3},{"not_picked":["Leap","Lockon"],"picked":"BasicCrystalCard","floor":5},{"not_picked":["ReplayTheSpireMod:Strike From Hell","Blood_Whip"],"picked":"TheVixenMod:CADC+1","floor":7},{"not_picked":["TheVixenMod:Confusion","Iron Wave"],"picked":"Dagger Spray","floor":8},{"not_picked":["hermit:ItchyTrigger","Replay:BluntJabs"],"picked":"Flying Knee","floor":11},{"not_picked":["Acrobatics+1","Beam Cell"],"picked":"Stop_Heart+1","floor":13},{"not_picked":["TheVixenMod:CADC+1","TheVixenMod:Protect+1"],"picked":"Dagger Spray","floor":14},{"not_picked":["Corpse Explosion+1","Wraith Form v2"],"picked":"Rainbow+1","floor":16},{"not_picked":["TheVixenMod:CADC+1","Bones_to_Steel+1"],"picked":"Flash of Steel","floor":18},{"not_picked":["Barrage+1","Searing Blow"],"picked":"PathToVictory+1","floor":19},{"not_picked":["Go for the Eyes","Flex+1","TheVixenMod:ConfuseRay"],"picked":"White Noise+1","floor":22},{"not_picked":["Replay:ManipulateFuture+1","Time Bomb+1","Cloak And Dagger+1"],"picked":"SKIP","floor":27},{"not_picked":["TheVixenMod:NastyPlot+1","hermit:BodyArmor+1","TheVixenMod:FirePledge+1","hermit:Roulette"],"picked":"JustLucky+1","floor":28},{"not_picked":["hermit:Headshot","MasterReality"],"picked":"TheVixenMod:Psychic","floor":29},{"not_picked":["FearNoEvil","TheVixenMod:Swagger","Life Link"],"picked":"SKIP","floor":31},{"not_picked":["TheVixenMod:Substitute","Feed"],"picked":"hermit:Magnum","floor":33},{"not_picked":["Cloak And Dagger+1","hermit:HighCaliber","Replay:Sssssssssstrike+1"],"picked":"Good Instincts+1","floor":35},{"not_picked":["FlurryOfBlows+1","Necrotic_Claws","ReplayTheSpireMod:Necrogeddon"],"picked":"Sweeping Beam+1","floor":38},{"not_picked":["Cold Snap","TheVixenMod:Blaze+1","ReplayTheSpireMod:Private Reserves+1"],"picked":"REME_Repentance+1","floor":39},{"not_picked":["Protect+1","Death_March_Dance+1","hermit:GhostlyPresence+1","TheVixenMod:HeatWave+1","Blind+1"],"picked":"hermit:Feint+1","floor":44}],"player_experience":105166,"relics_obtained":[{"floor":5,"key":"PreservedInsect"},{"floor":7,"key":"Toxic Egg 2"},{"floor":9,"key":"hubris:SoftwareUpdate"},{"floor":13,"key":"Chameleon Ring"},{"floor":17,"key":"REME_PuzzleBoxRelic"},{"floor":17,"key":"Iron Hammer"},{"floor":17,"key":"hubris:FunFungus"},{"floor":26,"key":"REME_HourglassOfDeath"},{"floor":29,"key":"Juzu Bracelet"},{"floor":34,"key":"Blue Doll"},{"floor":34,"key":"Smiling Mask"},{"floor":38,"key":"Girya"},{"floor":43,"key":"Quantum Egg"}],"event_choices":[{"cards_removed":["Rainbow"],"damage_healed":47,"gold_gain":0,"player_choice":"Offered Rare","damage_taken":0,"max_hp_gain":10,"max_hp_loss":0,"event_name":"Bonfire Elementals","floor":30,"gold_loss":0},{"damage_healed":0,"gold_gain":0,"player_choice":"Fight","damage_taken":0,"max_hp_gain":0,"max_hp_loss":0,"event_name":"MindBloom","floor":38,"gold_loss":0},{"damage_healed":0,"gold_gain":0,"player_choice":"Ignored","damage_taken":0,"max_hp_gain":0,"max_hp_loss":0,"event_name":"Mysterious Sphere","floor":40,"gold_loss":0},{"damage_healed":0,"gold_gain":0,"player_choice":"Forge","damage_taken":0,"max_hp_gain":0,"max_hp_loss":0,"event_name":"Accursed Blacksmith","floor":42,"gold_loss":0,"cards_upgraded":["TheVixenMod:FirePunch"]},{"damage_healed":0,"gold_gain":0,"player_choice":"Paid Gold","damage_taken":0,"relics_obtained":["Toy Ornithopter"],"max_hp_gain":0,"max_hp_loss":0,"event_name":"WeMeetAgain","floor":47,"gold_loss":50}],"is_beta":false,"boss_relics":[{"not_picked":["Kintsugi","hubris:ScarierMask"],"picked":"Calling Bell"},{"not_picked":["Replay:Ancient Bell","Tiny House"],"picked":"REME_LowDesire"}],"items_purged_floors":[45],"is_endless":false,"potions_floor_spawned":[1,11,13,14,19,28,29,33,39,44],"ascension_level":0}}