{"host":"6115i7kcvmx8jari","time":1607873206,"event":{"mods":["AchievementEnabler","Act Like it!","Aspiration","Bard","BaseMod","Beaked The Cultist","BetterRewards","Challenge The Spire","Colored Map","Colored Powertips","Conspire","Downfall","Glutton Mod","Halation","Hermit","Highlight Path","Hubris","Infinite Spire","Jedi Mod","Jorbs\u0027s Wanderer Trilogy","Lobotomy","Mad Scientist","Marisa????????","Mimic Mod","Minty Spire (QoL Compilation)","Quick Restart","Rare Cards Sparkle","Relic Sorter","Replay The Spire","Shop Mod","StSLib","The Animator","The Construct","The Cursed","The Disciple","The Hierophant","The Jungle","The Mystic","The Necromancer","The Runesmith","vexMod"],"gold_per_floor":[99,117,117,135,165,196,223,223,237,269,281,296,296,313,324,324,324],"floor_reached":16,"playtime":1033,"items_purged":[],"score":124,"play_id":"88b492c5-6163-4f3a-b422-513146cc58db","local_time":"20201213152646","is_ascension_mode":false,"campfire_choices":[{"floor":1,"key":"DIG"},{"data":"Slimebound:Split","floor":3,"key":"SMITH"}],"circlet_count":0,"master_deck":["Slimebound:Strike_Slimebound","Slimebound:Strike_Slimebound","Slimebound:Strike_Slimebound","Slimebound:Tackle","Slimebound:Defend_Slimebound","Slimebound:Defend_Slimebound","Slimebound:Defend_Slimebound","Slimebound:Defend_Slimebound","Slimebound:Split+1","Slimebound:CorrosiveSpit","Slimebound:GrowthPunch","Slimebound:SplitMire","Slimebound:SlimeSlap","Slimebound:LeechingTouch","Slimebound:FormOfPuddle","Slimebound:GoopTackle","Slimebound:Teamwork","Slimebound:Nibble","Slimebound:Grow","Slimebound:SplitAcid"],"relics":["Slimebound:AbsorbEndCombat","halation:RedSoulGem","Omamori","vexMod:InvisibilityCloak","Gremlin Horn","Gremlin Food","infinitespire:Golems Mask"],"acts_visited":["Exordium"],"potions_floor_usage":[10,10,16],"damage_taken":[{"damage":7,"enemies":"Small Slimes","floor":2,"turns":3},{"damage":15,"enemies":"Jaw Worm","floor":4,"turns":3},{"damage":21,"enemies":"Replay:BlueRogue","floor":5,"turns":5},{"damage":35,"enemies":"Gremlin Nob","floor":6,"turns":4},{"damage":13,"enemies":"2 Louse","floor":9,"turns":2},{"damage":28,"enemies":"3 Sentries","floor":10,"turns":5},{"damage":23,"enemies":"Blue Slaver","floor":11,"turns":2},{"damage":26,"enemies":"conspire:2 RoseBushes","floor":12,"turns":3},{"damage":3,"enemies":"2 Fungi Beasts","floor":14,"turns":2},{"damage":24,"enemies":"Blue Slaver","floor":15,"turns":2},{"damage":25,"enemies":"downfall:Defect","floor":16,"turns":4}],"seed_played":"-2207421167356666238","potions_obtained":[{"floor":5,"key":"jedi:wingpotion"},{"floor":6,"key":"PowerPotion"},{"floor":9,"key":"Fire Potion"},{"floor":10,"key":"EssenceOfSteel"},{"floor":15,"key":"jedi:wingpotion"}],"is_trial":false,"path_per_floor":["R_BF","M","R","M","E","E","T","?","M","E","M","M","?","M","M","B"],"character_chosen":"SLIMEBOUND","items_purchased":[],"campfire_rested":0,"item_purchase_floors":[],"current_hp_per_floor":[66,66,66,64,66,51,51,56,63,59,44,26,26,23,19,0,0],"gold":324,"neow_bonus":"TEN_PERCENT_HP_BONUS","is_daily":false,"chose_seed":false,"campfire_upgraded":1,"win_rate":0.0,"timestamp":1607873206,"path_taken":["R_BF","M","R","M","E","E","T","?","M","E","M","M","?","M","M","BOSS"],"items_purchased_type":[],"build_version":"2020-11-30","purchased_purges":0,"victory":false,"max_hp_per_floor":[66,66,66,66,66,66,66,71,71,71,71,71,71,71,71,71,71],"card_choices":[{"not_picked":["Slimebound:Schlurp","Slimebound:GoopTackle"],"picked":"Slimebound:GrowthPunch","floor":2},{"not_picked":["Slimebound:SplitLeeching","Slimebound:MegaLick"],"picked":"Slimebound:SplitMire","floor":4},{"not_picked":["Slimebound:Schlurp","Slimebound:GoopSpray"],"picked":"Slimebound:SlimeSlap","floor":5},{"not_picked":["Slimebound:SplitBruiser","Slimebound:RollThrough"],"picked":"Slimebound:LeechingTouch","floor":6},{"not_picked":["Slimebound:RollThrough","Slimebound:PressTheAttack"],"picked":"Slimebound:FormOfPuddle","floor":9},{"not_picked":["Slimebound:GrowthPunch","Slimebound:SlimeSpikes"],"picked":"Slimebound:GoopTackle","floor":10},{"not_picked":["Slimebound:RollThrough","Slimebound:SplitLeeching"],"picked":"Slimebound:Teamwork","floor":11},{"not_picked":["Slimebound:LeechEnergy","Slimebound:SplitBruiser"],"picked":"Slimebound:Nibble","floor":12},{"not_picked":["Slimebound:ComboTackle","Slimebound:PressTheAttack"],"picked":"Slimebound:Grow","floor":14},{"not_picked":["Slimebound:SpikyOuterGoop","Slimebound:Nibble"],"picked":"Slimebound:SplitAcid","floor":15}],"player_experience":48441,"relics_obtained":[{"floor":1,"key":"Omamori"},{"floor":5,"key":"vexMod:InvisibilityCloak"},{"floor":6,"key":"Gremlin Horn"},{"floor":7,"key":"Gremlin Food"},{"floor":10,"key":"infinitespire:Golems Mask"}],"event_choices":[{"damage_healed":0,"gold_gain":0,"player_choice":"Donut","damage_taken":0,"max_hp_gain":5,"max_hp_loss":0,"event_name":"Big Fish","floor":8,"gold_loss":0}],"is_beta":false,"boss_relics":[],"items_purged_floors":[],"is_endless":false,"potions_floor_spawned":[5,6,9,10,15],"killed_by":"downfall:Defect","ascension_level":0}}