{"host":"y76x98twjnyyxs83","time":1607897899,"event":{"mods":["BaseMod","Colored Powertips","Minty Spire (QoL Compilation)","Permanent Neow","Quick Restart","Rare Cards Sparkle","Relic Stats","StSLib"],"gold_per_floor":[99,52,52,17,17,17,17,17,17,17,17,17,0,0,0,0,0],"floor_reached":16,"playtime":485,"items_purged":[],"score":244,"play_id":"ad036544-96a0-4c05-bf03-9275aabdcca0","local_time":"20201214061819","is_ascension_mode":true,"campfire_choices":[{"floor":8,"key":"REST"},{"floor":11,"key":"REST"},{"data":"Wallop","floor":15,"key":"SMITH"}],"circlet_count":0,"master_deck":["AscendersBane","Strike_P","Strike_P","Strike_P","Strike_P","Defend_P","Defend_P","Defend_P","Defend_P","Eruption","Vigilance","Adaptation","ReachHeaven","CarveReality","WheelKick","Halt","Vault","Wallop+1"],"relics":["Ectoplasm","The Courier","HornCleat","Orichalcum"],"acts_visited":["Exordium"],"potions_floor_usage":[6,10],"damage_taken":[{"damage":9.0,"enemies":"2 Louse","floor":1.0,"turns":3.0},{"damage":9.0,"enemies":"Jaw Worm","floor":3.0,"turns":4.0},{"damage":10.0,"enemies":"Small Slimes","floor":5.0,"turns":4.0},{"damage":13,"enemies":"Lagavulin","floor":6,"turns":4},{"damage":20,"enemies":"3 Louse","floor":7,"turns":3},{"damage":22,"enemies":"3 Sentries","floor":10,"turns":8},{"damage":0,"enemies":"2 Fungi Beasts","floor":12,"turns":3},{"damage":0,"enemies":"Looter","floor":13,"turns":3},{"damage":5,"enemies":"Lagavulin","floor":14,"turns":6},{"damage":32,"enemies":"The Guardian","floor":16,"turns":6}],"seed_played":"-8404942525585634776","potions_obtained":[{"floor":5,"key":"SkillPotion"},{"floor":7,"key":"Dexterity Potion"},{"floor":10,"key":"Strength Potion"},{"floor":12,"key":"BottledMiracle"}],"is_trial":false,"path_per_floor":["M","?","M","?","M","E","M","R","T","E","R","M","M","E","R","B"],"character_chosen":"WATCHER","items_purchased":[],"campfire_rested":2,"item_purchase_floors":[],"current_hp_per_floor":[52,52,43,60,50,37,17,37,37,15,35,35,35,30,30,0,0],"gold":0,"neow_bonus":"BOSS_RELIC","is_daily":false,"chose_seed":false,"campfire_upgraded":1,"win_rate":0.0,"timestamp":1607897899,"path_taken":["M","?","M","?","M","E","M","R","T","E","R","M","M","E","R","BOSS"],"items_purchased_type":[],"build_version":"2020-11-30","purchased_purges":0,"victory":false,"max_hp_per_floor":[68,68,68,68,68,68,68,68,68,68,68,68,68,68,68,68,68],"relic_stats":{"counters":[10,44],"Ectoplasm":194,"Orichalcum":[42],"obtain_stats":[{"HornCleat":9,"Ectoplasm":0,"The Courier":6,"PureWater":0,"Orichalcum":10},{"HornCleat":5,"Ectoplasm":0,"The Courier":4,"PureWater":0,"Orichalcum":6},{"HornCleat":18,"Ectoplasm":0,"The Courier":15,"PureWater":0,"Orichalcum":26}]},"card_choices":[{"not_picked":["Prostrate","Vengeance"],"picked":"Adaptation","floor":1.0},{"not_picked":["Collect","SignatureMove"],"picked":"ReachHeaven","floor":3.0},{"not_picked":["EmptyBody","Vengeance"],"picked":"CarveReality","floor":5},{"not_picked":["WindmillStrike","BattleHymn"],"picked":"WheelKick","floor":6},{"not_picked":["PathToVictory","Evaluate"],"picked":"Halt","floor":7},{"not_picked":["Crescendo","FollowUp"],"picked":"Vault","floor":10},{"not_picked":["LikeWater","EmptyBody"],"picked":"Wallop","floor":12},{"not_picked":["Crescendo","Nirvana","EmptyBody"],"picked":"SKIP","floor":13},{"not_picked":["Nirvana","SashWhip","Fasting2"],"picked":"SKIP","floor":14}],"player_experience":1087272,"relics_obtained":[{"floor":6,"key":"The Courier"},{"floor":9,"key":"HornCleat"},{"floor":10,"key":"Orichalcum"}],"event_choices":[{"damage_healed":0.0,"max_hp_gain":0.0,"max_hp_loss":0.0,"gold_gain":0.0,"event_name":"World of Goop","player_choice":"Left Gold","floor":2.0,"gold_loss":47.0,"damage_taken":0.0},{"damage_healed":17.0,"max_hp_gain":0.0,"max_hp_loss":0.0,"gold_gain":0.0,"event_name":"The Cleric","player_choice":"Healed","floor":4.0,"gold_loss":35.0,"damage_taken":0.0}],"is_beta":false,"boss_relics":[],"items_purged_floors":[],"is_endless":false,"potions_floor_spawned":[5,7,10,12],"killed_by":"The Guardian","ascension_level":20}}