{"host":"ow9msrs9p2ctkx99","time":1607831238,"event":{"mods":["AchievementEnabler","BaseMod","Colored Map","Colored Powertips","Minty Spire (QoL Compilation)","Permanent Neow","Quick Restart","SuperFastMode"],"gold_per_floor":[14,14,14,33,51,51,95,95,122,297,297,27,27,68,68,196,196,219,219,219,219,238,238,276,276,276,91,111,111,132,145,145,274,274,295,628,646,646,343,401,32,65,65,25,45,45,45,65,65,65],"floor_reached":51,"playtime":1128,"items_purged":["Doubt","Zap"],"score":1119,"play_id":"8ce2a085-e116-4174-9dec-e05cac70d09e","local_time":"20201213044718","is_ascension_mode":true,"campfire_choices":[{"data":"Rebound","floor":6.0,"key":"SMITH"},{"data":"Cold Snap","floor":8.0,"key":"SMITH"},{"data":"Beam Cell","floor":15.0,"key":"SMITH"},{"data":"Electrodynamics","floor":23.0,"key":"SMITH"},{"data":"Fusion","floor":29.0,"key":"SMITH"},{"data":"Good Instincts","floor":32.0,"key":"SMITH"},{"floor":46,"key":"REST"},{"floor":49,"key":"RECALL"}],"circlet_count":0,"master_deck":["AscendersBane","Strike_B+1","Strike_B+1","Strike_B+1","Strike_B+1","Defend_B+1","Defend_B+1","Defend_B+1","Defend_B+1","Dualcast+1","Rebound+1","Sweeping Beam","FTL","Cold Snap+1","Rip and Tear","Beam Cell+1","Electrodynamics+1","CurseOfTheBell","Compile Driver","Fusion+1","Conserve Battery+1","Stack+1","BootSequence","Dark Shackles","Hologram+1","Good Instincts+1","Multi-Cast","Study+1","Wish","Capacitor+1","Master of Strategy","FTL","Barricade+1","Consume+1","PiercingWail"],"relics":["FrozenCore","Turnip","Bag of Preparation","Vajra","Juzu Bracelet","Centennial Puzzle","Calling Bell","Happy Flower","Frozen Egg 2","FossilizedHelix","Omamori","MealTicket","Akabeko","Pear","PrismaticShard","Regal Pillow","Kunai","Mummified Hand","Bronze Scales"],"acts_visited":["Exordium","TheCity","TheBeyond"],"potions_floor_usage":[45,45,48,50,50],"damage_taken":[{"damage":2.0,"enemies":"Jaw Worm","floor":1.0,"turns":3.0},{"damage":2.0,"enemies":"2 Louse","floor":4.0,"turns":2.0},{"damage":0.0,"enemies":"Small Slimes","floor":5.0,"turns":3.0},{"damage":25.0,"enemies":"Lagavulin","floor":7.0,"turns":5.0},{"damage":11.0,"enemies":"3 Sentries","floor":14.0,"turns":4.0},{"damage":21.0,"enemies":"The Guardian","floor":16.0,"turns":7.0},{"damage":3.0,"enemies":"3 Byrds","floor":18.0,"turns":3.0},{"damage":0.0,"enemies":"Spheric Guardian","floor":22.0,"turns":3.0},{"damage":6.0,"enemies":"Gremlin Leader","floor":24.0,"turns":3.0},{"damage":0.0,"enemies":"Snake Plant","floor":28.0,"turns":3.0},{"damage":0.0,"enemies":"Sentry and Sphere","floor":30.0,"turns":3.0},{"damage":0.0,"enemies":"Centurion and Healer","floor":31.0,"turns":3.0},{"damage":50.0,"enemies":"Automaton","floor":33.0,"turns":11.0},{"damage":0.0,"enemies":"3 Shapes","floor":35.0,"turns":2.0},{"damage":0.0,"enemies":"Orb Walker","floor":37.0,"turns":5.0},{"damage":66.0,"enemies":"Nemesis","floor":40.0,"turns":9.0},{"damage":21.0,"enemies":"Reptomancer","floor":42.0,"turns":8.0},{"damage":0,"enemies":"Spire Growth","floor":45,"turns":4},{"damage":4,"enemies":"Writhing Mass","floor":48,"turns":7},{"damage":40,"enemies":"Awakened One","floor":50,"turns":15}],"seed_played":"7323919363921689791","potions_obtained":[{"floor":5.0,"key":"Energy Potion"},{"floor":14.0,"key":"Strength Potion"},{"floor":16.0,"key":"BlessingOfTheForge"},{"floor":18.0,"key":"EssenceOfDarkness"},{"floor":28.0,"key":"Strength Potion"},{"floor":30.0,"key":"EntropicBrew"},{"floor":42.0,"key":"DistilledChaos"},{"floor":44.0,"key":"SkillPotion"},{"floor":44.0,"key":"DuplicationPotion"},{"floor":45,"key":"LiquidMemories"},{"floor":48,"key":"Explosive Potion"}],"is_trial":false,"path_per_floor":["M","?","?","M","M","R","E","R","T","?","?","$","?","E","R","B",null,"M","?","?","?","M","R","E","T","T","$","M","R","M","M","R","B",null,"M","?","M","?","$","E","$","E","T","?","M","R","$","M","R","B",null],"character_chosen":"DEFECT","items_purchased":["Juzu Bracelet","Rip and Tear","PrismaticShard","BootSequence","Capacitor+1","Master of Strategy","Kunai","FTL","SkillPotion"],"campfire_rested":1,"item_purchase_floors":[12,12,27,27,39,39,41,41,41],"current_hp_per_floor":[66,66,66,64,64,64,39,39,39,39,25,25,48,37,37,16,56,53,53,53,53,53,53,47,47,57,72,72,72,72,72,72,22,65,65,65,65,79,79,13,28,7,7,7,7,45,60,56,56,16],"gold":65,"neow_bonus":"ONE_RARE_RELIC","is_daily":false,"chose_seed":false,"campfire_upgraded":6,"win_rate":0.0,"timestamp":1607831238,"path_taken":["M","?","?","M","M","R","E","R","T","?","?","$","?","E","R","BOSS","M","?","?","?","M","R","E","?","T","$","M","R","M","M","R","BOSS","M","?","M","?","$","E","$","E","T","?","M","R","?","M","R","BOSS"],"items_purchased_type":["Relic","Card","Relic","Card","Card","Card","Relic","Card","Potion"],"build_version":"2020-11-30","purchased_purges":2,"victory":true,"max_hp_per_floor":[75,75,69,69,69,69,69,69,69,69,69,69,69,69,69,69,69,69,69,69,69,69,69,69,69,79,79,79,79,79,79,79,79,79,79,79,79,79,79,79,79,79,79,79,79,79,79,79,79,79],"card_choices":[{"not_picked":["Force Field","Darkness"],"picked":"Rebound","floor":1.0},{"not_picked":["Tempest","Turbo"],"picked":"Sweeping Beam","floor":4.0},{"not_picked":["Conserve Battery","Sunder"],"picked":"FTL","floor":5.0},{"not_picked":["Multi-Cast","Capacitor"],"picked":"Cold Snap","floor":7.0},{"not_picked":["Auto Shields","Redo"],"picked":"Beam Cell","floor":14.0},{"not_picked":["Machine Learning","Seek"],"picked":"Electrodynamics","floor":16.0},{"not_picked":["Sweeping Beam","Redo"],"picked":"Compile Driver","floor":18.0},{"not_picked":["Turbo+1","Sweeping Beam+1"],"picked":"Conserve Battery+1","floor":22.0},{"not_picked":["Ball Lightning","Hologram"],"picked":"Stack+1","floor":24.0},{"not_picked":["Hemokinesis","Dodge and Roll"],"picked":"Dark Shackles","floor":28.0},{"not_picked":["PathToVictory","Cleave+1"],"picked":"Hologram+1","floor":30.0},{"not_picked":["Dagger Throw","Heavy Blade"],"picked":"Good Instincts","floor":31.0},{"not_picked":["SpiritShield","Judgement"],"picked":"Multi-Cast","floor":33.0},{"not_picked":["Cold Snap+1","SashWhip+1"],"picked":"Study+1","floor":35.0},{"not_picked":["Dodge and Roll+1","CutThroughFate+1"],"picked":"Wish","floor":37.0},{"not_picked":["Bloodletting","Carnage","EmptyFist+1"],"picked":"SKIP","floor":40.0},{"not_picked":["Jack Of All Trades+1","Searing Blow"],"picked":"Barricade+1","floor":42.0},{"not_picked":["Protect+1","Uppercut"],"picked":"Consume+1","floor":45},{"not_picked":["Infinite Blades+1","CutThroughFate"],"picked":"PiercingWail","floor":48}],"player_experience":981816,"relics_obtained":[{"floor":7.0,"key":"Bag of Preparation"},{"floor":9.0,"key":"Vajra"},{"floor":14.0,"key":"Centennial Puzzle"},{"floor":17.0,"key":"Happy Flower"},{"floor":17.0,"key":"Frozen Egg 2"},{"floor":17.0,"key":"FossilizedHelix"},{"floor":24.0,"key":"MealTicket"},{"floor":25.0,"key":"Akabeko"},{"floor":26.0,"key":"Pear"},{"floor":40.0,"key":"Regal Pillow"},{"floor":42.0,"key":"Mummified Hand"},{"floor":43.0,"key":"Bronze Scales"}],"event_choices":[{"damage_healed":0.0,"max_hp_gain":0.0,"max_hp_loss":0.0,"gold_gain":0.0,"event_name":"Living Wall","player_choice":"Grow","floor":2.0,"gold_loss":0.0,"damage_taken":0.0,"cards_upgraded":["Dualcast"]},{"damage_healed":0.0,"max_hp_gain":0.0,"max_hp_loss":6.0,"gold_gain":0.0,"event_name":"Golden Idol","player_choice":"Lose Max HP","floor":3.0,"gold_loss":0.0,"damage_taken":0.0,"relics_obtained":["Golden Idol"]},{"damage_healed":0.0,"max_hp_gain":0.0,"max_hp_loss":0.0,"gold_gain":175.0,"event_name":"Liars Game","player_choice":"AGREE","floor":10.0,"gold_loss":0.0,"damage_taken":0.0,"cards_obtained":["Doubt"]},{"damage_healed":0.0,"max_hp_gain":0.0,"max_hp_loss":0.0,"gold_gain":0.0,"event_name":"Shining Light","player_choice":"Entered Light","floor":11.0,"gold_loss":0.0,"damage_taken":14.0,"cards_upgraded":["Strike_B","Strike_B"]},{"damage_healed":23.0,"max_hp_gain":0.0,"max_hp_loss":0.0,"gold_gain":0.0,"event_name":"Big Fish","player_choice":"Banana","floor":13.0,"gold_loss":0.0,"damage_taken":0.0},{"damage_healed":0.0,"max_hp_gain":0.0,"max_hp_loss":0.0,"gold_gain":0.0,"event_name":"Back to Basics","player_choice":"Simplicity","floor":19.0,"gold_loss":0.0,"damage_taken":0.0,"cards_upgraded":["Strike_B","Strike_B","Defend_B","Defend_B","Defend_B","Defend_B"]},{"damage_healed":0.0,"max_hp_gain":0.0,"max_hp_loss":0.0,"gold_gain":0.0,"event_name":"The Library","player_choice":"Read","floor":20.0,"gold_loss":0.0,"damage_taken":0.0,"cards_obtained":["Fusion"]},{"damage_healed":0.0,"max_hp_gain":0.0,"max_hp_loss":0.0,"gold_gain":0.0,"event_name":"The Mausoleum","player_choice":"Opened","floor":21.0,"gold_loss":0.0,"damage_taken":0.0,"relics_obtained":["Omamori"]},{"damage_healed":0.0,"max_hp_gain":0.0,"max_hp_loss":0.0,"gold_gain":333.0,"event_name":"The Moai Head","player_choice":"Gave Idol","floor":36.0,"relics_lost":["Golden Idol"],"gold_loss":0.0,"damage_taken":0.0},{"damage_healed":20.0,"max_hp_gain":0.0,"max_hp_loss":0.0,"gold_gain":0.0,"event_name":"Winding Halls","player_choice":"Writhe","floor":38.0,"gold_loss":0.0,"damage_taken":0.0,"cards_obtained":["Writhe"]},{"damage_healed":0.0,"max_hp_gain":0.0,"max_hp_loss":0.0,"gold_gain":0.0,"event_name":"The Woman in Blue","player_choice":"Bought 3 Potions","floor":44.0,"gold_loss":0.0,"damage_taken":0.0}],"is_beta":false,"boss_relics":[{"not_picked":["Velvet Choker","Tiny House"],"picked":"Calling Bell"},{"not_picked":["SlaversCollar","Runic Pyramid"],"picked":"FrozenCore"}],"items_purged_floors":[12,39],"is_endless":false,"potions_floor_spawned":[5,14,16,18,28,30,31,42,45,48],"ascension_level":10}}