{"host":"csxyw8kq0by31otn","time":1607857105,"event":{"mods":["BaseMod","DeckTracker","Minty Spire (QoL Compilation)","Quick Restart","SuperFastMode","slay the spire mod where everything is the same but ironclad has a cowboy hat"],"gold_per_floor":[109,125,125,125,125,150,150,150,150,170,195,195,370,138,138,238,238,249,249,260,6,19,50,50,76,128,128,140,415,440,128,128,227,227,241,241,17,34,34,34,60,60,113,0,0,0,31,31,31,31],"floor_reached":51,"playtime":1804,"items_purged":["Regret","Parasite","Regret","Strike_R"],"score":927,"play_id":"e7128169-44fe-48ae-9f18-366a8a841bac","local_time":"20201213195824","is_ascension_mode":true,"campfire_choices":[{"data":"Berserk","floor":7.0,"key":"SMITH"},{"data":"Heavy Blade","floor":15.0,"key":"SMITH"},{"floor":24.0,"key":"REST"},{"data":"Armaments","floor":27.0,"key":"SMITH"},{"floor":32.0,"key":"REST"},{"data":"Heavy Blade","floor":40,"key":"SMITH"},{"data":"Heavy Blade","floor":45,"key":"SMITH"},{"data":"Offering","floor":49,"key":"SMITH"}],"circlet_count":0,"master_deck":["Defend_R","Defend_R","Defend_R","Defend_R","Bash","Spot Weakness","Headbutt","Entrench","Berserk+1","Ghostly Armor","Power Through","Heavy Blade+1","Pummel","Metallicize","Bludgeon+1","Pommel Strike","Twin Strike+1","Iron Wave+1","Armaments+1","Pommel Strike","Heavy Blade+1","Battle Trance","Pommel Strike","Heavy Blade+1","Metallicize","Offering+1","Intimidate+1","Impervious+1","Twin Strike+1","Armaments+1","Caltrops","Twin Strike"],"relics":["Burning Blood","NeowsBlessing","PreservedInsect","Magic Flower","Prayer Wheel","Red Skull","Philosopher\u0027s Stone","Membership Card","Whetstone","Happy Flower","Bag of Preparation","Bird Faced Urn","Vajra","ClockworkSouvenir","Toy Ornithopter","Astrolabe","Orichalcum","PrismaticShard","Bronze Scales","Bag of Marbles","Red Mask","Smiling Mask","InkBottle"],"acts_visited":["Exordium","TheCity","TheBeyond"],"potions_floor_usage":[50,50,50],"damage_taken":[{"damage":0.0,"enemies":"2 Louse","floor":1.0,"turns":1.0},{"damage":0.0,"enemies":"Small Slimes","floor":2.0,"turns":1.0},{"damage":0.0,"enemies":"3 Sentries","floor":6.0,"turns":2.0},{"damage":3.0,"enemies":"Cultist","floor":10.0,"turns":4.0},{"damage":23.0,"enemies":"Lagavulin","floor":11.0,"turns":8.0},{"damage":54.0,"enemies":"Hexaghost","floor":16.0,"turns":11.0},{"damage":23.0,"enemies":"Shell Parasite","floor":18.0,"turns":6.0},{"damage":38.0,"enemies":"Chosen","floor":20.0,"turns":6.0},{"damage":9.0,"enemies":"Snake Plant","floor":22.0,"turns":3.0},{"damage":45.0,"enemies":"Gremlin Leader","floor":23.0,"turns":3.0},{"damage":11.0,"enemies":"Book of Stabbing","floor":25.0,"turns":4.0},{"damage":26.0,"enemies":"Shelled Parasite and Fungi","floor":28.0,"turns":5.0},{"damage":33.0,"enemies":"Slavers","floor":30.0,"turns":4.0},{"damage":21.0,"enemies":"Champ","floor":33.0,"turns":9.0},{"damage":12,"enemies":"Orb Walker","floor":35,"turns":4},{"damage":0,"enemies":"3 Shapes","floor":38,"turns":7},{"damage":0,"enemies":"Giant Head","floor":41,"turns":6},{"damage":12,"enemies":"Reptomancer","floor":47,"turns":5},{"damage":43,"enemies":"Donu and Deca","floor":50,"turns":9}],"seed_played":"774719347229259934","potions_obtained":[{"floor":1.0,"key":"BloodPotion"},{"floor":10.0,"key":"FearPotion"},{"floor":11.0,"key":"AttackPotion"},{"floor":20.0,"key":"BlessingOfTheForge"},{"floor":22.0,"key":"BloodPotion"},{"floor":23.0,"key":"DistilledChaos"},{"floor":30.0,"key":"Block Potion"},{"floor":35,"key":"Block Potion"}],"is_trial":false,"path_per_floor":["M","M","?","$","?","E","R","?","T","M","E","?","?","$","R","B",null,"M","?","M","$","M","E","R","E","T","R","M","?","E","$","R","B",null,"M","?","$","M","?","R","E","?","T","?","R","T","E","$","R","B",null],"character_chosen":"IRONCLAD","items_purchased":["Pummel","Metallicize","Membership Card","Armaments","Pommel Strike","Vajra","ClockworkSouvenir","Toy Ornithopter","Swift Potion","Orichalcum","PrismaticShard"],"campfire_rested":2,"item_purchase_floors":[14,14,21,21,21,31,31,31,31,37,37],"current_hp_per_floor":[80,80,80,80,80,80,80,80,80,80,66,80,80,80,80,35,80,66,66,37,37,37,47,70,68,68,68,51,51,27,27,50,47,77,74,77,77,77,73,73,73,73,73,73,73,73,73,73,73,52],"gold":31,"neow_bonus":"THREE_ENEMY_KILL","is_daily":false,"chose_seed":false,"campfire_upgraded":6,"win_rate":0.0,"timestamp":1607857104,"path_taken":["M","M","?","$","?","E","R","?","T","M","E","?","?","$","R","BOSS","M","?","?","$","M","E","R","E","T","R","M","?","E","$","R","BOSS","M","?","$","?","?","R","E","?","T","?","R","?","E","?","R","BOSS"],"items_purchased_type":["Card","Card","Relic","Card","Card","Relic","Relic","Relic","Potion","Relic","Relic"],"build_version":"2020-11-30","purchased_purges":4,"victory":true,"max_hp_per_floor":[80,80,80,80,80,80,80,80,80,80,80,80,80,80,80,80,80,80,80,80,77,77,77,77,77,77,77,77,77,77,77,77,77,77,77,77,77,77,73,73,73,73,73,73,73,73,73,73,73,73],"card_choices":[{"not_picked":["Thunderclap","Armaments"],"picked":"Spot Weakness","floor":1.0},{"not_picked":["Shockwave","Entrench"],"picked":"Headbutt","floor":2.0},{"not_picked":["Flame Barrier","Rage"],"picked":"Berserk","floor":6.0},{"not_picked":["Searing Blow","Clash"],"picked":"Ghostly Armor","floor":10.0},{"not_picked":["Hemokinesis","Bloodletting"],"picked":"Power Through","floor":10.0},{"not_picked":["Berserk","Warcry"],"picked":"Heavy Blade","floor":11.0},{"not_picked":["Feed","Juggernaut"],"picked":"Bludgeon","floor":16.0},{"not_picked":["Fire Breathing","Anger"],"picked":"Pommel Strike","floor":18.0},{"not_picked":["Warcry","Dropkick","Rampage"],"picked":"SKIP","floor":18.0},{"not_picked":["Dual Wield","Rage"],"picked":"Twin Strike","floor":20.0},{"not_picked":["Anger","Hemokinesis"],"picked":"Iron Wave+1","floor":20.0},{"not_picked":["Pummel","Feed"],"picked":"Heavy Blade","floor":22.0},{"not_picked":["Battle Trance","Clothesline","Fire Breathing"],"picked":"SKIP","floor":22.0},{"not_picked":["Clothesline","Fire Breathing"],"picked":"Battle Trance","floor":22.0},{"not_picked":["Clothesline+1","Clash+1","Second Wind"],"picked":"SKIP","floor":23.0},{"not_picked":["Clothesline","Clash"],"picked":"Pommel Strike","floor":25.0},{"not_picked":["Body Slam","Clash"],"picked":"Heavy Blade","floor":28.0},{"not_picked":["Berserk","Iron Wave","Bloodletting"],"picked":"SKIP","floor":28.0},{"not_picked":["Second Wind","Blood for Blood"],"picked":"Metallicize","floor":30.0},{"not_picked":["Fiend Fire","Exhume"],"picked":"Offering","floor":33.0},{"not_picked":["True Grit","Thunderclap"],"picked":"Twin Strike+1","floor":35},{"not_picked":["Sentinel+1","Rupture+1"],"picked":"Armaments+1","floor":35},{"not_picked":["CutThroughFate","Crescendo+1"],"picked":"Caltrops","floor":38},{"not_picked":["Prepared+1","Steam Power+1","Escape Plan"],"picked":"SKIP","floor":38},{"not_picked":["Sweeping Beam+1","Blind+1","EmptyBody"],"picked":"SKIP","floor":41},{"not_picked":["Uppercut+1","Iron Wave"],"picked":"Twin Strike","floor":47}],"player_experience":173785,"relics_obtained":[{"floor":6.0,"key":"PreservedInsect"},{"floor":9.0,"key":"Prayer Wheel"},{"floor":11.0,"key":"Red Skull"},{"floor":23.0,"key":"Whetstone"},{"floor":25.0,"key":"Happy Flower"},{"floor":26.0,"key":"Bag of Preparation"},{"floor":30.0,"key":"Bird Faced Urn"},{"floor":41,"key":"Bronze Scales"},{"floor":43,"key":"Bag of Marbles"},{"floor":46,"key":"Smiling Mask"},{"floor":47,"key":"InkBottle"}],"event_choices":[{"damage_healed":0.0,"max_hp_gain":0.0,"max_hp_loss":0.0,"gold_gain":0.0,"event_name":"Golden Wing","player_choice":"Ignored","floor":3.0,"gold_loss":0.0,"damage_taken":0.0},{"damage_healed":0.0,"max_hp_gain":0.0,"max_hp_loss":0.0,"gold_gain":0.0,"cards_transformed":["Strike_R"],"event_name":"Living Wall","player_choice":"Change","floor":5.0,"gold_loss":0.0,"damage_taken":0.0,"cards_obtained":["Entrench"]},{"damage_healed":0.0,"max_hp_gain":0.0,"max_hp_loss":0.0,"gold_gain":0.0,"event_name":"Big Fish","player_choice":"Box","floor":8.0,"gold_loss":0.0,"damage_taken":0.0,"relics_obtained":["Magic Flower"],"cards_obtained":["Regret"]},{"damage_healed":20.0,"max_hp_gain":0.0,"max_hp_loss":0.0,"gold_gain":0.0,"event_name":"Mushrooms","player_choice":"Healed and dodged fight","floor":12.0,"gold_loss":0.0,"damage_taken":0.0,"cards_obtained":["Parasite"]},{"damage_healed":0.0,"max_hp_gain":0.0,"max_hp_loss":0.0,"gold_gain":175.0,"event_name":"Liars Game","player_choice":"AGREE","floor":13.0,"gold_loss":0.0,"damage_taken":0.0,"cards_obtained":["Doubt"]},{"cards_removed":["Doubt"],"damage_healed":0.0,"max_hp_gain":0.0,"max_hp_loss":0.0,"gold_gain":0.0,"event_name":"Purifier","player_choice":"Purged","floor":19.0,"gold_loss":0.0,"damage_taken":0.0},{"damage_healed":0.0,"max_hp_gain":0.0,"max_hp_loss":0.0,"gold_gain":275.0,"event_name":"Golden Shrine","player_choice":"Desecrate","floor":29.0,"gold_loss":0.0,"damage_taken":0.0,"cards_obtained":["Regret"]},{"cards_removed":["Anger"],"damage_healed":5,"gold_gain":0,"player_choice":"Offered Common","damage_taken":0,"max_hp_gain":0,"max_hp_loss":0,"event_name":"Bonfire Elementals","floor":36,"gold_loss":0},{"cards_removed":["Anger"],"damage_healed":5,"gold_gain":0,"player_choice":"Offered Special","damage_taken":0,"max_hp_gain":0,"max_hp_loss":0,"event_name":"Bonfire Elementals","floor":36,"gold_loss":0},{"damage_healed":0,"gold_gain":0,"player_choice":"Max HP","damage_taken":0,"max_hp_gain":0,"max_hp_loss":4,"event_name":"Winding Halls","floor":39,"gold_loss":0},{"damage_healed":0,"gold_gain":0,"player_choice":"Ignored","damage_taken":0,"max_hp_gain":0,"max_hp_loss":0,"event_name":"Mysterious Sphere","floor":42,"gold_loss":0},{"damage_healed":0,"gold_gain":0,"player_choice":"Paid","damage_taken":0,"relics_obtained":["Red Mask"],"max_hp_gain":0,"max_hp_loss":0,"event_name":"Tomb of Lord Red Mask","floor":44,"gold_loss":113}],"is_beta":false,"boss_relics":[{"not_picked":["Snecko Eye","Ectoplasm"],"picked":"Philosopher\u0027s Stone"},{"not_picked":["Calling Bell","SacredBark"],"picked":"Astrolabe"}],"items_purged_floors":[14,21,31,37],"is_endless":false,"potions_floor_spawned":[1,10,11,20,22,23,30,35,47],"ascension_level":1}}