{"host":"jt62yzdgnrkmwwqv","time":1607873900,"event":{"mods":["AchievementEnabler","BaseMod","CapriCore","Colored Map","Colored Powertips","GungeonMod","Lobotomy","LobotomyExtend","Minty Spire (QoL Compilation)","StSLib","The Animator","The Construct","The Immortal"],"gold_per_floor":[114,64,78,78,95,121,138,172,172,172,172,172,172,196,208,318,330,357,8,28,47,47,80,80,106,133,159,171,183,282,292,292,393,393,412,412,429,440,457,489,489,515,564,618,618,618,618,648,648,648,648],"floor_reached":52,"playtime":1990,"items_purged":["Discord"],"score":1001,"play_id":"7d9310b4-230a-4387-85df-44056d94d34d","local_time":"20201214003820","is_ascension_mode":true,"campfire_choices":[{"floor":10,"key":"REST"},{"floor":15,"key":"REST"},{"floor":24,"key":"REST"}],"circlet_count":0,"master_deck":["ApocalypseBird","PunishingBird","LongBird","BigBird","SpecialBullet","SpecialBullet","SpecialBullet","SpecialBullet","SpecialBullet","ControlCode","ExtractionCode","MeatLantern","QueenOfHatred","VoidDream","Hornet","Logging","OldLady","CrumblingArmor","GoldRush","Twilight","ParadiseLost+1","Lamp+6","Moonlight","FeatherOfHonor+1","SecurityCode","BodiesMountain","WristCuter","Justitia","ParadiseLost","BlueStar","GrinderMk4+1","Beak+1"],"relics":["CogitoBucket","RabbitCall","LetterFromLob","Potion Belt","Vajra","MawBank","AspirationHeart","Calling Bell","Dream Catcher","Letter Opener","Du-Vu Doll","FossilizedHelix","Smiling Mask","Bag of Preparation","DemoMod:PoisonVial","DemoMod:ResourcefulSack","BehaviorAdjustment","Cursed Key","LuminousBracelet","AtMidnight","Molten Egg 2","DemoMod:Antibody","MealTicket","Lizard Tail","Twilight","Unceasing Top"],"acts_visited":["Exordium","TheCity","TheBeyond"],"potions_floor_usage":[50,50],"damage_taken":[{"damage":5,"enemies":"2 Louse","floor":1,"turns":2},{"damage":3,"enemies":"Small Slimes","floor":3,"turns":3},{"damage":5,"enemies":"Jaw Worm","floor":5,"turns":3},{"damage":39,"enemies":"Lagavulin","floor":6,"turns":8},{"damage":4,"enemies":"3 Louse","floor":7,"turns":3},{"damage":24,"enemies":"3 Sentries","floor":8,"turns":6},{"damage":19,"enemies":"Gremlin Gang","floor":14,"turns":4},{"damage":41,"enemies":"Hexaghost","floor":16,"turns":9},{"damage":21,"enemies":"3 Byrds","floor":18,"turns":4},{"damage":0,"enemies":"Spheric Guardian","floor":20,"turns":2},{"damage":7,"enemies":"Snake Plant","floor":21,"turns":2},{"damage":23,"enemies":"Slavers","floor":23,"turns":4},{"damage":15,"enemies":"Book of Stabbing","floor":25,"turns":3},{"damage":19,"enemies":"Slavers","floor":27,"turns":4},{"damage":26,"enemies":"Snecko","floor":28,"turns":2},{"damage":0,"enemies":"Centurion and Healer","floor":29,"turns":3},{"damage":0,"enemies":"Cultist and Chosen","floor":31,"turns":3},{"damage":8,"enemies":"Collector","floor":33,"turns":5},{"damage":3,"enemies":"3 Shapes","floor":35,"turns":2},{"damage":83,"enemies":"3 Darklings","floor":37,"turns":7},{"damage":0,"enemies":"Spire Growth","floor":38,"turns":2},{"damage":10,"enemies":"Jaw Worm Horde","floor":39,"turns":2},{"damage":4,"enemies":"Reptomancer","floor":40,"turns":3},{"damage":0,"enemies":"Giant Head","floor":42,"turns":6},{"damage":3,"enemies":"2 Orb Walkers","floor":44,"turns":3},{"damage":45,"enemies":"Reptomancer","floor":46,"turns":5},{"damage":9,"enemies":"Reptomancer","floor":48,"turns":3},{"damage":158,"enemies":"Time Eater","floor":50,"turns":7}],"seed_played":"7795840876394196395","potions_obtained":[{"floor":29,"key":"Dexterity Potion"},{"floor":39,"key":"Swift Potion"}],"is_trial":false,"path_per_floor":["M","?","M","$","M","E","M","E","T","R","?","R","?","M","R","B",null,"M","$","M","M","?","E","R","E","T","E","M","M","?","M","R","B",null,"M","?","M","M","M","E","R","E","T","?","R","E","?","E","R","B",null,null],"character_chosen":"Angela","items_purchased":["FossilizedHelix"],"campfire_rested":3,"item_purchase_floors":[19],"current_hp_per_floor":[65,65,62,62,57,18,20,2,2,23,39,39,39,30,54,19,80,63,63,73,66,66,51,77,62,62,59,42,62,62,82,82,91,92,92,92,60,82,88,103,103,111,111,105,105,105,105,105,105,36,36],"gold":648,"neow_bonus":"TRANSFORM_CARD","is_daily":false,"chose_seed":false,"campfire_upgraded":0,"win_rate":0.0,"timestamp":1607873900,"path_taken":["M","?","M","$","M","E","M","E","T","R","?","R","?","M","R","BOSS","M","$","M","M","?","E","R","E","T","E","M","M","?","M","R","BOSS","M","?","M","M","M","E","R","E","T","?","R","E","?","E","R","BOSS"],"items_purchased_type":["Relic"],"build_version":"2020-11-30","purchased_purges":1,"victory":true,"max_hp_per_floor":[70,70,70,70,70,70,70,70,70,70,70,70,70,80,80,80,80,84,84,88,88,88,88,88,88,88,92,92,92,92,92,92,92,92,92,92,111,111,111,111,111,111,111,105,105,105,105,105,105,105,105],"card_choices":[{"not_picked":["TodaysExpression"],"picked":"Discord","floor":1},{"not_picked":["WallGazer","FairyFestival"],"picked":"MeatLantern","floor":1},{"not_picked":["BlueScar","Horn"],"picked":"SKIP","floor":1},{"not_picked":["CUTE","Wingbeat"],"picked":"SKIP","floor":3},{"not_picked":["CUTE","Wingbeat"],"picked":"SKIP","floor":3},{"not_picked":["OldLady","Murderer"],"picked":"QueenOfHatred","floor":5},{"not_picked":["SomewhereSpear","Soda"],"picked":"SKIP","floor":5},{"not_picked":["FourthMatchFlame","CUTE"],"picked":"SKIP","floor":5},{"not_picked":["SnowQueen","Yin"],"picked":"VoidDream","floor":6},{"not_picked":["Beak"],"picked":"Hornet","floor":6},{"not_picked":["FourthMatchFlame"],"picked":"Logging","floor":6},{"not_picked":["Wingbeat","Hypocrisy"],"picked":"SKIP","floor":7},{"not_picked":["Regret_ego","RapturousDream"],"picked":"SKIP","floor":7},{"not_picked":["BeautyBeast","Variant"],"picked":"OldLady","floor":8},{"not_picked":["Pleasure","Regret_ego"],"picked":"SKIP","floor":8},{"not_picked":["Tough","FeatherOfHonor"],"picked":"SKIP","floor":14},{"not_picked":["FourthMatchFlame","Horn"],"picked":"SKIP","floor":14},{"not_picked":["CherryBlossoms","BeautyBeast"],"picked":"CrumblingArmor","floor":16},{"not_picked":["ParadiseLost"],"picked":"GoldRush","floor":16},{"not_picked":["ParadiseLost"],"picked":"Twilight","floor":16},{"not_picked":["MHz","OSAHOGD"],"picked":"PunishingBird","floor":18},{"not_picked":["GrinderMk4"],"picked":"ParadiseLost","floor":18},{"not_picked":["FeatherOfHonor+1","CUTE"],"picked":"SKIP","floor":18},{"not_picked":["MeltingLove","GalaxyChild"],"picked":"LongBird","floor":20},{"not_picked":["Soda+1","InTheNameOfLoveAndHate"],"picked":"SKIP","floor":20},{"not_picked":["BloodyDesire","Laetitia_ego"],"picked":"SKIP","floor":21},{"not_picked":["FourthMatchFlame"],"picked":"Lamp+1","floor":23},{"not_picked":["Heaven"],"picked":"Moonlight","floor":24},{"not_picked":["BearPaw+1"],"picked":"FeatherOfHonor+1","floor":25},{"not_picked":["LittlePrince","GreedKing"],"picked":"BodiesMountain","floor":27},{"not_picked":["Christmas"],"picked":"WristCuter","floor":27},{"not_picked":["CUTE","CrimsonScar"],"picked":"SKIP","floor":28},{"not_picked":["Diffraction","CUTE"],"picked":"SKIP","floor":29},{"not_picked":["SomewhereSpear","Beak"],"picked":"SKIP","floor":31},{"not_picked":["TheSmile"],"picked":"Justitia","floor":33},{"not_picked":["SoundOfStar"],"picked":"ParadiseLost","floor":33},{"not_picked":["SwordSharpenedByTears+1","RapturousDream"],"picked":"SKIP","floor":35},{"not_picked":["Laetitia","Freischutz"],"picked":"BlueStar","floor":37},{"not_picked":["Christmas","Amita+1"],"picked":"SKIP","floor":37},{"not_picked":["FourthMatchFlame","Horn"],"picked":"SKIP","floor":38},{"not_picked":["GreenStem+1","SolemnVow"],"picked":"SKIP","floor":39},{"not_picked":["CrimsonScar+1"],"picked":"GrinderMk4+1","floor":40},{"not_picked":["CENSORED","OSAHOGD","LaLuna"],"picked":"Singing Bowl","floor":42},{"not_picked":["MagicBullet+1","TodaysExpression+1","Laetitia_ego"],"picked":"SKIP","floor":42},{"not_picked":["Woodsman","BlackArmy"],"picked":"BigBird","floor":44},{"not_picked":["MagicBullet+1","Harvest+1"],"picked":"Beak+1","floor":44},{"not_picked":["CENSORED","Porccubus","DespairKnight"],"picked":"Singing Bowl","floor":46},{"not_picked":["SingingMachine","Scarecrow","SilentOrchestra"],"picked":"Singing Bowl","floor":48},{"not_picked":["Beak+1","Laetitia_ego+1","Discord+1"],"picked":"SKIP","floor":48}],"player_experience":214226,"relics_obtained":[{"floor":1,"key":"LetterFromLob"},{"floor":6,"key":"Potion Belt"},{"floor":8,"key":"Vajra"},{"floor":17,"key":"Dream Catcher"},{"floor":17,"key":"Letter Opener"},{"floor":17,"key":"Du-Vu Doll"},{"floor":23,"key":"Smiling Mask"},{"floor":25,"key":"Bag of Preparation"},{"floor":26,"key":"DemoMod:PoisonVial"},{"floor":27,"key":"DemoMod:ResourcefulSack"},{"floor":37,"key":"AtMidnight"},{"floor":40,"key":"Molten Egg 2"},{"floor":42,"key":"DemoMod:Antibody"},{"floor":43,"key":"MealTicket"},{"floor":44,"key":"Lizard Tail"},{"floor":46,"key":"Twilight"},{"floor":48,"key":"Unceasing Top"}],"event_choices":[{"cards_removed":["SpecialBullet"],"damage_healed":0,"gold_gain":0,"player_choice":"Card Removal","damage_taken":0,"max_hp_gain":0,"max_hp_loss":0,"event_name":"The Cleric","floor":2,"gold_loss":50},{"damage_healed":0,"gold_gain":0,"player_choice":"Searched \u00271\u0027 times","damage_taken":0,"relics_obtained":["MawBank"],"max_hp_gain":0,"max_hp_loss":0,"event_name":"Dead Adventurer","floor":13,"gold_loss":0},{"damage_healed":0,"gold_gain":0,"player_choice":"Upgraded","damage_taken":0,"max_hp_gain":0,"max_hp_loss":0,"event_name":"Upgrade Shrine","floor":22,"gold_loss":0,"cards_upgraded":["ParadiseLost"]},{"damage_healed":0,"gold_gain":99,"player_choice":"Stole From Cult","damage_taken":0,"max_hp_gain":0,"max_hp_loss":0,"event_name":"Nest","floor":30,"gold_loss":0},{"damage_healed":0,"gold_gain":0,"player_choice":"Fight","damage_taken":0,"max_hp_gain":0,"max_hp_loss":0,"event_name":"Mysterious Sphere","floor":44,"gold_loss":0},{"cards_removed":["Regret_ego"],"damage_healed":0,"gold_gain":0,"player_choice":"Removed Power","damage_taken":0,"max_hp_gain":0,"max_hp_loss":0,"event_name":"Falling","floor":47,"gold_loss":0}],"is_beta":false,"boss_relics":[{"not_picked":["construct:ClawGrip","Snecko Eye"],"picked":"Calling Bell"},{"not_picked":["Busted Crown","Astrolabe"],"picked":"Cursed Key"}],"items_purged_floors":[19],"is_endless":false,"potions_floor_spawned":[29,39],"ascension_level":1}}