{"host":"jak4ncvfzor9mys0","time":1607876744,"event":{"mods":["2.2 Compatiblity","AchievementEnabler","BaseMod","Better Altar","Better Match","Better Note","Better Sensory Stone","Better Skull","Better Third Choice","BetterRewards","Block Reminder","Colored Map","Colored Powertips","Energized Spire","Gold Saver","Hubris","Infinite Spire","Key Reminder","Minty Spire (QoL Compilation)","Rare Cards Sparkle","Red Circlet Mod","Relic Sorter","Relic Stats","Replay The Spire","Retaliation","StSLib","SuperFastMode","The Blue Laboratory"],"gold_per_floor":[299,299,317,317,16,16,35,1,1,11,25,38,38,72,72,172,172,186,186,186,202,218,143,143,143],"floor_reached":24,"playtime":641,"items_purged":["Defend_P"],"score":248,"play_id":"c3d1238e-cb92-4add-8a7e-9b193278c09b","local_time":"20201213082544","is_ascension_mode":false,"campfire_choices":[{"data":"Eruption","floor":6,"key":"SMITH"},{"data":"ReachHeaven","floor":13,"key":"SMITH"},{"floor":15,"key":"REST"}],"circlet_count":0,"master_deck":["Strike_P","Defend_P","Defend_P","Defend_P","Eruption+1","Vigilance","Good Instincts","FlyingSleeves","BowlingBash","Conclude","ReachHeaven+1","Perseverance","SandsOfTime","Consecrate+1","EmptyBody+1"],"relics":["PureWater","Ice Cream","Regal Pillow","HornCleat","Empty Cage"],"acts_visited":["Exordium","TheCity"],"potions_floor_usage":[22,24],"damage_taken":[{"damage":0,"enemies":"Cultist","floor":1,"turns":3},{"damage":1,"enemies":"2 Louse","floor":3,"turns":3},{"damage":3,"enemies":"Jaw Worm","floor":7,"turns":2},{"damage":8,"enemies":"Exordium Thugs","floor":10,"turns":3},{"damage":0,"enemies":"Large Slime","floor":11,"turns":3},{"damage":2,"enemies":"Lots of Slimes","floor":12,"turns":2},{"damage":4,"enemies":"3 Sentries","floor":14,"turns":4},{"damage":0,"enemies":"Slime Boss","floor":16,"turns":3},{"damage":0,"enemies":"Spheric Guardian","floor":18,"turns":3},{"damage":0,"enemies":"3 Byrds","floor":21,"turns":3},{"damage":17,"enemies":"Shelled Parasite and Fungi","floor":22,"turns":3},{"damage":57,"enemies":"Nightmare","floor":24,"turns":5}],"seed_played":"-1055007414207104200","potions_obtained":[{"floor":3,"key":"DistilledChaos"},{"floor":12,"key":"Toxic Potion"},{"floor":20,"key":"blueLaboratory:FrostheartPotion"},{"floor":20,"key":"DuplicationPotion"},{"floor":20,"key":"Reflective Coating"},{"floor":22,"key":"Energy Potion"}],"is_trial":false,"path_per_floor":["M","?","M","?","$","R","M","$","T","M","M","M","R","E","R","B",null,"M","$","?","M","M","$","NM"],"character_chosen":"WATCHER","items_purchased":["Ice Cream","Conclude"],"campfire_rested":1,"item_purchase_floors":[5,8],"current_hp_per_floor":[72,65,64,64,64,64,61,61,61,53,53,51,51,47,72,72,72,72,72,72,72,55,55,0,0],"gold":143,"neow_bonus":"RANDOM_COLORLESS","is_daily":false,"chose_seed":false,"campfire_upgraded":2,"win_rate":0.0,"timestamp":1607876744,"path_taken":["M","?","M","?","$","R","M","$","T","?","M","M","R","E","R","BOSS","M","$","?","M","M","$","NM"],"items_purchased_type":["Relic","Card"],"build_version":"2020-11-30","purchased_purges":1,"victory":false,"max_hp_per_floor":[72,72,72,72,72,72,72,72,72,72,72,72,72,72,72,72,72,72,72,72,72,72,72,72,72],"relic_stats":{"Regal Pillow":4,"counters":[12,37],"obtain_stats":[{"Ice Cream":5,"Regal Pillow":9,"HornCleat":14,"PureWater":0,"Empty Cage":17},{"Ice Cream":2,"Regal Pillow":3,"HornCleat":7,"PureWater":0,"Empty Cage":8},{"Ice Cream":6,"Regal Pillow":8,"HornCleat":20,"PureWater":0,"Empty Cage":23}]},"card_choices":[{"not_picked":["Survey Options","Enlightenment"],"picked":"Good Instincts","floor":0},{"not_picked":["ClearTheMind","EmptyFist"],"picked":"FlyingSleeves","floor":1},{"not_picked":["Protect","FollowUp"],"picked":"BowlingBash","floor":3},{"not_picked":["CutThroughFate","Replay:AtTheReady","Prostrate"],"picked":"SKIP","floor":7},{"not_picked":["Replay:BluntJabs","Evaluate"],"picked":"ReachHeaven","floor":10},{"not_picked":["BowlingBash","MentalFortress"],"picked":"Perseverance","floor":11},{"not_picked":["Replay:ManipulateFuture","Crescendo"],"picked":"SandsOfTime","floor":12},{"not_picked":["Replay:ManipulateFuture","Nirvana","FlyingSleeves"],"picked":"SKIP","floor":14},{"not_picked":["WheelKick","Replay:Anticipation"],"picked":"Consecrate+1","floor":18},{"not_picked":["FollowUp","Halt","SashWhip"],"picked":"SKIP","floor":21},{"not_picked":["Protect","Collect"],"picked":"EmptyBody+1","floor":22}],"player_experience":2581458,"relics_obtained":[{"floor":9,"key":"Regal Pillow"},{"floor":14,"key":"HornCleat"}],"event_choices":[{"cards_removed":["Strike_P"],"damage_healed":0,"gold_gain":0,"player_choice":"Card Removal","damage_taken":7,"max_hp_gain":0,"max_hp_loss":0,"event_name":"Golden Wing","floor":2,"gold_loss":0},{"cards_removed":["Strike_P"],"damage_healed":0,"gold_gain":0,"player_choice":"Give","damage_taken":0,"max_hp_gain":0,"max_hp_loss":0,"event_name":"betterNote:BetterNote","floor":4,"gold_loss":0,"cards_obtained":["Strike_B"]},{"damage_healed":0,"gold_gain":0,"player_choice":"Got Potions","damage_taken":0,"max_hp_gain":0,"max_hp_loss":0,"event_name":"Lab","floor":20,"gold_loss":0}],"is_beta":false,"boss_relics":[{"not_picked":["Replay:Grab Bag","energizedSpire:EnergizedDie"],"picked":"Empty Cage"}],"items_purged_floors":[23],"is_endless":false,"potions_floor_spawned":[3,12,22],"killed_by":"Nightmare","ascension_level":0}}