{"host":"mszes4kzl3qk0fcx","time":1607834740,"event":{"mods":["BaseMod","Minty Spire (QoL Compilation)","StSLib","The Administrix","The Animator"],"gold_per_floor":[121,121,121,121,146,189,225,225,248,248,298,311,311,330,330,471,471,495,455,469,493,493,543,559,559,559,559,559],"floor_reached":27,"playtime":2388,"items_purged":[],"score":255,"play_id":"45bc27ab-8d68-4565-8baa-a883df2389a3","local_time":"20201212234540","is_ascension_mode":true,"campfire_choices":[{"floor":8,"key":"REST"},{"floor":13,"key":"REST"},{"data":"animator:Demiurge","floor":15,"key":"SMITH"},{"data":"animator:Geryuganshoop","floor":25,"key":"SMITH"}],"circlet_count":0,"master_deck":["animator:Strike_Overlord","animator:Defend_Overlord","animator:Strike+1","animator:Strike","animator:Strike","animator:Defend+1","animator:Defend","animator:Defend","animator:Cocytus","animator:Demiurge+1","animator:CrowleyEusford","animator:HiiragiShinya","animator:GoblinSlayer","animator:Shalltear","animator:Shion","animator:Shalltear+1","animator:Millim","animator:FeridBathory","animator:Sebas","animator:Shalltear+1","animator:Geryuganshoop+1","animator:Evileye","animator:PandorasActor"],"relics":["animator:LivingPicture","animator:TheMissingPiece","Golden Idol","CloakClasp","CultistMask","animator:EngravedStaff","Tiny Chest","FossilizedHelix","Mark of Pain","animator:HallowedScabbard","Ancient Tea Set"],"acts_visited":["Exordium","TheCity"],"potions_floor_usage":[5,6,6,7,11,20,21],"damage_taken":[{"damage":3,"enemies":"Small Slimes","floor":1,"turns":3},{"damage":0,"enemies":"Jaw Worm","floor":5,"turns":3},{"damage":12,"enemies":"Lagavulin","floor":6,"turns":6},{"damage":6,"enemies":"2 Louse","floor":7,"turns":2},{"damage":2,"enemies":"3 Sentries","floor":11,"turns":4},{"damage":0,"enemies":"Red Slaver","floor":12,"turns":4},{"damage":0,"enemies":"3 Louse","floor":14,"turns":2},{"damage":25,"enemies":"Hexaghost","floor":16,"turns":13},{"damage":0,"enemies":"Shell Parasite","floor":18,"turns":5},{"damage":11,"enemies":"Spheric Guardian","floor":20,"turns":6},{"damage":0,"enemies":"Cultist and Chosen","floor":21,"turns":8},{"damage":8,"enemies":"Slavers","floor":23,"turns":4},{"damage":7,"enemies":"Snake Plant","floor":24,"turns":4},{"damage":61,"enemies":"Gremlin Leader","floor":27,"turns":6}],"seed_played":"7012720686452769651","potions_obtained":[{"floor":0,"key":"FearPotion"},{"floor":0,"key":"PowerPotion"},{"floor":0,"key":"Fire Potion"},{"floor":5,"key":"Block Potion"},{"floor":6,"key":"Ancient Potion"},{"floor":7,"key":"AttackPotion"},{"floor":18,"key":"Energy Potion"}],"is_trial":false,"path_per_floor":["M","?","?","?","M","E","M","R","T","?","E","M","R","M","R","B",null,"M","?","M","M","T","E","M","R","T","E"],"character_chosen":"THE_ANIMATOR","items_purchased":[],"campfire_rested":2,"item_purchase_floors":[],"current_hp_per_floor":[63,47,35,35,36,24,18,38,38,25,23,23,43,44,44,19,68,69,69,58,58,58,50,44,44,44,0,0],"gold":559,"neow_bonus":"THREE_SMALL_POTIONS","is_daily":false,"chose_seed":false,"campfire_upgraded":2,"win_rate":0.0,"timestamp":1607834740,"path_taken":["M","?","?","?","?","E","M","R","T","?","E","M","R","M","R","BOSS","M","?","M","?","?","E","M","R","T","E"],"items_purchased_type":[],"build_version":"2020-11-30","purchased_purges":0,"victory":false,"max_hp_per_floor":[66,66,66,66,67,67,67,67,67,67,67,67,67,68,68,68,68,69,69,69,69,69,69,70,70,70,70,70],"card_choices":[{"not_picked":["animator:Shinoa","animator:Mitsuba"],"picked":"animator:CrowleyEusford","floor":1},{"not_picked":["animator:Tatsumaki","animator:Spearman"],"picked":"animator:HiiragiShinya","floor":5},{"not_picked":["animator:SilverFang","animator:AcuraAkari"],"picked":"animator:GoblinSlayer","floor":6},{"not_picked":["animator:PandorasActor","animator:Entoma"],"picked":"animator:Shalltear","floor":7},{"not_picked":["animator:Yuuichirou","animator:ChaikaBohdan"],"picked":"animator:Shion","floor":11},{"not_picked":["animator:MumenRider","animator:Ciel"],"picked":"animator:Shalltear","floor":12},{"not_picked":["animator:Tatsumaki","animator:HiiragiShinya"],"picked":"animator:Millim","floor":14},{"not_picked":["animator:Boros","animator:Shizu"],"picked":"animator:FeridBathory","floor":16},{"not_picked":["animator:Shalltear","animator:NarberalGamma"],"picked":"animator:Sebas","floor":18},{"not_picked":["animator:CowGirl+1","animator:Raven"],"picked":"animator:Shalltear+1","floor":20},{"not_picked":["animator:Genos","animator:Rena"],"picked":"animator:Geryuganshoop","floor":21},{"not_picked":["animator:Priestess","animator:AcuraTooru"],"picked":"animator:Evileye","floor":23},{"not_picked":["animator:Entoma","animator:Demiurge"],"picked":"animator:PandorasActor","floor":24}],"player_experience":501276,"relics_obtained":[{"floor":6,"key":"animator:EngravedStaff"},{"floor":9,"key":"Tiny Chest"},{"floor":11,"key":"FossilizedHelix"},{"floor":22,"key":"animator:HallowedScabbard"},{"floor":23,"key":"Ancient Tea Set"}],"event_choices":[{"damage_healed":0,"gold_gain":0,"player_choice":"Take Damage","damage_taken":16,"relics_obtained":["Golden Idol"],"max_hp_gain":0,"max_hp_loss":0,"event_name":"Golden Idol","floor":2,"gold_loss":0},{"damage_healed":0,"gold_gain":0,"player_choice":"Success","damage_taken":12,"relics_obtained":["CloakClasp"],"max_hp_gain":0,"max_hp_loss":0,"event_name":"Scrap Ooze","floor":3,"gold_loss":0},{"damage_healed":0,"gold_gain":0,"player_choice":"Trade","damage_taken":0,"relics_obtained":["CultistMask"],"max_hp_gain":0,"max_hp_loss":0,"event_name":"FaceTrader","floor":4,"gold_loss":0},{"damage_healed":0,"gold_gain":0,"player_choice":"Entered Light","damage_taken":13,"max_hp_gain":0,"max_hp_loss":0,"event_name":"Shining Light","floor":10,"gold_loss":0,"cards_upgraded":["animator:Defend","animator:Strike"]},{"damage_healed":0,"gold_gain":0,"player_choice":"Upgrade","damage_taken":0,"max_hp_gain":0,"max_hp_loss":0,"event_name":"Designer","floor":19,"gold_loss":40,"cards_upgraded":["animator:Shalltear"]}],"is_beta":false,"boss_relics":[{"not_picked":["Runic Dome","Black Star"],"picked":"Mark of Pain"}],"items_purged_floors":[],"is_endless":false,"potions_floor_spawned":[5,6,7,18],"killed_by":"Gremlin Leader","ascension_level":1}}