{"host":"ifd7sfhtlbe34qll","time":1607825173,"event":{"mods":["2.2 Compatiblity","BaseMod","Bestiary","Block Reminder","Colored Map","Filter the Spire","Highlight Path","Minty Spire (QoL Compilation)","Potion Indicator Mod","Quick Restart","Random Character Button","Relic Stats","StSLib"],"gold_per_floor":[111,111,121,196,210,244,244,244,244,274,7,21,33,65,65,141,141,158,169,182,9,59,92,106,138,138,138,152,184,40,56,56,135,135,148,56,76,76,88,120,120,148,175,175,175,202,202,202,202,202,202,202,202,13,43,43,43],"floor_reached":56,"playtime":2597,"items_purged":["Strike_P","Strike_P"],"score":2126,"play_id":"25bcc111-4935-473c-9b8c-7ac10bc06b0a","local_time":"20201212200613","is_ascension_mode":true,"campfire_choices":[{"data":"EmptyFist","floor":8.0,"key":"SMITH"},{"data":"Ragnarok","floor":15.0,"key":"SMITH"},{"data":"TalkToTheHand","floor":27.0,"key":"SMITH"},{"data":"Vigilance","floor":32.0,"key":"SMITH"},{"floor":41,"key":"REST"},{"floor":47,"key":"RECALL"},{"floor":49,"key":"REST"},{"floor":53,"key":"REST"}],"circlet_count":0,"master_deck":["AscendersBane","Strike_P+1","Strike_P+1","Defend_P+1","Defend_P+1","Defend_P+1","Eruption+1","Vigilance+1","Protect+1","CrushJoints+1","EmptyFist+1","Vengeance+1","CarveReality+1","Ragnarok+1","Conclude+1","CutThroughFate+1","Omniscience+1","Consecrate+1","Tantrum+1","TalkToTheHand+1","JustLucky+1","CutThroughFate+1","WreathOfFlame+1","LikeWater+1","Consecrate+1","FlurryOfBlows+1","EmptyMind+1","Madness+1","Madness+1","FollowUp+1","LikeWater+1","Wireheading+1","DeceiveReality+1"],"relics":["PureWater","Incense Burner","TeardropLocket","Shuriken","Potion Belt","Meat on the Bone","Runic Pyramid","Medical Kit","StrikeDummy","Whetstone","The Courier","Juzu Bracelet","Busted Crown","Singing Bowl","Unceasing Top","Mark of the Bloom","Ancient Tea Set","CaptainsWheel"],"acts_visited":["Exordium","TheCity","TheBeyond","TheEnding"],"potions_floor_usage":[40,51,51,55,56],"damage_taken":[{"damage":14.0,"enemies":"Jaw Worm","floor":1.0,"turns":5.0},{"damage":1.0,"enemies":"Small Slimes","floor":3.0,"turns":3.0},{"damage":0.0,"enemies":"Cultist","floor":5.0,"turns":5.0},{"damage":5.0,"enemies":"3 Sentries","floor":6.0,"turns":8.0},{"damage":1.0,"enemies":"Lagavulin","floor":10.0,"turns":4.0},{"damage":0.0,"enemies":"Blue Slaver","floor":12.0,"turns":3.0},{"damage":0.0,"enemies":"Exordium Thugs","floor":13.0,"turns":4.0},{"damage":10.0,"enemies":"3 Sentries","floor":14.0,"turns":7.0},{"damage":5.0,"enemies":"The Guardian","floor":16.0,"turns":7.0},{"damage":0.0,"enemies":"Chosen","floor":18.0,"turns":3.0},{"damage":4.0,"enemies":"3 Byrds","floor":19.0,"turns":2.0},{"damage":0.0,"enemies":"Sentry and Sphere","floor":20.0,"turns":2.0},{"damage":2.0,"enemies":"Book of Stabbing","floor":23.0,"turns":2.0},{"damage":0.0,"enemies":"Cultist and Chosen","floor":24.0,"turns":2.0},{"damage":0.0,"enemies":"Gremlin Leader","floor":25.0,"turns":3.0},{"damage":0.0,"enemies":"Snecko","floor":28.0,"turns":2.0},{"damage":7.0,"enemies":"Book of Stabbing","floor":29.0,"turns":2.0},{"damage":27.0,"enemies":"Shelled Parasite and Fungi","floor":31.0,"turns":8.0},{"damage":31.0,"enemies":"Automaton","floor":33.0,"turns":6.0},{"damage":19.0,"enemies":"3 Shapes","floor":35.0,"turns":6.0},{"damage":0.0,"enemies":"Orb Walker","floor":37.0,"turns":2.0},{"damage":13,"enemies":"4 Shapes","floor":39,"turns":4},{"damage":24,"enemies":"Reptomancer","floor":40,"turns":4},{"damage":0,"enemies":"Nemesis","floor":42,"turns":3},{"damage":0,"enemies":"Giant Head","floor":46,"turns":3},{"damage":11,"enemies":"Donu and Deca","floor":50,"turns":5},{"damage":53,"enemies":"Awakened One","floor":51,"turns":7},{"damage":4,"enemies":"Shield and Spear","floor":55,"turns":3},{"damage":52,"enemies":"The Heart","floor":56,"turns":2}],"seed_played":"632301686246947756","potions_obtained":[{"floor":5.0,"key":"BlessingOfTheForge"},{"floor":10.0,"key":"DistilledChaos"},{"floor":14.0,"key":"Explosive Potion"},{"floor":16.0,"key":"DistilledChaos"},{"floor":20.0,"key":"LiquidMemories"},{"floor":24.0,"key":"FairyPotion"},{"floor":25.0,"key":"SteroidPotion"},{"floor":29.0,"key":"StancePotion"},{"floor":37,"key":"SpeedPotion"},{"floor":40,"key":"Energy Potion"},{"floor":55,"key":"StancePotion"}],"is_trial":false,"path_per_floor":["M","?","M","?","M","E","?","R","T","E","$","M","M","E","R","B",null,"M","M","M","$","?","E","M","E","T","R","M","E","$","M","R","B",null,"M","$","M","?","M","E","R","E","T","?","?","E","R","?","R","B","B",null,"R","$","E","B"],"character_chosen":"WATCHER","items_purchased":["CarveReality","Fruit Juice","Medical Kit","LikeWater","FlurryOfBlows","EmptyMind","SneckoOil","Energy Potion","EssenceOfSteel"],"campfire_rested":3,"item_purchase_floors":[11,11,21,30,36,36,54,54,54],"current_hp_per_floor":[47,47,46,35,35,30,30,30,30,29,29,29,29,19,19,26,53,53,49,49,49,49,47,47,47,47,47,47,40,40,25,30,32,58,39,39,39,27,26,16,36,36,36,69,69,69,69,69,69,58,5,5,5,5,1,0,0],"gold":43,"neow_bonus":"ONE_RARE_RELIC","is_daily":false,"chose_seed":false,"campfire_upgraded":4,"win_rate":0.0,"timestamp":1607825173,"path_taken":["M","?","M","?","M","E","?","R","T","E","$","?","M","E","R","BOSS","M","M","M","$","?","E","M","E","T","R","M","E","?","M","R","BOSS","M","$","M","?","M","E","R","E","T","?","?","E","R","?","R","BOSS","BOSS","R","$","E","BOSS"],"items_purchased_type":["Card","Potion","Relic","Card","Card","Card","Potion","Potion","Potion"],"build_version":"2020-11-30","purchased_purges":2,"victory":false,"max_hp_per_floor":[62,62,62,62,62,62,62,62,62,62,62,62,62,62,62,62,62,62,62,62,62,62,62,62,62,62,62,62,62,62,62,67,67,67,67,67,67,67,67,69,69,69,69,69,69,69,69,71,71,71,71,71,71,71,71,71,71],"relic_stats":{"Mark of the Bloom":118,"Busted Crown":18,"Singing Bowl":4,"counters":[29,117],"Shuriken":[52],"Juzu Bracelet":1,"Whetstone":["Consecrate","CrushJoints"],"Medical Kit":[2],"obtain_stats":[{"Potion Belt":10,"Mark of the Bloom":45,"Singing Bowl":40,"The Courier":26,"Incense Burner":0,"Juzu Bracelet":29,"TeardropLocket":6,"Whetstone":25,"Medical Kit":21,"Ancient Tea Set":46,"CaptainsWheel":55,"Busted Crown":34,"Shuriken":9,"PureWater":0,"StrikeDummy":23,"Unceasing Top":42,"Meat on the Bone":14,"Runic Pyramid":17},{"Potion Belt":5,"Mark of the Bloom":24,"Singing Bowl":23,"The Courier":15,"Incense Burner":0,"Juzu Bracelet":17,"TeardropLocket":4,"Whetstone":15,"Medical Kit":12,"Ancient Tea Set":25,"CaptainsWheel":28,"Busted Crown":19,"Shuriken":4,"PureWater":0,"StrikeDummy":13,"Unceasing Top":24,"Meat on the Bone":8,"Runic Pyramid":9},{"Potion Belt":25,"Mark of the Bloom":97,"Singing Bowl":94,"The Courier":60,"Incense Burner":0,"Juzu Bracelet":64,"TeardropLocket":21,"Whetstone":60,"Medical Kit":53,"Ancient Tea Set":100,"CaptainsWheel":115,"Busted Crown":78,"Shuriken":21,"PureWater":0,"StrikeDummy":55,"Unceasing Top":97,"Meat on the Bone":39,"Runic Pyramid":46}],"Unceasing Top":[0],"Meat on the Bone":60},"card_choices":[{"not_picked":["EmptyBody","PathToVictory"],"picked":"Protect","floor":1.0},{"not_picked":["Evaluate","Protect","WreathOfFlame"],"picked":"SKIP","floor":3.0},{"not_picked":["FlyingSleeves","EmptyBody"],"picked":"CrushJoints","floor":5.0},{"not_picked":["Nirvana","Worship"],"picked":"EmptyFist","floor":6.0},{"not_picked":["Prostrate","EmptyFist"],"picked":"Vengeance","floor":10.0},{"not_picked":["PathToVictory","Swivel"],"picked":"Ragnarok","floor":12.0},{"not_picked":["Weave","ThirdEye"],"picked":"Conclude","floor":13.0},{"not_picked":["Prostrate","JustLucky"],"picked":"CutThroughFate","floor":14.0},{"not_picked":["ConjureBlade","Alpha"],"picked":"Omniscience","floor":16.0},{"not_picked":["Fasting2","Vengeance","ClearTheMind"],"picked":"SKIP","floor":18.0},{"not_picked":["PathToVictory","Crescendo"],"picked":"Consecrate","floor":19.0},{"not_picked":["Fasting2","Conclude"],"picked":"Tantrum","floor":20.0},{"not_picked":["Protect","Perseverance"],"picked":"TalkToTheHand","floor":23.0},{"not_picked":["EmptyBody","Ragnarok"],"picked":"JustLucky","floor":24.0},{"not_picked":["EmptyBody","BowlingBash+1"],"picked":"CutThroughFate+1","floor":25.0},{"not_picked":["Fasting2","Conclude","SashWhip"],"picked":"SKIP","floor":28.0},{"not_picked":["MentalFortress","EmptyFist"],"picked":"WreathOfFlame","floor":29.0},{"not_picked":["Adaptation","PathToVictory"],"picked":"Consecrate+1","floor":31.0},{"not_picked":["Perseverance"],"picked":"SKIP","floor":35.0},{"not_picked":["Protect"],"picked":"SKIP","floor":37},{"not_picked":[],"picked":"FollowUp","floor":39},{"not_picked":["Adaptation"],"picked":"Singing Bowl","floor":40},{"not_picked":[],"picked":"LikeWater+1","floor":42},{"not_picked":[],"picked":"Wireheading+1","floor":46},{"not_picked":["Impatience"],"picked":"Singing Bowl","floor":48},{"not_picked":[],"picked":"DeceiveReality+1","floor":55}],"player_experience":1412238,"relics_obtained":[{"floor":6.0,"key":"TeardropLocket"},{"floor":9.0,"key":"Shuriken"},{"floor":10.0,"key":"Potion Belt"},{"floor":14.0,"key":"Meat on the Bone"},{"floor":23.0,"key":"StrikeDummy"},{"floor":25.0,"key":"Whetstone"},{"floor":26.0,"key":"The Courier"},{"floor":29.0,"key":"Juzu Bracelet"},{"floor":40,"key":"Singing Bowl"},{"floor":42,"key":"Unceasing Top"},{"floor":46,"key":"Ancient Tea Set"},{"floor":55,"key":"CaptainsWheel"}],"event_choices":[{"damage_healed":0.0,"max_hp_gain":0.0,"max_hp_loss":0.0,"gold_gain":0.0,"event_name":"Liars Game","player_choice":"Ignored","floor":2.0,"gold_loss":0.0,"damage_taken":0.0},{"damage_healed":0.0,"max_hp_gain":0.0,"max_hp_loss":0.0,"gold_gain":75.0,"event_name":"World of Goop","player_choice":"Gather Gold","floor":4.0,"gold_loss":0.0,"damage_taken":11.0},{"cards_removed":["Defend_P"],"damage_healed":0.0,"max_hp_gain":0.0,"max_hp_loss":0.0,"gold_gain":0.0,"event_name":"Purifier","player_choice":"Purged","floor":7.0,"gold_loss":0.0,"damage_taken":0.0},{"damage_healed":0.0,"max_hp_gain":0.0,"max_hp_loss":0.0,"gold_gain":50.0,"event_name":"Golden Shrine","player_choice":"Pray","floor":22.0,"gold_loss":0.0,"damage_taken":0.0},{"damage_healed":0,"gold_gain":0,"player_choice":"Embrace Madness","damage_taken":12,"max_hp_gain":0,"max_hp_loss":0,"event_name":"Winding Halls","floor":38,"gold_loss":0,"cards_obtained":["Madness","Madness"]},{"damage_healed":33,"gold_gain":0,"player_choice":"Full Heal","damage_taken":0,"max_hp_gain":0,"max_hp_loss":0,"event_name":"Wheel of Change","floor":44,"gold_loss":0},{"damage_healed":0,"gold_gain":0,"player_choice":"Upgrade","damage_taken":0,"relics_obtained":["Mark of the Bloom"],"max_hp_gain":0,"max_hp_loss":0,"event_name":"MindBloom","floor":45,"gold_loss":0,"cards_upgraded":["Strike_P","Strike_P","Defend_P","Defend_P","Defend_P","Eruption","Protect","Vengeance","CarveReality","Conclude","CutThroughFate","Omniscience","Tantrum","JustLucky","WreathOfFlame","LikeWater","FlurryOfBlows","EmptyMind","Madness","Madness","FollowUp"]},{"damage_healed":0,"gold_gain":0,"player_choice":"Memory 1","damage_taken":0,"max_hp_gain":0,"max_hp_loss":0,"event_name":"SensoryStone","floor":48,"gold_loss":0}],"is_beta":false,"boss_relics":[{"not_picked":["Coffee Dripper","Empty Cage"],"picked":"Runic Pyramid"},{"not_picked":["VioletLotus","HolyWater"],"picked":"Busted Crown"}],"items_purged_floors":[11,30],"is_endless":false,"potions_floor_spawned":[5,10,14,16,20,24,25,29,37,40,55],"killed_by":"The Heart","ascension_level":20}}