{"host":"btkahjvw3wdsn6lk","time":1609261300,"event":{"mods":["ATMod(阿瑾Mod)","Act Like it!","BaseMod","Dota2Spire","Gensokyo","Highlight Path","Minty Spire (QoL Compilation)","RumiaBox-露米娅的神秘盒子","Spicy Shops","StSLib","The Alterego"],"gold_per_floor":[117,128,14,24,42,42,224,253,289,301,326,368,397,419,431,543,555,582,576,207,207,207,207,222,248,248,248,0,0,31,49,49,145,145,155,165,181,201,76,76,76,96,120,120,120,120,138,675,675,675,675,675,68,97,97],"floor_reached":56,"playtime":4138,"items_purged":["alterego_mod:Strike","alterego_mod:Strike","alterego_mod:Defend","alterego_mod:Punishment","alterego_mod:Skirt","alterego_mod:Defend"],"score":1426,"play_id":"9b0f2bb0-6020-44f2-afe9-a05d00148280","local_time":"20201230010140","is_ascension_mode":true,"campfire_choices":[{"data":"AT_KingSlayer","floor":6.0,"key":"SMITH"},{"data":"alterego_mod:Bunnysuit","floor":15.0,"key":"SMITH"},{"data":"alterego_mod:IdEs","floor":23.0,"key":"SMITH"},{"data":"alterego_mod:TrashNCrash","floor":29,"key":"SMITH"},{"data":"alterego_mod:Nekomimi","floor":32,"key":"SMITH"},{"floor":40,"key":"RECALL"},{"data":"alterego_mod:BigMeatyClaws","floor":44,"key":"SMITH"},{"data":"alterego_mod:Cooking","floor":46,"key":"SMITH"},{"data":"alterego_mod:Palingenesis","floor":49,"key":"SMITH"},{"data":"alterego_mod:BrynhildrsRune","floor":52,"key":"SMITH"}],"circlet_count":0,"master_deck":["alterego_mod:Defend","alterego_mod:Impale+1","alterego_mod:BigMeatyClaws+1","alterego_mod:BrynhildrsRune+1","AT_KingSlayer+1","alterego_mod:TrashNCrash+1","alterego_mod:SakuraLabyrinth+1","alterego_mod:MaintainEyeContact+1","alterego_mod:Nekomimi+1","alterego_mod:Bunnysuit+1","alterego_mod:IdEs+1","alterego_mod:Palingenesis+1","alterego_mod:BreastValley+1","alterego_mod:ChallengeComplete+1","alterego_mod:BeGentle+1","alterego_mod:Cushion+1","alterego_mod:BeGentle+1","alterego_mod:Cooking+1","alterego_mod:Birthday+1"],"relics":["alterego_mod:MasochisticConstitution","AT_ATBox","Nunchaku","MawBank","AT_BladeRuinedKing","Bag of Marbles","Dota2Spire:RefresherOrb","AT_RedTearstoneRing","Lee\u0027s Waffle","FossilizedHelix","AT_SilvercatRing","AT_BellDemon","Boot","Bottled Tornado","Dota2Spire:DrumOfEndurance","Dota2Spire:LotusOrb","SoulBox","Omamori","CaptainsWheel","Strawberry","AT_ImmortalShieldbow","AT_ArchangelStaff","Bag of Preparation","Thread and Needle","Blood Vial","InkBottle","Toy Ornithopter","Incense Burner","Dota2Spire:PowerTreads"],"acts_visited":["Exordium","TheCity","TheBeyond","TheEnding"],"potions_floor_usage":[55,55,55],"damage_taken":[{"damage":5.0,"enemies":"Gensokyo:3_Fairies","floor":1.0,"turns":6.0},{"damage":10.0,"enemies":"Gensokyo:Python","floor":2.0,"turns":6.0},{"damage":8.0,"enemies":"Gensokyo:Gryphon","floor":4.0,"turns":8.0},{"damage":35.0,"enemies":"Gensokyo:2_Rabbits","floor":5.0,"turns":8.0},{"damage":72.0,"enemies":"Gensokyo:Cirno","floor":7.0,"turns":10.0},{"damage":10.0,"enemies":"Gensokyo:CorruptedTreant","floor":8.0,"turns":3.0},{"damage":0.0,"enemies":"Gensokyo:VengefulSpirit","floor":11.0,"turns":5.0},{"damage":11.0,"enemies":"Gensokyo:Mamizou","floor":12.0,"turns":5.0},{"damage":14.0,"enemies":"Gensokyo:LivingMonolith","floor":13.0,"turns":4.0},{"damage":6.0,"enemies":"Gensokyo:Python_and_Kodama","floor":14.0,"turns":3.0},{"damage":0.0,"enemies":"Gensokyo:Yukari","floor":16.0,"turns":2.0},{"damage":0.0,"enemies":"Chosen","floor":18.0,"turns":4.0},{"damage":15.0,"enemies":"2 Thieves","floor":19.0,"turns":4.0},{"damage":21.0,"enemies":"Snake Plant","floor":24.0,"turns":4.0},{"damage":22.0,"enemies":"Book of Stabbing","floor":25.0,"turns":4.0},{"damage":45,"enemies":"Slavers","floor":30,"turns":5},{"damage":0,"enemies":"Snecko","floor":31,"turns":1},{"damage":18,"enemies":"Automaton","floor":33,"turns":3},{"damage":14,"enemies":"3 Shapes","floor":35,"turns":4},{"damage":20,"enemies":"3 Darklings","floor":36,"turns":5},{"damage":0,"enemies":"Sphere and 2 Shapes","floor":37,"turns":2},{"damage":14,"enemies":"Writhing Mass","floor":38,"turns":3},{"damage":0,"enemies":"Maw","floor":42,"turns":1},{"damage":0,"enemies":"Sphere and 2 Shapes","floor":47,"turns":2},{"damage":0,"enemies":"Time Eater","floor":50,"turns":2},{"damage":0,"enemies":"Shield and Spear","floor":54,"turns":2},{"damage":13,"enemies":"The Heart","floor":55,"turns":4}],"seed_played":"3713811453283723239","potions_obtained":[{"floor":7.0,"key":"Dota2Spire:HealingSalve"},{"floor":8.0,"key":"LiquidMemories"},{"floor":11.0,"key":"EntropicBrew"},{"floor":13.0,"key":"ColorlessPotion"},{"floor":19.0,"key":"Ancient Potion"},{"floor":25.0,"key":"FearPotion"},{"floor":33,"key":"Energy Potion"},{"floor":36,"key":"Weak Potion"},{"floor":47,"key":"SkillPotion"}],"is_trial":false,"path_per_floor":["M","M","COS","M","M","R","E","M","T","?","M","E","M","M","R","B",null,"M","M","$","?","?","R","M","E","T","?","$","R","E","M","R","B",null,"M","M","M","M","$","R","?","M","T","R","?","R","M","$","R","B",null,"R","$","E","B",null],"character_chosen":"The_Alterego","items_purchased":["AT_RedTearstoneRing","Lee\u0027s Waffle","AT_BellDemon","Blood Vial","InkBottle","Toy Ornithopter"],"campfire_rested":0,"item_purchase_floors":[20,20,28,48,53,53],"current_hp_per_floor":[73,71,71,71,44,44,52,43,43,43,43,33,27,29,29,32,86,86,72,94,94,94,94,74,60,60,60,60,60,16,16,16,30,98,92,73,80,67,67,67,67,67,67,67,67,67,71,71,71,80,108,108,108,108,100],"gold":97,"neow_bonus":"TEN_PERCENT_HP_BONUS","is_daily":false,"chose_seed":false,"campfire_upgraded":9,"win_rate":0.0,"timestamp":1609261300,"path_taken":["M","M","COS","M","M","R","E","M","T","?","M","E","M","?","R","BOSS","M","M","$","?","?","R","M","E","T","?","$","R","E","M","R","BOSS","M","?","M","M","$","R","?","?","T","R","?","R","M","$","R","BOSS","R","$","E","BOSS"],"items_purchased_type":["Relic","Relic","Relic","Relic","Relic","Relic"],"build_version":"2020-12-22","purchased_purges":6,"victory":true,"max_hp_per_floor":[78,79,79,80,81,81,82,83,83,83,83,84,85,86,86,86,86,86,87,94,94,94,94,95,96,96,96,96,96,97,97,97,98,98,99,100,107,108,108,108,108,108,108,108,108,108,108,108,108,108,108,108,108,108,109],"card_choices":[{"not_picked":["alterego_mod:MagicResistance","alterego_mod:Rip"],"picked":"alterego_mod:TrashNCrash","floor":1.0},{"not_picked":["alterego_mod:Schoolgirl","alterego_mod:DiscoLights"],"picked":"alterego_mod:SakuraLabyrinth","floor":2.0},{"not_picked":["alterego_mod:Undulate","alterego_mod:DiscoLights","alterego_mod:Collar"],"picked":"SKIP","floor":4.0},{"not_picked":["alterego_mod:Alter","alterego_mod:BiFurious","alterego_mod:MagicResistance"],"picked":"SKIP","floor":5.0},{"not_picked":["alterego_mod:1TonWallop","alterego_mod:Complex"],"picked":"alterego_mod:MaintainEyeContact","floor":7.0},{"not_picked":["alterego_mod:Punishment","alterego_mod:PresenceConcealment"],"picked":"alterego_mod:Nekomimi","floor":8.0},{"not_picked":["alterego_mod:Punishment","alterego_mod:TrashNCrash","alterego_mod:Jiggle"],"picked":"SKIP","floor":11.0},{"not_picked":["alterego_mod:InsideBaseball","alterego_mod:Rip","alterego_mod:Mirror"],"picked":"SKIP","floor":12.0},{"not_picked":["alterego_mod:Rip","alterego_mod:BusterCard"],"picked":"alterego_mod:Bunnysuit","floor":13.0},{"not_picked":["alterego_mod:Cooking","alterego_mod:DeftHands"],"picked":"alterego_mod:IdEs","floor":14.0},{"not_picked":["alterego_mod:Weigh","alterego_mod:PainIsPleasure"],"picked":"alterego_mod:Palingenesis","floor":16.0},{"not_picked":["alterego_mod:SuperDuperMasochism","alterego_mod:Complex","alterego_mod:PerceptionDisorder"],"picked":"SKIP","floor":18.0},{"not_picked":["alterego_mod:SakuraPetals","alterego_mod:Pet+1"],"picked":"alterego_mod:Punishment","floor":19.0},{"not_picked":["alterego_mod:Complex","alterego_mod:Swimsuit+1","alterego_mod:DeftHands"],"picked":"SKIP","floor":24.0},{"not_picked":["alterego_mod:Rip+1","alterego_mod:DeftHands","alterego_mod:InsideBaseball"],"picked":"SKIP","floor":25.0},{"not_picked":["alterego_mod:BiFurious+1","alterego_mod:BoobPocket","alterego_mod:Cycle+1"],"picked":"SKIP","floor":30},{"not_picked":["alterego_mod:PerceptionDisorder","alterego_mod:Mirror"],"picked":"alterego_mod:ChallengeComplete","floor":31},{"not_picked":["alterego_mod:Skirt+1","alterego_mod:Complex"],"picked":"alterego_mod:BeGentle+1","floor":35},{"not_picked":["alterego_mod:HighServant","alterego_mod:Bloomers+1"],"picked":"alterego_mod:Cushion+1","floor":36},{"not_picked":["alterego_mod:Swimsuit","alterego_mod:Undulate+1"],"picked":"alterego_mod:BeGentle","floor":37},{"not_picked":["alterego_mod:Santa+1","alterego_mod:BustOut","alterego_mod:Undulate"],"picked":"SKIP","floor":38},{"not_picked":["alterego_mod:Cycle+1","alterego_mod:1TonWallop","alterego_mod:Table+1"],"picked":"SKIP","floor":42},{"not_picked":["alterego_mod:SakuraLabyrinth+1","alterego_mod:Stockings+1"],"picked":"alterego_mod:Birthday","floor":47},{"not_picked":["alterego_mod:PerceptionDisorder+1","alterego_mod:Maid+1","alterego_mod:Schoolgirl"],"picked":"SKIP","floor":54}],"player_experience":391009,"relics_obtained":[{"floor":7.0,"key":"AT_BladeRuinedKing"},{"floor":12.0,"key":"Bag of Marbles"},{"floor":25.0,"key":"FossilizedHelix"},{"floor":26.0,"key":"AT_SilvercatRing"},{"floor":30,"key":"Boot"},{"floor":30,"key":"Bottled Tornado"},{"floor":31,"key":"Dota2Spire:DrumOfEndurance"},{"floor":33,"key":"Dota2Spire:LotusOrb"},{"floor":35,"key":"Omamori"},{"floor":36,"key":"CaptainsWheel"},{"floor":37,"key":"Strawberry"},{"floor":38,"key":"AT_ImmortalShieldbow"},{"floor":42,"key":"AT_ArchangelStaff"},{"floor":43,"key":"Bag of Preparation"},{"floor":47,"key":"Thread and Needle"},{"floor":54,"key":"Incense Burner"},{"floor":54,"key":"Dota2Spire:PowerTreads"}],"event_choices":[{"damage_healed":0.0,"max_hp_gain":0.0,"max_hp_loss":0.0,"gold_gain":0.0,"event_name":"Ghosts","player_choice":"Ignored","floor":21.0,"gold_loss":0.0,"damage_taken":0.0},{"damage_healed":0.0,"max_hp_gain":0.0,"max_hp_loss":0.0,"gold_gain":0.0,"cards_transformed":["alterego_mod:Strike","alterego_mod:Defend"],"event_name":"Drug Dealer","player_choice":"Became Test Subject","floor":22.0,"gold_loss":0.0,"damage_taken":0.0,"cards_obtained":["alterego_mod:BreastValley","alterego_mod:Skirt"]},{"damage_healed":0.0,"max_hp_gain":0.0,"max_hp_loss":0.0,"gold_gain":0.0,"event_name":"Upgrade Shrine","player_choice":"Upgraded","floor":27.0,"gold_loss":0.0,"damage_taken":0.0,"cards_upgraded":["alterego_mod:SakuraLabyrinth"]},{"damage_healed":0,"gold_gain":0,"cards_transformed":["alterego_mod:Strike"],"player_choice":"Transformed","damage_taken":0,"max_hp_gain":0,"max_hp_loss":0,"event_name":"Transmorgrifier","floor":41,"gold_loss":0,"cards_obtained":["alterego_mod:Cooking"]},{"damage_healed":0,"gold_gain":0,"player_choice":"Ignored","damage_taken":0,"max_hp_gain":0,"max_hp_loss":0,"event_name":"Tomb of Lord Red Mask","floor":45,"gold_loss":0}],"is_beta":false,"boss_relics":[{"not_picked":["EasyGame_NEW","Busted Crown"],"picked":"Dota2Spire:RefresherOrb"},{"not_picked":["Pandora\u0027s Box","Dota2Spire:Bloodstone"],"picked":"SoulBox"}],"items_purged_floors":[20,28,39,48,48,53],"is_endless":false,"potions_floor_spawned":[7,8,11,13,14,16,19,25,33,36,47],"ascension_level":1}}