{"host":"36ls4ricihodphgx","time":1609285037,"event":{"mods":["AchievementEnabler","BaseMod","Colored Map","Downfall","Hermit","HololiveMod","Marisa????????","Minty Spire (QoL Compilation)","Replay The Spire","Shop Mod","StSLib","SuperFastMode","The Animator","The Bug Knight","The Cursed","The Servant 0.9.4"],"gold_per_floor":[212,158,158,8,183,210,210,227,275,275,350,45,45,58,58,153,153,163,262,186,205,205,205,223,223,223,223,223,223,74,74,74,173,173,189,189,33,33,33,33,49,49,49],"floor_reached":42,"playtime":682,"items_purged":["Defend_R","Doubt"],"score":430,"play_id":"e0cc0e31-a32a-4c43-b391-036071fbbd94","local_time":"20201229163717","is_ascension_mode":true,"campfire_choices":[{"data":"Inflame","floor":7,"key":"SMITH"},{"data":"Inflame","floor":10,"key":"SMITH"},{"data":"Bash","floor":13,"key":"SMITH"},{"floor":15,"key":"REST"},{"data":"Double Tap","floor":23,"key":"SMITH"},{"data":"Heavy Blade","floor":25,"key":"SMITH"},{"floor":27,"key":"REST"},{"data":"Heavy Blade","floor":32,"key":"SMITH"}],"circlet_count":0,"master_deck":["Strike_R","Strike_R+1","Strike_R","Strike_R","Strike_R+1","Defend_R","Defend_R","Defend_R","Bash+1","Heavy Blade+1","Flex+1","Inflame+1","Inflame+1","Heavy Blade+1","Double Tap+1","Inflame","Shrug It Off+1","Doubt","Flex+1","Shame","Demon Form"],"relics":["Burning Blood","Bottled Tornado","Whetstone","Medical Kit","Cursed Key","MutagenicStrength","Letter Opener","DollysMirror","Chameleon Ring","Philosopher\u0027s Stone","Pen Nib"],"acts_visited":["Exordium","TheCity","TheBeyond"],"potions_floor_usage":[35,41],"damage_taken":[{"damage":7,"enemies":"2 Louse","floor":1,"turns":3},{"damage":17,"enemies":"HollowMod:MossKnight","floor":6,"turns":6},{"damage":5,"enemies":"Cultist","floor":8,"turns":4},{"damage":5,"enemies":"Small Slimes","floor":14,"turns":3},{"damage":49,"enemies":"Hexaghost","floor":16,"turns":7},{"damage":15,"enemies":"3 Byrds","floor":18,"turns":5},{"damage":19,"enemies":"Shell Parasite","floor":21,"turns":3},{"damage":17,"enemies":"Sentry and Sphere","floor":24,"turns":4},{"damage":13,"enemies":"Champ","floor":33,"turns":6},{"damage":30,"enemies":"3 Shapes","floor":35,"turns":3},{"damage":25,"enemies":"Orb Walker","floor":41,"turns":3},{"damage":37,"enemies":"Spire Growth","floor":42,"turns":3}],"seed_played":"4293894401420664263","potions_obtained":[{"floor":16,"key":"Fire Potion"},{"floor":18,"key":"LiquidBronze"},{"floor":33,"key":"SkillPotion"},{"floor":41,"key":"GamblersBrew"}],"is_trial":false,"path_per_floor":["M","$","?","$","?","E","R","M","T","R","?","$","R","M","R","B",null,"M","?","$","M","?","R","M","R","T","R","$","?","$","T","R","B",null,"M","?","$","?","?","$","M","M"],"character_chosen":"IRONCLAD","items_purchased":["Flex","Inflame","Heavy Blade","Medical Kit","Inflame","DollysMirror","Pen Nib"],"campfire_rested":2,"item_purchase_floors":[2,4,12,12,20,30,37],"current_hp_per_floor":[79,79,79,79,79,68,68,69,69,69,58,58,58,59,80,37,80,71,71,71,58,58,58,47,47,47,71,71,71,71,71,71,64,80,56,56,56,56,56,56,37,0,0],"gold":49,"neow_bonus":"HUNDRED_GOLD","is_daily":false,"chose_seed":false,"campfire_upgraded":6,"win_rate":0.0,"timestamp":1609285037,"path_taken":["M","$","?","?","?","E","R","M","T","R","?","$","R","M","R","BOSS","M","?","$","M","?","R","M","R","T","R","?","?","?","?","R","BOSS","M","?","$","?","?","?","M","?"],"items_purchased_type":["Card","Card","Card","Relic","Card","Relic","Relic"],"build_version":"2020-12-22","purchased_purges":2,"victory":false,"max_hp_per_floor":[80,80,80,80,80,80,80,80,80,80,80,80,80,80,80,80,80,80,80,80,80,80,80,80,80,80,80,80,80,80,80,80,80,80,80,80,80,80,80,80,80,80,80],"card_choices":[{"not_picked":["Run Through","Life Link"],"picked":"Heavy Blade","floor":1},{"not_picked":["Headbutt","Uppercut","Body Slam"],"picked":"SKIP","floor":6},{"not_picked":["Clothesline","ReplayTheSpireMod:Limb From Limb"],"picked":"Inflame","floor":8},{"not_picked":["Heavy Blade","Iron Wave","ReplayTheSpireMod:Limb From Limb"],"picked":"SKIP","floor":14},{"not_picked":["Barricade","Offering"],"picked":"Double Tap","floor":16},{"not_picked":["Clothesline","True Grit+1","Thunderclap"],"picked":"SKIP","floor":18},{"not_picked":["Warcry","Seeing Red"],"picked":"Shrug It Off+1","floor":21},{"not_picked":["Replay:Undeath\u0027s Touch","ReplayTheSpireMod:Limb From Limb","Pommel Strike+1"],"picked":"SKIP","floor":24},{"not_picked":["Bludgeon","Hemogenesis"],"picked":"Demon Form","floor":33},{"not_picked":["ReplayTheSpireMod:Strike From Hell","ReplayTheSpireMod:Muscle Training+1","Run Through"],"picked":"SKIP","floor":35},{"not_picked":["Pommel Strike","Cleave","Flex"],"picked":"SKIP","floor":41}],"player_experience":33704,"relics_obtained":[{"floor":6,"key":"Bottled Tornado"},{"floor":9,"key":"Whetstone"},{"floor":26,"key":"Letter Opener"},{"floor":31,"key":"Chameleon Ring"}],"event_choices":[{"damage_healed":0,"gold_gain":0,"player_choice":"Upgraded","damage_taken":0,"max_hp_gain":0,"max_hp_loss":0,"event_name":"Upgrade Shrine","floor":3,"gold_loss":0,"cards_upgraded":["Flex"]},{"damage_healed":0,"gold_gain":175,"player_choice":"AGREE","damage_taken":0,"max_hp_gain":0,"max_hp_loss":0,"event_name":"Liars Game","floor":5,"gold_loss":0,"cards_obtained":["Doubt"]},{"damage_healed":0,"gold_gain":75,"player_choice":"Gather Gold","damage_taken":11,"max_hp_gain":0,"max_hp_loss":0,"event_name":"World of Goop","floor":11,"gold_loss":0},{"damage_healed":0,"gold_gain":99,"player_choice":"Stole From Cult","damage_taken":0,"max_hp_gain":0,"max_hp_loss":0,"event_name":"Nest","floor":19,"gold_loss":0},{"damage_healed":0,"gold_gain":0,"player_choice":"Inject Mutagens","damage_taken":0,"relics_obtained":["MutagenicStrength"],"max_hp_gain":0,"max_hp_loss":0,"event_name":"Drug Dealer","floor":22,"gold_loss":0},{"damage_healed":0,"gold_gain":0,"player_choice":"Ignored","damage_taken":0,"max_hp_gain":0,"max_hp_loss":0,"event_name":"Beggar","floor":29,"gold_loss":0},{"damage_healed":0,"gold_gain":0,"player_choice":"Ignored","damage_taken":0,"max_hp_gain":0,"max_hp_loss":0,"event_name":"Mysterious Sphere","floor":38,"gold_loss":0}],"is_beta":false,"boss_relics":[{"not_picked":["Runic Pyramid","SlaversCollar"],"picked":"Cursed Key"},{"not_picked":["Hololive_ChaosS","Runic Cube"],"picked":"Philosopher\u0027s Stone"}],"items_purged_floors":[4,12],"is_endless":false,"potions_floor_spawned":[16,18,33,41],"killed_by":"Spire Growth","ascension_level":1}}