{"host":"59ckh7bj2z84pzgo","time":1609223441,"event":{"mods":["BaseMod","Better Vampires","Marked Mod","Minty Spire (QoL Compilation)","Replay The Spire","Spicy Shops","StSLib","TestMod","TheWitcher","【遗物卡牌】REMEMod","残留之物"],"gold_per_floor":[220,249,249,649,698,698,745,783,809,844,866,866,292,337,337,442,442,474,512,562,589,152,215,136,136,212,232,232,279,313,313,313,440,440,485,534,182,248,295,295,446,486,532,583,583,625,625,703,703,733,733,733,137,178,110],"floor_reached":56,"playtime":4997,"items_purged":["SnafuTest:DefaultCommonAttack","SnafuTest:DefaultCommonAttack","SnafuTest:DefaultCommonSkill"],"score":1359,"play_id":"67ba1469-7b3a-4cf6-b02b-fe3951da3bef","local_time":"20201229143041","is_ascension_mode":true,"campfire_choices":[{"data":"SnafuTest:BountyHunt","floor":6.0,"key":"SMITH"},{"data":"SnafuTest:PowerAlwaysOnRoads","floor":12.0,"key":"SMITH"},{"data":"SnafuTest:SpellChainLightning","floor":15.0,"key":"SMITH"},{"data":"SnafuTest:PowerCrimsonRitual","floor":25,"key":"SMITH"},{"data":"SnafuTest:BombDragonsDream","floor":28,"key":"SMITH"},{"data":"SnafuTest:BombNorthernWind","floor":32,"key":"SMITH"},{"data":"SnafuTest:WorldMap","floor":40,"key":"SMITH"},{"data":"The Bomb","floor":47,"key":"SMITH"},{"floor":49,"key":"RECALL"},{"data":"SnafuTest:Offering","floor":52,"key":"SMITH"}],"circlet_count":0,"master_deck":["SnafuTest:DefaultCommonAttack+1","SnafuTest:BountyHunt+1","SnafuTest:DefaultCommonSkill+1","SnafuTest:SignAard+1","REME_MawOfCthun+1","SnafuTest:SpellChainLightning+1","SnafuTest:BombNorthernWind+1","SnafuTest:PowerCrimsonRitual+1","SnafuTest:PowerAlwaysOnRoads+1","SnafuTest:BombDragonsDream+1","SnafuTest:PowerMartialMagical","SnafuTest:OtherWorld","SnafuTest:Offering+1","SnafuTest:NoPass+1","CurseOfTheBell","The Bomb+1","SnafuTest:WorldMap+1","SnafuTest:Kick+1","Parasite","SnafuTest:SpellTortoise+1","SnafuTest:Portal+1","Writhe","SnafuTest:PowerCrimsonRitual","SnafuTest:BlackSunRise","SnafuTest:MelitelesCare"],"relics":["SnafuTest:UnstableMutagenRelic","REME_ComplimentaryCards","testmod-BlackFramedGlasses","Replay:Bandana","SnafuTest:IgniRelic","Guide Book","Singing Bowl","War Paint","Busted Crown","HandDrill","Mummified Hand","Gremlin Food","Bag of Marbles","Ornamental Fan","Calling Bell","ReplayTheSpireMod:Lightbulb","Shuriken","testmod-Nyarlathotep","Toolbox","Ginger","testmod-Justice","Potion Belt","Whetstone","Ice Cream","Unceasing Top","SnafuTest:AxiiRelic","REME_OnlineShoppingPlatform","Vajra"],"acts_visited":["Exordium","TheCity","TheBeyond","TheEnding"],"potions_floor_usage":[18,18,23,54,55,55,55,55],"damage_taken":[{"damage":2.0,"enemies":"Jaw Worm","floor":1.0,"turns":5.0},{"damage":0.0,"enemies":"2 Louse","floor":2.0,"turns":2.0},{"damage":2.0,"enemies":"Small Slimes","floor":5.0,"turns":3.0},{"damage":4.0,"enemies":"Exordium Thugs","floor":7.0,"turns":5.0},{"damage":2.0,"enemies":"Replay:BlueRogue","floor":8.0,"turns":5.0},{"damage":0.0,"enemies":"3 Louse","floor":10.0,"turns":2.0},{"damage":9.0,"enemies":"Large Slime","floor":11.0,"turns":6.0},{"damage":24.0,"enemies":"Gremlin Nob","floor":14.0,"turns":6.0},{"damage":6.0,"enemies":"Hexaghost","floor":16.0,"turns":9.0},{"damage":11,"enemies":"2 Thieves","floor":18,"turns":4},{"damage":8,"enemies":"Spheric Guardian","floor":19,"turns":3},{"damage":22,"enemies":"Centurion and Healer","floor":21,"turns":11},{"damage":19,"enemies":"Gremlin Leader","floor":23,"turns":6},{"damage":0,"enemies":"Snake Plant","floor":27,"turns":3},{"damage":0,"enemies":"3 Cultists","floor":29,"turns":2},{"damage":0,"enemies":"Cultist and Chosen","floor":30,"turns":4},{"damage":4,"enemies":"Automaton","floor":33,"turns":5},{"damage":15,"enemies":"3 Shapes","floor":35,"turns":3},{"damage":6,"enemies":"3 Darklings","floor":36,"turns":3},{"damage":0,"enemies":"Mind Bloom Boss Battle","floor":38,"turns":3},{"damage":9,"enemies":"R_Hoarder","floor":41,"turns":4},{"damage":0,"enemies":"Writhing Mass","floor":42,"turns":2},{"damage":1,"enemies":"Giant Head","floor":44,"turns":4},{"damage":4,"enemies":"Spire Growth","floor":46,"turns":3},{"damage":18,"enemies":"2 Orb Walkers","floor":48,"turns":3},{"damage":27,"enemies":"Awakened One","floor":50,"turns":6},{"damage":10,"enemies":"Shield and Spear","floor":54,"turns":3},{"damage":43,"enemies":"The Heart","floor":55,"turns":7}],"seed_played":"-60488370381613380","potions_obtained":[{"floor":7.0,"key":"Strength Potion"},{"floor":8.0,"key":"Weak Potion"},{"floor":10.0,"key":"ColorlessPotion"},{"floor":14.0,"key":"Adrenaline Potion"},{"floor":19,"key":"Elixir"},{"floor":23,"key":"LiquidMemories"},{"floor":29,"key":"Milkshake"},{"floor":30,"key":"Energy Potion"},{"floor":42,"key":"EssenceOfSteel"},{"floor":46,"key":"FearPotion"}],"is_trial":false,"path_per_floor":["M","M","?","?","M","R","M","E","T","M","M","R","$","E","R","B",null,"M","M","?","M","$","E","?","R","T","M","R","M","M","?","R","B",null,"M","M","$","?","?","R","E","M","T","E","?","M","R","?","R","B",null,"R","$","E","B",null],"character_chosen":"THE_WITCHER","items_purchased":["Guide Book","Singing Bowl","HandDrill","Mummified Hand","The Bomb","Toolbox","SnafuTest:AxiiRelic","SnafuTest:PowerCrimsonRitual","SnafuTest:BlackSunRise","REME_OnlineShoppingPlatform","Vajra"],"campfire_rested":0,"item_purchase_floors":[13,13,22,22,37,37,53,53,53,53,53],"current_hp_per_floor":[75,75,68,68,69,69,70,73,73,75,71,71,71,53,53,56,75,68,63,63,54,54,43,43,43,43,48,48,50,56,56,56,59,87,76,75,75,80,57,57,52,54,54,57,80,81,81,68,68,47,97,97,97,86,60],"gold":110,"neow_bonus":"HUNDRED_GOLD","is_daily":false,"chose_seed":false,"campfire_upgraded":9,"win_rate":0.0,"timestamp":1609223441,"path_taken":["M","M","?","?","M","R","M","E","T","?","M","R","$","E","R","BOSS","M","M","?","M","?","E","?","R","T","M","R","M","?","?","R","BOSS","M","M","$","?","?","R","E","M","T","E","?","M","R","?","R","BOSS","R","$","E","BOSS"],"items_purchased_type":["Relic","Relic","Relic","Relic","Card","Relic","Relic","Card","Card","Relic","Relic"],"build_version":"2020-12-22","purchased_purges":3,"victory":true,"max_hp_per_floor":[75,75,75,75,75,75,75,75,75,75,75,75,75,75,75,75,75,77,77,77,79,79,81,81,81,81,83,83,83,85,85,85,87,87,89,91,91,93,93,93,93,93,93,93,93,95,95,97,97,97,97,97,97,97,97],"card_choices":[{"not_picked":["SnafuTest:HermitsErudition","SnafuTest:BombDancingStar"],"picked":"SnafuTest:SpellChainLightning","floor":1.0},{"not_picked":["SnafuTest:Kick","SnafuTest:MCFeignDeath"],"picked":"SnafuTest:GetPaid","floor":2.0},{"not_picked":["SnafuTest:SignAxii","SnafuTest:Shooting"],"picked":"SnafuTest:BombNorthernWind","floor":5.0},{"not_picked":["SnafuTest:PowerAlwaysAWay","SnafuTest:NoPass"],"picked":"SnafuTest:PowerCrimsonRitual","floor":7.0},{"not_picked":["SnafuTest:MCFeignDeath","SnafuTest:SignIgni"],"picked":"SnafuTest:PowerAlwaysOnRoads","floor":8.0},{"not_picked":["SnafuTest:AncestralRitual","SnafuTest:MilitaryReview"],"picked":"SnafuTest:BombDragonsDream","floor":10.0},{"not_picked":["SnafuTest:SignIgni","SnafuTest:PayWeaponSmith","SnafuTest:WitchHunt"],"picked":"SKIP","floor":11.0},{"not_picked":["SnafuTest:SpellLivingArmor","SnafuTest:DesperateRemediation"],"picked":"SnafuTest:PowerMartialMagical","floor":14.0},{"not_picked":["SnafuTest:Awake","SnafuTest:PowerEquilibrium"],"picked":"SnafuTest:OtherWorld","floor":16.0},{"not_picked":["SnafuTest:SpellDispellingPush+1"],"picked":"Singing Bowl","floor":18},{"not_picked":[],"picked":"SnafuTest:Offering","floor":19},{"not_picked":["SnafuTest:SignAxii+1"],"picked":"Singing Bowl","floor":21},{"not_picked":["SnafuTest:CalculatingAmbition"],"picked":"Singing Bowl","floor":23},{"not_picked":["SnafuTest:FlashingEvasion+1"],"picked":"Singing Bowl","floor":27},{"not_picked":[],"picked":"SnafuTest:NoPass+1","floor":29},{"not_picked":["SnafuTest:SpellDispellingPush"],"picked":"Singing Bowl","floor":30},{"not_picked":["SnafuTest:PowerEquilibrium"],"picked":"Singing Bowl","floor":33},{"not_picked":["SnafuTest:BombNorthernWind"],"picked":"Singing Bowl","floor":35},{"not_picked":["SnafuTest:Siege"],"picked":"Singing Bowl","floor":36},{"not_picked":["SnafuTest:AncestralRitual"],"picked":"Singing Bowl","floor":38},{"not_picked":[],"picked":"SnafuTest:WorldMap","floor":39},{"not_picked":[],"picked":"SnafuTest:Kick+1","floor":41},{"not_picked":[],"picked":"SnafuTest:SpellTortoise","floor":42},{"not_picked":[],"picked":"SnafuTest:Portal+1","floor":44},{"not_picked":["SnafuTest:SignAard"],"picked":"Singing Bowl","floor":46},{"not_picked":["SnafuTest:Portal"],"picked":"Singing Bowl","floor":48},{"not_picked":[],"picked":"SnafuTest:MelitelesCare","floor":54}],"player_experience":203201,"relics_obtained":[{"floor":8.0,"key":"SnafuTest:IgniRelic"},{"floor":14.0,"key":"War Paint"},{"floor":23,"key":"Gremlin Food"},{"floor":26,"key":"Ornamental Fan"},{"floor":34,"key":"ReplayTheSpireMod:Lightbulb"},{"floor":34,"key":"Shuriken"},{"floor":34,"key":"testmod-Nyarlathotep"},{"floor":38,"key":"Ginger"},{"floor":39,"key":"testmod-Justice"},{"floor":41,"key":"Potion Belt"},{"floor":43,"key":"Whetstone"},{"floor":44,"key":"Ice Cream"},{"floor":48,"key":"Unceasing Top"}],"event_choices":[{"damage_healed":0.0,"max_hp_gain":0.0,"max_hp_loss":0.0,"gold_gain":0.0,"event_name":"Scrap Ooze","player_choice":"Success","floor":3.0,"gold_loss":0.0,"damage_taken":7.0,"relics_obtained":["Replay:Bandana"]},{"damage_healed":0.0,"max_hp_gain":0.0,"max_hp_loss":0.0,"gold_gain":400.0,"event_name":"恩洛斯的盘子","player_choice":"Sell","floor":4.0,"relics_lost":["testmod-TestBox"],"gold_loss":0.0,"damage_taken":0.0},{"damage_healed":0,"gold_gain":100,"player_choice":"Bet on Murderer","damage_taken":0,"max_hp_gain":0,"max_hp_loss":0,"event_name":"The Joust","floor":20,"gold_loss":50},{"damage_healed":0,"gold_gain":0,"player_choice":"Paid Gold","damage_taken":0,"relics_obtained":["Bag of Marbles"],"max_hp_gain":0,"max_hp_loss":0,"event_name":"WeMeetAgain","floor":24,"gold_loss":79},{"cards_removed":["SnafuTest:DefaultCommonSkill"],"damage_healed":0,"gold_gain":0,"player_choice":"Elegance","damage_taken":0,"max_hp_gain":0,"max_hp_loss":0,"event_name":"Back to Basics","floor":31,"gold_loss":0},{"damage_healed":0,"gold_gain":0,"player_choice":"Fight","damage_taken":0,"max_hp_gain":0,"max_hp_loss":0,"event_name":"MindBloom","floor":38,"gold_loss":0},{"damage_healed":23,"gold_gain":0,"player_choice":"Writhe","damage_taken":0,"max_hp_gain":0,"max_hp_loss":0,"event_name":"Winding Halls","floor":45,"gold_loss":0,"cards_obtained":["Writhe"]},{"damage_healed":0,"gold_gain":0,"player_choice":"Fight","damage_taken":0,"max_hp_gain":0,"max_hp_loss":0,"event_name":"Mysterious Sphere","floor":48,"gold_loss":0}],"is_beta":false,"boss_relics":[{"not_picked":["Abe\u0027s Treasure","Replay:Drink Me"],"picked":"Busted Crown"},{"not_picked":["SlaversCollar","Empty Cage"],"picked":"Calling Bell"}],"items_purged_floors":[13,13,22],"is_endless":false,"potions_floor_spawned":[7,8,10,14,19,23,29,30,35,36,42,46,48],"ascension_level":1}}