{"host":"dhyczjm99amxd3qx","time":1609215162,"event":{"mods":["BaseMod","Colored Map","Googly Eyes","Highlight Path","Minty Spire (QoL Compilation)","Quick Restart","StSLib"],"gold_per_floor":[119,119,135,10,25,52,72,105,128,128,128,128],"floor_reached":11,"playtime":1271,"items_purged":["Defend_G"],"score":95,"play_id":"1b5ab29d-c37b-40c4-b210-e9f3b054e7dd","local_time":"20201228231242","is_ascension_mode":true,"campfire_choices":[],"circlet_count":0,"master_deck":["Strike_G","Strike_G+1","Strike_G","Defend_G","Defend_G","Defend_G","Defend_G","Survivor+1","Neutralize","Blade Dance","Prepared","Cloak And Dagger","Blade Dance","Burst","Cloak And Dagger"],"relics":["Ring of the Snake","Blue Candle","Dream Catcher","Juzu Bracelet"],"acts_visited":["Exordium"],"potions_floor_usage":[7],"damage_taken":[{"damage":3.0,"enemies":"2 Louse","floor":1.0,"turns":5.0},{"damage":0.0,"enemies":"Small Slimes","floor":3.0,"turns":2.0},{"damage":0.0,"enemies":"Cultist","floor":5.0,"turns":3.0},{"damage":33.0,"enemies":"Gremlin Nob","floor":6.0,"turns":5.0},{"damage":0,"enemies":"Red Slaver","floor":7,"turns":1},{"damage":20,"enemies":"3 Sentries","floor":8,"turns":10},{"damage":21,"enemies":"Lagavulin","floor":11,"turns":6}],"seed_played":"-5193376723193065077","potions_obtained":[{"floor":3.0,"key":"Regen Potion"},{"floor":6.0,"key":"DuplicationPotion"}],"is_trial":false,"path_per_floor":["M","?","M","$","M","E","M","E","T","?","E"],"character_chosen":"THE_SILENT","items_purchased":["Cloak And Dagger"],"campfire_rested":0,"item_purchase_floors":[4],"current_hp_per_floor":[67,53,53,53,53,34,34,14,14,7,0,0],"gold":128,"neow_bonus":"REMOVE_CARD","is_daily":false,"chose_seed":false,"campfire_upgraded":0,"win_rate":0.0,"timestamp":1609215162,"path_taken":["M","?","M","$","M","E","M","E","T","?","E"],"items_purchased_type":["Card"],"build_version":"2020-12-22","purchased_purges":1,"victory":false,"max_hp_per_floor":[70,70,70,70,70,70,70,70,70,70,70,70],"card_choices":[{"not_picked":["Deflect","Setup"],"picked":"Blade Dance","floor":1.0},{"not_picked":["Heel Hook","Slice"],"picked":"Prepared","floor":3.0},{"not_picked":["Bouncing Flask","Outmaneuver"],"picked":"Blade Dance","floor":5.0},{"not_picked":["Deflect","Dagger Throw"],"picked":"Burst","floor":6.0},{"not_picked":["Dagger Spray","Setup"],"picked":"Cloak And Dagger","floor":7},{"not_picked":["Distraction","Finisher","Deflect"],"picked":"SKIP","floor":8}],"player_experience":165794,"relics_obtained":[{"floor":6.0,"key":"Blue Candle"},{"floor":8,"key":"Dream Catcher"},{"floor":9,"key":"Juzu Bracelet"}],"event_choices":[{"damage_healed":0.0,"max_hp_gain":0.0,"max_hp_loss":0.0,"gold_gain":0.0,"event_name":"Shining Light","player_choice":"Entered Light","floor":2.0,"gold_loss":0.0,"damage_taken":14.0,"cards_upgraded":["Survivor","Strike_G"]},{"cards_removed":["Strike_G"],"damage_healed":0,"gold_gain":0,"player_choice":"Card Removal","damage_taken":7,"max_hp_gain":0,"max_hp_loss":0,"event_name":"Golden Wing","floor":10,"gold_loss":0}],"is_beta":false,"boss_relics":[],"items_purged_floors":[4],"is_endless":false,"potions_floor_spawned":[3,6],"killed_by":"Lagavulin","ascension_level":3}}