{"host":"ilxricga2547gmyy","time":1609278778,"event":{"mods":["AchievementEnabler","BaseMod","Minty Spire (QoL Compilation)","Quick Restart","StSLib"],"gold_per_floor":[116,134,151,151,163,195,209,240,240,272,272,292,292,311,311,442,442,455,471,471,106,124,124,124],"floor_reached":23,"playtime":810,"items_purged":["Strike_R"],"score":323,"play_id":"235bea4c-56f1-41c3-8217-c4c7f609b03f","local_time":"20201229225258","is_ascension_mode":true,"campfire_choices":[{"floor":15,"key":"REST"}],"circlet_count":0,"master_deck":["AscendersBane","Strike_R","Strike_R","Strike_R","Strike_R","Defend_R","Defend_R","Defend_R","Defend_R","Bash","Blood for Blood","Spot Weakness","Sword Boomerang","Whirlwind+1","Cleave","Iron Wave","Shrug It Off","Flex","Wild Strike+1","Feed+1","Combust","Inflame","Rupture"],"relics":["Burning Blood","Ginger","GremlinMask","Strawberry","Molten Egg 2","Pocketwatch","Thread and Needle","Golden Idol","Runic Dome","MutagenicStrength","Matryoshka"],"acts_visited":["Exordium","TheCity"],"potions_floor_usage":[16,16,22],"damage_taken":[{"damage":8.0,"enemies":"2 Louse","floor":1.0,"turns":4.0},{"damage":6.0,"enemies":"Cultist","floor":2.0,"turns":3.0},{"damage":5.0,"enemies":"Small Slimes","floor":3.0,"turns":4.0},{"damage":7.0,"enemies":"Looter","floor":5.0,"turns":4.0},{"damage":25.0,"enemies":"3 Sentries","floor":6.0,"turns":4.0},{"damage":0.0,"enemies":"Large Slime","floor":7.0,"turns":6.0},{"damage":20.0,"enemies":"Gremlin Nob","floor":8.0,"turns":4.0},{"damage":22.0,"enemies":"3 Sentries","floor":10.0,"turns":4.0},{"damage":0.0,"enemies":"Blue Slaver","floor":12.0,"turns":2.0},{"damage":0,"enemies":"Red Slaver","floor":14,"turns":3},{"damage":23,"enemies":"Hexaghost","floor":16,"turns":6},{"damage":8,"enemies":"Shell Parasite","floor":18,"turns":3},{"damage":9,"enemies":"Spheric Guardian","floor":19,"turns":4},{"damage":13,"enemies":"Shelled Parasite and Fungi","floor":22,"turns":3},{"damage":63,"enemies":"Book of Stabbing","floor":23,"turns":5}],"seed_played":"-9035327959048347776","potions_obtained":[{"floor":3.0,"key":"LiquidMemories"},{"floor":6.0,"key":"Regen Potion"},{"floor":7.0,"key":"Block Potion"},{"floor":10.0,"key":"Regen Potion"},{"floor":14,"key":"SneckoOil"},{"floor":18,"key":"DistilledChaos"}],"is_trial":false,"path_per_floor":["M","M","M","?","M","E","M","E","T","E","?","M","?","M","R","B",null,"M","M","?","$","M","E"],"character_chosen":"IRONCLAD","items_purchased":["Rupture","Matryoshka"],"campfire_rested":1,"item_purchase_floors":[21,21],"current_hp_per_floor":[70,70,71,71,70,58,64,50,50,34,34,40,21,27,50,48,71,69,66,66,66,59,0,0],"gold":124,"neow_bonus":"ONE_RARE_RELIC","is_daily":false,"chose_seed":false,"campfire_upgraded":0,"win_rate":0.0,"timestamp":1609278778,"path_taken":["M","M","M","?","?","E","M","E","T","E","?","M","?","M","R","BOSS","M","M","?","$","M","E"],"items_purchased_type":["Card","Relic"],"build_version":"2020-12-22","purchased_purges":1,"victory":false,"max_hp_per_floor":[72,72,72,72,72,79,79,79,79,79,79,79,79,79,79,79,79,79,79,79,79,79,79,79],"card_choices":[{"not_picked":["Warcry","Flex"],"picked":"Blood for Blood","floor":1.0},{"not_picked":["Burning Pact","Perfected Strike"],"picked":"Spot Weakness","floor":2.0},{"not_picked":["Havoc","Wild Strike"],"picked":"Sword Boomerang","floor":3.0},{"not_picked":["Battle Trance","Evolve"],"picked":"Whirlwind","floor":5.0},{"not_picked":["Power Through","Ghostly Armor"],"picked":"Cleave","floor":6.0},{"not_picked":["Heavy Blade","Body Slam"],"picked":"Iron Wave","floor":7.0},{"not_picked":["Impervious","Bloodletting"],"picked":"Shrug It Off","floor":8.0},{"not_picked":["Heavy Blade+1","Rupture"],"picked":"Flex","floor":10.0},{"not_picked":["Fire Breathing","Anger+1"],"picked":"Wild Strike+1","floor":12.0},{"not_picked":["Dark Embrace","Rupture","Power Through"],"picked":"SKIP","floor":14},{"not_picked":["Barricade","Impervious"],"picked":"Feed+1","floor":16},{"not_picked":["Body Slam+1","Rupture"],"picked":"Combust","floor":18},{"not_picked":["Cleave+1","Body Slam+1"],"picked":"Inflame","floor":19},{"not_picked":["Battle Trance","Flex","Infernal Blade"],"picked":"SKIP","floor":22}],"player_experience":267014,"relics_obtained":[{"floor":6.0,"key":"Strawberry"},{"floor":8.0,"key":"Molten Egg 2"},{"floor":9.0,"key":"Pocketwatch"},{"floor":10.0,"key":"Thread and Needle"}],"event_choices":[{"damage_healed":0.0,"max_hp_gain":0.0,"max_hp_loss":0.0,"gold_gain":0.0,"event_name":"FaceTrader","player_choice":"Trade","floor":4.0,"gold_loss":0.0,"damage_taken":0.0,"relics_obtained":["GremlinMask"]},{"damage_healed":0.0,"max_hp_gain":0.0,"max_hp_loss":0.0,"gold_gain":0.0,"event_name":"Living Wall","player_choice":"Grow","floor":11.0,"gold_loss":0.0,"damage_taken":0.0,"cards_upgraded":["Whirlwind"]},{"damage_healed":0.0,"max_hp_gain":0.0,"max_hp_loss":0.0,"gold_gain":0.0,"event_name":"Golden Idol","player_choice":"Take Damage","floor":13.0,"gold_loss":0.0,"damage_taken":19.0,"relics_obtained":["Golden Idol"]},{"damage_healed":0,"gold_gain":0,"player_choice":"Inject Mutagens","damage_taken":0,"relics_obtained":["MutagenicStrength"],"max_hp_gain":0,"max_hp_loss":0,"event_name":"Drug Dealer","floor":20,"gold_loss":0}],"is_beta":false,"boss_relics":[{"not_picked":["Pandora\u0027s Box","Runic Cube"],"picked":"Runic Dome"}],"items_purged_floors":[21],"is_endless":false,"potions_floor_spawned":[3,6,7,10,14,18],"killed_by":"Book of Stabbing","ascension_level":10}}