{"host":"l60rmjjsfi0fipmi","time":1609279670,"event":{"mods":["BaseMod","Colored Map","DeckTracker","Highlight Path","Minty Spire (QoL Compilation)"],"gold_per_floor":[111,123,138,88,98,98,114,149,149,169,22,49,65,83,83,182,182,195,195,205,230,59,73,73,83,83,83,95,95,20,36,36,139,139,149,161,177,177,227,227,449,449,498,23,39,39,53,63,63,63],"floor_reached":51,"playtime":6682,"items_purged":["Strike_R","Strike_R"],"score":765,"play_id":"aaa9ce4f-bf06-4ace-bd87-77da0c1bf0fe","local_time":"20201229170750","is_ascension_mode":false,"campfire_choices":[{"data":"True Grit","floor":6,"key":"SMITH"},{"data":"Cleave","floor":15,"key":"SMITH"},{"floor":24,"key":"REST"},{"data":"Feel No Pain","floor":29,"key":"SMITH"},{"floor":32,"key":"REST"},{"data":"Fiend Fire","floor":40,"key":"SMITH"},{"data":"Rampage","floor":42,"key":"SMITH"},{"data":"Infernal Blade","floor":46,"key":"SMITH"},{"data":"Mind Blast","floor":49,"key":"SMITH"}],"circlet_count":0,"master_deck":["Strike_R","Strike_R","Defend_R","Defend_R","Defend_R+1","Defend_R","Bash","Rampage+1","Cleave+1","True Grit+1","Inflame","Spot Weakness","Headbutt","Clothesline","Intimidate","Demon Form","Feel No Pain+1","Fiend Fire+1","Disarm+1","Metallicize","Impervious+1","Shockwave+1","Mind Blast+1","Infernal Blade+1","Armaments+1"],"relics":["Burning Blood","Bird Faced Urn","Omamori","Vajra","Lantern","Runic Pyramid","Self Forming Clay","Red Mask","Pantograph","Calling Bell","Nunchaku","Pear","Torii","StoneCalendar","Potion Belt","War Paint","Orichalcum"],"acts_visited":["Exordium","TheCity","TheBeyond"],"potions_floor_usage":[12,16,16,23,33],"damage_taken":[{"damage":0,"enemies":"2 Louse","floor":1,"turns":3},{"damage":6,"enemies":"Jaw Worm","floor":2,"turns":3},{"damage":6,"enemies":"Cultist","floor":3,"turns":3},{"damage":1,"enemies":"2 Fungi Beasts","floor":5,"turns":3},{"damage":8,"enemies":"Looter","floor":7,"turns":4},{"damage":37,"enemies":"Lagavulin","floor":8,"turns":8},{"damage":7,"enemies":"Blue Slaver","floor":10,"turns":5},{"damage":16,"enemies":"Gremlin Nob","floor":12,"turns":3},{"damage":8,"enemies":"Lots of Slimes","floor":13,"turns":2},{"damage":4,"enemies":"Exordium Wildlife","floor":14,"turns":3},{"damage":27,"enemies":"Hexaghost","floor":16,"turns":8},{"damage":22,"enemies":"Shell Parasite","floor":18,"turns":7},{"damage":26,"enemies":"2 Thieves","floor":20,"turns":5},{"damage":50,"enemies":"Masked Bandits","floor":21,"turns":7},{"damage":34,"enemies":"Cultist and Chosen","floor":23,"turns":6},{"damage":14,"enemies":"3 Cultists","floor":25,"turns":5},{"damage":6,"enemies":"Sentry and Sphere","floor":28,"turns":5},{"damage":10,"enemies":"Centurion and Healer","floor":31,"turns":5},{"damage":83,"enemies":"Collector","floor":33,"turns":10},{"damage":15,"enemies":"3 Darklings","floor":35,"turns":10},{"damage":7,"enemies":"Orb Walker","floor":36,"turns":2},{"damage":60,"enemies":"4 Shapes","floor":37,"turns":7},{"damage":5,"enemies":"Mind Bloom Boss Battle","floor":39,"turns":7},{"damage":11,"enemies":"Sphere and 2 Shapes","floor":45,"turns":7},{"damage":22,"enemies":"Jaw Worm Horde","floor":47,"turns":4},{"damage":1,"enemies":"Maw","floor":48,"turns":8},{"damage":64,"enemies":"Donu and Deca","floor":50,"turns":10}],"seed_played":"4601948530542295361","potions_obtained":[{"floor":1,"key":"DuplicationPotion"},{"floor":7,"key":"Energy Potion"},{"floor":8,"key":"LiquidMemories"},{"floor":20,"key":"Regen Potion"},{"floor":21,"key":"SpeedPotion"},{"floor":25,"key":"Dexterity Potion"},{"floor":31,"key":"FairyPotion"},{"floor":35,"key":"BloodPotion"},{"floor":45,"key":"Dexterity Potion"}],"is_trial":false,"path_per_floor":["M","M","M","?","M","R","M","E","T","M","$","E","M","M","R","B",null,"M","?","M","?","$","M","R","M","T","?","M","R","$","M","R","B",null,"M","M","M","?","?","R","?","R","T","$","M","R","M","M","R","B",null],"character_chosen":"IRONCLAD","items_purchased":["Vajra","FairyPotion","Metallicize","War Paint","Orichalcum","EssenceOfSteel"],"campfire_rested":2,"item_purchase_floors":[11,22,30,44,44,44],"current_hp_per_floor":[88,88,88,88,88,88,86,55,55,54,54,44,42,46,46,27,88,74,74,58,16,16,9,35,29,29,29,33,33,33,33,59,13,98,95,96,48,48,80,80,80,80,80,80,81,81,67,80,80,46],"gold":63,"neow_bonus":"TEN_PERCENT_HP_BONUS","is_daily":false,"chose_seed":false,"campfire_upgraded":7,"win_rate":0.0,"timestamp":1609279670,"path_taken":["M","M","M","?","M","R","M","E","T","M","$","E","M","M","R","BOSS","M","?","M","?","$","M","R","M","T","?","M","R","?","M","R","BOSS","M","M","M","?","?","R","?","R","T","$","?","R","M","M","R","BOSS"],"items_purchased_type":["Relic","Potion","Card","Relic","Relic","Potion"],"build_version":"2020-12-22","purchased_purges":2,"victory":true,"max_hp_per_floor":[88,88,88,88,88,88,88,88,88,88,88,88,88,88,88,88,88,88,88,88,88,88,88,88,88,88,88,88,88,88,88,88,88,98,98,98,98,98,98,98,98,98,98,98,98,98,98,98,98,98],"card_choices":[{"not_picked":["Thunderclap","Headbutt"],"picked":"Rampage","floor":1},{"not_picked":["Reckless Charge","Pummel"],"picked":"Cleave","floor":2},{"not_picked":["Wild Strike","Combust"],"picked":"True Grit","floor":3},{"not_picked":["Flex","True Grit"],"picked":"Inflame","floor":5},{"not_picked":["Twin Strike","Pommel Strike"],"picked":"Spot Weakness","floor":7},{"not_picked":["Wild Strike","Entrench"],"picked":"Headbutt","floor":8},{"not_picked":["Evolve","Inflame","Twin Strike"],"picked":"SKIP","floor":10},{"not_picked":["Shrug It Off","Body Slam"],"picked":"Clothesline","floor":12},{"not_picked":["Cleave","Second Wind","Clash"],"picked":"SKIP","floor":13},{"not_picked":["Shrug It Off","Feed"],"picked":"Intimidate","floor":14},{"not_picked":["Fiend Fire","Offering"],"picked":"Demon Form","floor":16},{"not_picked":["Feel No Pain","Wild Strike","Clothesline"],"picked":"SKIP","floor":18},{"not_picked":["Intimidate","Body Slam","Wild Strike"],"picked":"SKIP","floor":20},{"not_picked":["Shrug It Off","True Grit+1"],"picked":"Feel No Pain","floor":21},{"not_picked":["Flex","Whirlwind+1"],"picked":"Fiend Fire","floor":23},{"not_picked":["Pommel Strike","Wild Strike+1"],"picked":"Disarm+1","floor":25},{"not_picked":["Spot Weakness","Pummel","Thunderclap"],"picked":"SKIP","floor":28},{"not_picked":["Iron Wave","Pommel Strike","Shrug It Off+1"],"picked":"SKIP","floor":31},{"not_picked":["Demon Form","Juggernaut"],"picked":"Impervious","floor":33},{"not_picked":["Iron Wave","Clothesline+1","Inflame"],"picked":"SKIP","floor":35},{"not_picked":["Clash","Flex+1","Rage"],"picked":"SKIP","floor":36},{"not_picked":["Metallicize","Bloodletting"],"picked":"Shockwave+1","floor":37},{"not_picked":["Dark Shackles","Sadistic Nature"],"picked":"Mind Blast","floor":38},{"not_picked":["Uppercut+1","Reckless Charge+1"],"picked":"Infernal Blade","floor":45},{"not_picked":["Warcry+1","Twin Strike+1","Headbutt"],"picked":"SKIP","floor":47},{"not_picked":["Pommel Strike","Perfected Strike+1"],"picked":"Armaments+1","floor":48}],"player_experience":85750,"relics_obtained":[{"floor":8,"key":"Bird Faced Urn"},{"floor":9,"key":"Omamori"},{"floor":12,"key":"Lantern"},{"floor":21,"key":"Red Mask"},{"floor":26,"key":"Pantograph"},{"floor":34,"key":"Nunchaku"},{"floor":34,"key":"Pear"},{"floor":34,"key":"Torii"},{"floor":39,"key":"StoneCalendar"},{"floor":43,"key":"Potion Belt"}],"event_choices":[{"cards_removed":["Strike_R"],"damage_healed":0,"gold_gain":0,"player_choice":"Card Removal","damage_taken":0,"max_hp_gain":0,"max_hp_loss":0,"event_name":"The Cleric","floor":4,"gold_loss":50},{"damage_healed":0,"gold_gain":0,"player_choice":"Stole Relic","damage_taken":0,"relics_obtained":["Self Forming Clay"],"max_hp_gain":0,"max_hp_loss":0,"event_name":"Addict","floor":19,"gold_loss":0,"cards_obtained":["Shame"]},{"damage_healed":0,"gold_gain":0,"player_choice":"Fought Bandits","damage_taken":0,"max_hp_gain":0,"max_hp_loss":0,"event_name":"Masked Bandits","floor":21,"gold_loss":0},{"damage_healed":0,"gold_gain":0,"player_choice":"Ignored","damage_taken":0,"max_hp_gain":0,"max_hp_loss":0,"event_name":"Vampires","floor":27,"gold_loss":0},{"damage_healed":0,"gold_gain":0,"player_choice":"Memory 1","damage_taken":0,"max_hp_gain":0,"max_hp_loss":0,"event_name":"SensoryStone","floor":38,"gold_loss":0},{"damage_healed":0,"gold_gain":0,"player_choice":"Fight","damage_taken":0,"max_hp_gain":0,"max_hp_loss":0,"event_name":"MindBloom","floor":39,"gold_loss":0},{"damage_healed":0,"gold_gain":222,"player_choice":"Wore Mask","damage_taken":0,"max_hp_gain":0,"max_hp_loss":0,"event_name":"Tomb of Lord Red Mask","floor":41,"gold_loss":0}],"is_beta":false,"boss_relics":[{"not_picked":["Runic Dome","Sozu"],"picked":"Runic Pyramid"},{"not_picked":["Cursed Key","Fusion Hammer"],"picked":"Calling Bell"}],"items_purged_floors":[22,44],"is_endless":false,"potions_floor_spawned":[1,7,8,10,20,21,25,31,35,37,45,48],"ascension_level":0}}