{"host":"cop8ymgpsji2w9by","time":1609204733,"event":{"mods":["2.2 Compatiblity","Act Like it!","Astrologer","Bard","BaseMod","Beaked The Cultist","Better Third Choice","BetterRewards","CapriCore","CatGirl Mod","ChefMod","Colored Map","Colored Powertips","Conspire","Curses Come First","DeckTracker","Downfall","Elementarium","Energized Spire","Fiend Mod","Friendly Minions","Gensokyo","Gremlin Mod","Hallownest","Hermit","Hubris","Infinite Spire","Mad Scientist","Marisa????????","Marked Mod","Menagerie","Mimic Mod","Minty Spire (QoL Compilation)","READ ME - Guardian Mod","Random Character Button","Rare Cards Sparkle","Replay The Spire","Robot Space Explorer","Shade Mod","Somnambulant","Spicy Shops","StSLib","The Accelerator","The Blackbeard","The Bladedancer","The Blue Laboratory","The Bug Knight","The Clintock","The Construct","The Cursed","The Death Knight","The Disciple","The Elementalist","The Factory","The Forsaken","The Gatherer","The Hayseed","The Hierophant","The Immortal","The Judge","The Jungle","The Marked","The Mystic","The Necromancer","The Poker Player","The Runesmith","The Servant 0.9.4","TheFirefly","TheSwordswoman","TheVacant","Wandering Minibosses","thorton"],"gold_per_floor":[115,115,115,115,115,61,61,86,96,135,135,154,0,27,20,33,33,130,130,142,124,124,124,124],"floor_reached":23,"playtime":1961,"items_purged":[],"score":297,"play_id":"ead55d51-e11e-4ef1-bd6e-5b0c1a026ae4","local_time":"20201228201853","is_ascension_mode":false,"campfire_choices":[{"floor":17,"key":"REST"}],"circlet_count":0,"master_deck":["astrologer:Strike","astrologer:Strike","astrologer:Strike","astrologer:Strike","astrologer:Defend","astrologer:Defend+1","astrologer:Defend","astrologer:Defend","astrologer:NorthStar","astrologer:TheFool","astrologer:Prismatic","astrologer:Prismatic+1","astrologer:FrozenStar","astrologer:SolarFlare","astrologer:StarOfRegret","astrologer:ReadTheStars","astrologer:FrozenStar","astrologer:NeutronStar","astrologer:LonelyStar","astrologer:MeteorShower","astrologer:Confirmation","astrologer:Nova","astrologer:LonelyStar","astrologer:MeteorShower","Decay"],"relics":["astrologer:SkyMirror","theForsaken:Lifeblossom","infinitespire:WardingShard","Hallownest:DreamNailRelic","Gremlin Food","Blue Candle","Hallownest:BankAccountRelic","Orichalcum","Painkiller Herb"],"acts_visited":["Exordium","TheCity"],"potions_floor_usage":[18,18],"damage_taken":[{"damage":2,"enemies":"Hallownest:2_MossCreeps","floor":1,"turns":6},{"damage":4,"enemies":"Hallownest:eliteMossKnight","floor":8,"turns":12},{"damage":0,"enemies":"Hallownest:monsterHuskWarrior","floor":9,"turns":4},{"damage":19,"enemies":"Hallownest:monsterHuskGuard","floor":10,"turns":10},{"damage":0,"enemies":"Hallownest:monsterHuskGuard","floor":12,"turns":5},{"damage":39,"enemies":"Hallownest:eliteCrystalGuardian","floor":14,"turns":7},{"damage":15,"enemies":"Hallownest:1_Baldur_1_Crawlid_1_Warrior","floor":16,"turns":6},{"damage":27,"enemies":"Hallownest:BossFalseKnight","floor":18,"turns":10},{"damage":40,"enemies":"conspire:FuzzyDice","floor":20,"turns":7},{"damage":13,"enemies":"2 Thieves","floor":21,"turns":4},{"damage":36,"enemies":"Snake Plant","floor":23,"turns":4}],"seed_played":"-1655997263068481699","potions_obtained":[{"floor":1,"key":"blueLaboratory:EnragingPotion"},{"floor":14,"key":"AttackPotion"},{"floor":16,"key":"blueLaboratory:HorrorPotion"}],"is_trial":false,"path_per_floor":["M","?","?","PTL","PTL","$","?","E","M","MIM","T","M","?","E","$","M","R","B",null,"?","?","?","?"],"character_chosen":"ASTROLOGER","items_purchased":["theForsaken:Lifeblossom","infinitespire:WardingShard","astrologer:Prismatic","astrologer:SolarFlare","astrologer:MeteorShower"],"campfire_rested":1,"item_purchase_floors":[0,0,0,6,15],"current_hp_per_floor":[64,64,55,55,55,55,55,57,63,50,50,56,56,23,23,14,35,14,70,31,24,24,0,0],"gold":124,"neow_bonus":"","is_daily":false,"chose_seed":false,"campfire_upgraded":0,"win_rate":0.0,"timestamp":1609204733,"path_taken":["M","?","?","PTL","PTL","$","?","E","?","?","T","M","?","E","?","M","R","BOSS","?","?","?","?"],"items_purchased_type":["Relic","Relic","Card","Card","Card"],"build_version":"2020-12-22","purchased_purges":0,"victory":false,"max_hp_per_floor":[70,70,70,70,70,70,70,70,70,70,70,70,70,70,70,70,70,70,70,70,70,70,70,70],"card_choices":[{"not_picked":["astrologer:Moonlight","astrologer:Eclipse"],"picked":"astrologer:FrozenStar","floor":1},{"not_picked":["astrologer:Still","astrologer:MeteorShower"],"picked":"astrologer:StarOfRegret","floor":8},{"not_picked":["astrologer:CometStrike","astrologer:Divination"],"picked":"astrologer:ReadTheStars","floor":9},{"not_picked":["astrologer:Stardust","astrologer:Fireball"],"picked":"astrologer:FrozenStar","floor":10},{"not_picked":["astrologer:Novile","astrologer:ReadTheStars"],"picked":"astrologer:NeutronStar","floor":12},{"not_picked":["astrologer:StarOfMisfortune","astrologer:Cataclysm"],"picked":"astrologer:LonelyStar","floor":14},{"not_picked":["astrologer:Radiance","astrologer:Shine"],"picked":"astrologer:Confirmation","floor":16},{"not_picked":["astrologer:BlackHole","astrologer:DarkMatter"],"picked":"astrologer:Nova","floor":18},{"not_picked":["astrologer:Judgement","astrologer:Cataclysm"],"picked":"astrologer:LonelyStar","floor":20},{"not_picked":["astrologer:Sunrise","astrologer:Moonlight"],"picked":"astrologer:MeteorShower","floor":21}],"player_experience":400707,"relics_obtained":[{"floor":8,"key":"Gremlin Food"},{"floor":11,"key":"Blue Candle"},{"floor":14,"key":"Orichalcum"}],"event_choices":[{"damage_healed":0,"gold_gain":0,"player_choice":"Smashed Altar","damage_taken":0,"max_hp_gain":0,"max_hp_loss":0,"event_name":"Forgotten Altar","floor":22,"gold_loss":0,"cards_obtained":["Decay"]}],"is_beta":false,"boss_relics":[{"not_picked":["hubris:HollowSoul","Coffee Dripper"],"picked":"Painkiller Herb"}],"items_purged_floors":[],"is_endless":false,"potions_floor_spawned":[1,14,16],"killed_by":"Snake Plant","ascension_level":0}}