{"host":"yss3m9ygfcyke5zi","time":1609240888,"event":{"mods":["2.2 Compatiblity","BaseMod","Highlight Path","Minty Spire (QoL Compilation)","Permanent Neow"],"gold_per_floor":[119,44,44,64,79,79,79,112,112,74,94,94,114,125,125,125,125],"floor_reached":16,"playtime":2404,"items_purged":["Strike_B"],"score":102,"play_id":"11a716bb-1712-4ee3-a0dd-067048166e99","local_time":"20201229202128","is_ascension_mode":false,"campfire_choices":[{"data":"Dualcast","floor":6,"key":"SMITH"},{"floor":12,"key":"REST"},{"floor":15,"key":"REST"}],"circlet_count":0,"master_deck":["Strike_B","Strike_B","Strike_B","Defend_B","Defend_B","Defend_B","Defend_B","Zap","Dualcast+1","Secret Weapon","Beam Cell","Ball Lightning","Skim","Redo","Rebound","Compile Driver"],"relics":["Cracked Core","Smiling Mask","Potion Belt","Thread and Needle"],"acts_visited":["Exordium"],"potions_floor_usage":[16,16],"damage_taken":[{"damage":0,"enemies":"Small Slimes","floor":1,"turns":3},{"damage":3,"enemies":"Jaw Worm","floor":4,"turns":3},{"damage":0,"enemies":"2 Louse","floor":5,"turns":1},{"damage":40,"enemies":"3 Sentries","floor":8,"turns":6},{"damage":0,"enemies":"Blue Slaver","floor":11,"turns":2},{"damage":6,"enemies":"Exordium Thugs","floor":13,"turns":4},{"damage":0,"enemies":"Large Slime","floor":14,"turns":4},{"damage":50,"enemies":"Slime Boss","floor":16,"turns":9}],"seed_played":"-819757030308752125","potions_obtained":[{"floor":5,"key":"PotionOfCapacity"},{"floor":11,"key":"AttackPotion"},{"floor":14,"key":"AttackPotion"}],"is_trial":false,"path_per_floor":["M","$","?","M","M","R","T","E","T","?","M","R","M","M","R","B"],"character_chosen":"DEFECT","items_purchased":[],"campfire_rested":2,"item_purchase_floors":[],"current_hp_per_floor":[54,54,54,51,51,51,51,11,11,11,11,33,27,27,49,0,0],"gold":125,"neow_bonus":"RANDOM_COLORLESS_2","is_daily":false,"chose_seed":false,"campfire_upgraded":1,"win_rate":0.0,"timestamp":1609240888,"path_taken":["M","$","?","M","M","R","?","E","T","?","M","R","?","M","R","BOSS"],"items_purchased_type":[],"build_version":"2020-12-22","purchased_purges":1,"victory":false,"max_hp_per_floor":[75,75,75,75,75,75,75,75,75,75,75,75,75,75,75,75,75],"card_choices":[{"not_picked":["The Bomb","Panache"],"picked":"Secret Weapon","floor":0},{"not_picked":["Gash","Rip and Tear"],"picked":"Beam Cell","floor":1},{"not_picked":["Chaos","Skim"],"picked":"Ball Lightning","floor":4},{"not_picked":["Stack","Lockon","Leap"],"picked":"SKIP","floor":5},{"not_picked":["Sweeping Beam","Gash"],"picked":"Skim","floor":8},{"not_picked":["Loop","Leap"],"picked":"Redo","floor":11},{"not_picked":["Doom and Gloom","Static Discharge"],"picked":"Rebound","floor":13},{"not_picked":["Thunder Strike","Hologram"],"picked":"Compile Driver","floor":14}],"player_experience":139631,"relics_obtained":[{"floor":7,"key":"Smiling Mask"},{"floor":8,"key":"Potion Belt"},{"floor":9,"key":"Thread and Needle"}],"event_choices":[{"damage_healed":0,"gold_gain":0,"player_choice":"Leave","damage_taken":0,"max_hp_gain":0,"max_hp_loss":0,"event_name":"The Cleric","floor":3,"gold_loss":0},{"damage_healed":0,"gold_gain":0,"player_choice":"Left Gold","damage_taken":0,"max_hp_gain":0,"max_hp_loss":0,"event_name":"World of Goop","floor":10,"gold_loss":38}],"is_beta":false,"boss_relics":[],"items_purged_floors":[2],"is_endless":false,"potions_floor_spawned":[5,11,14],"killed_by":"Slime Boss","ascension_level":0}}