{"host":"72lt20yb89m1ezcj","time":1609220554,"event":{"mods":["2.2 Compatiblity","AchievementEnabler","AlwaysNeverKeys","BaseMod","Better Note","BetterRewards","Block Reminder","Colored Powertips","Highlight Path","Minty Spire (QoL Compilation)","Rare Cards Sparkle","Reorder Act Four","StSLib","everything is the same but u backflip on backflip","slay the spire mod where everything is the same but ironclad has a cowboy hat"],"gold_per_floor":[118,293,393,406,10,43,62,75,157,83,83,98,98,133,133,263,263,281,281,281,300,300,334,334,350,350,371,394,428,449,464,464,585,585,605,605,624,624,642,642,353,151,232,232,263,277,277,291,291,291,291,98,98,141,141,141],"floor_reached":55,"playtime":2661,"items_purged":["Doubt","Strike_R"],"score":1001,"play_id":"81fd3e98-a982-483f-a6c5-e70373a86bcc","local_time":"20201228234234","is_ascension_mode":false,"campfire_choices":[{"floor":11.0,"key":"RECALL"},{"data":"Double Tap","floor":15.0,"key":"SMITH"},{"data":"Limit Break","floor":24.0,"key":"SMITH"},{"floor":32.0,"key":"REST"},{"data":"Apotheosis","floor":44.0,"key":"SMITH"},{"data":"Demon Form","floor":47.0,"key":"SMITH"},{"floor":49.0,"key":"REST"},{"data":"Barricade","floor":53.0,"key":"SMITH"}],"circlet_count":0,"master_deck":["Strike_R+1","Defend_R","Defend_R","Defend_R","Defend_R","Bash+1","Thunderclap+1","Perfected Strike+1","Shrug It Off","Double Tap+1","Cleave+1","Pummel+1","Ghostly Armor","Feed+1","Injury","Battle Trance","Limit Break+1","Infernal Blade+1","Necronomicurse","Warcry","Pommel Strike+1","Inflame+1","Headbutt+1","Dropkick+1","Flame Barrier+1","Dropkick+1","Barricade+1","Demon Form+1","Warcry","Entrench+1","Shrug It Off+1","Apotheosis+1","Bloodletting+1","Entrench+1","Flex+1","Dramatic Entrance+1","Body Slam+1"],"relics":["Black Blood","Membership Card","Molten Egg 2","Ginger","Ice Cream","Oddly Smooth Stone","Calipers","Blood Vial","Golden Idol","Boot","Necronomicon","Letter Opener","Matryoshka","Gremlin Horn","Sozu","Lizard Tail","Bronze Scales","Mummified Hand","Whetstone","Sundial","Toxic Egg 2","Akabeko","Strange Spoon","Bag of Preparation"],"acts_visited":["Exordium","TheCity","TheBeyond","TheEnding"],"potions_floor_usage":[],"damage_taken":[{"damage":1.0,"enemies":"Cultist","floor":1.0,"turns":4.0},{"damage":0.0,"enemies":"2 Louse","floor":4.0,"turns":2.0},{"damage":12.0,"enemies":"Lagavulin","floor":6.0,"turns":4.0},{"damage":0.0,"enemies":"Jaw Worm","floor":7.0,"turns":1.0},{"damage":3.0,"enemies":"3 Louse","floor":8.0,"turns":3.0},{"damage":0.0,"enemies":"Exordium Wildlife","floor":12.0,"turns":3.0},{"damage":21.0,"enemies":"3 Sentries","floor":14.0,"turns":5.0},{"damage":72.0,"enemies":"Hexaghost","floor":16.0,"turns":15.0},{"damage":24.0,"enemies":"2 Thieves","floor":18.0,"turns":4.0},{"damage":0.0,"enemies":"Spheric Guardian","floor":21.0,"turns":3.0},{"damage":25.0,"enemies":"Book of Stabbing","floor":23.0,"turns":4.0},{"damage":15.0,"enemies":"Snecko","floor":25.0,"turns":4.0},{"damage":0.0,"enemies":"3 Cultists","floor":27.0,"turns":3.0},{"damage":9.0,"enemies":"Snake Plant","floor":28.0,"turns":3.0},{"damage":30.0,"enemies":"Gremlin Leader","floor":29.0,"turns":4.0},{"damage":21.0,"enemies":"Centurion and Healer","floor":30.0,"turns":4.0},{"damage":26.0,"enemies":"Shelled Parasite and Fungi","floor":31.0,"turns":5.0},{"damage":85.0,"enemies":"Automaton","floor":33.0,"turns":9.0},{"damage":22.0,"enemies":"Orb Walker","floor":35.0,"turns":3.0},{"damage":3.0,"enemies":"3 Shapes","floor":37.0,"turns":3.0},{"damage":5.0,"enemies":"Jaw Worm Horde","floor":39.0,"turns":4.0},{"damage":6.0,"enemies":"Transient","floor":40.0,"turns":4.0},{"damage":18.0,"enemies":"Giant Head","floor":45.0,"turns":6.0},{"damage":22.0,"enemies":"Maw","floor":46.0,"turns":7.0},{"damage":48.0,"enemies":"4 Shapes","floor":48.0,"turns":9.0},{"damage":69.0,"enemies":"Time Eater","floor":50.0,"turns":11.0},{"damage":44.0,"enemies":"Shield and Spear","floor":54.0,"turns":4.0},{"damage":131,"enemies":"The Heart","floor":55,"turns":6}],"seed_played":"-6330819114197996549","potions_obtained":[{"floor":4.0,"key":"Regen Potion"},{"floor":8.0,"key":"ElixirPotion"},{"floor":12.0,"key":"BlessingOfTheForge"},{"floor":16.0,"key":"BlessingOfTheForge"},{"floor":18.0,"key":"SmokeBomb"},{"floor":33.0,"key":"SkillPotion"}],"is_trial":false,"path_per_floor":["M","?","?","M","$","E","M","M","T","$","R","M","?","E","R","B",null,"M","?","?","M","?","E","R","M","T","M","M","E","M","M","R","B",null,"M","?","M","?","M","M","$","$","T","R","E","M","R","M","R","B",null,"$","R","E","B"],"character_chosen":"IRONCLAD","items_purchased":["Membership Card","Molten Egg 2","Thunderclap+1","Ice Cream","Oddly Smooth Stone","Double Tap","Fruit Juice","Blood Vial","Apotheosis","Lizard Tail","Bronze Scales","Mummified Hand","Akabeko","Strange Spoon","Dramatic Entrance+1"],"campfire_rested":2,"item_purchase_floors":[0,0,0,5,5,5,5,10,41,41,42,42,52,52,52],"current_hp_per_floor":[77,77,77,80,85,79,85,85,85,85,85,85,85,74,74,10,89,81,81,65,79,79,68,68,67,67,81,90,74,67,55,84,13,97,87,87,97,97,97,97,97,97,97,97,95,87,87,57,88,48,105,105,105,73,0,0],"gold":141,"neow_bonus":"","is_daily":false,"chose_seed":false,"campfire_upgraded":5,"win_rate":0.0,"timestamp":1609220554,"path_taken":["M","?","?","?","?","E","M","M","T","$","R","M","?","E","R","BOSS","M","?","?","M","?","E","R","?","T","M","M","E","M","M","R","BOSS","M","?","?","?","M","?","?","$","T","R","E","?","R","M","R","BOSS","$","R","E","BOSS"],"items_purchased_type":["Relic","Relic","Card","Relic","Relic","Card","Potion","Relic","Card","Relic","Relic","Relic","Relic","Relic","Card"],"build_version":"2020-12-22","purchased_purges":2,"victory":false,"max_hp_per_floor":[80,80,80,80,85,85,85,85,85,85,85,85,85,89,89,89,89,93,93,93,93,93,93,93,93,93,93,97,97,97,97,97,97,97,97,97,97,97,97,97,97,97,97,97,101,101,101,105,105,105,105,105,105,105,105,105],"card_choices":[{"not_picked":["Shockwave","Wild Strike+1"],"picked":"Perfected Strike+1","floor":1.0},{"not_picked":["Twin Strike+1","Havoc"],"picked":"Shrug It Off","floor":4.0},{"not_picked":["Seeing Red","True Grit"],"picked":"Cleave+1","floor":6.0},{"not_picked":["Pommel Strike+1","Headbutt+1"],"picked":"Pummel+1","floor":7.0},{"not_picked":["Pommel Strike+1","Armaments"],"picked":"Ghostly Armor","floor":8.0},{"not_picked":["Shrug It Off","Iron Wave+1"],"picked":"Feed+1","floor":12.0},{"not_picked":["Feel No Pain","Clash+1"],"picked":"Battle Trance","floor":14.0},{"not_picked":["Reaper+1","Berserk"],"picked":"Limit Break","floor":16.0},{"not_picked":["Iron Wave+1","Havoc"],"picked":"Infernal Blade+1","floor":18.0},{"not_picked":["Twin Strike+1","Bloodletting"],"picked":"Warcry","floor":21.0},{"not_picked":["Warcry","Perfected Strike+1"],"picked":"Pommel Strike+1","floor":23.0},{"not_picked":["Warcry+1","Havoc+1"],"picked":"Inflame+1","floor":25.0},{"not_picked":["Searing Blow+1","Corruption"],"picked":"Headbutt+1","floor":27.0},{"not_picked":["Anger+1","Perfected Strike+1"],"picked":"Dropkick+1","floor":28.0},{"not_picked":["Dropkick+1","Iron Wave+1"],"picked":"Flame Barrier+1","floor":29.0},{"not_picked":["Pommel Strike+1","Perfected Strike+1"],"picked":"Dropkick+1","floor":30.0},{"not_picked":["Perfected Strike+1","Clash+1"],"picked":"Barricade","floor":31.0},{"not_picked":["Reaper+1","Feed+1"],"picked":"Demon Form","floor":33.0},{"not_picked":["Clothesline+1","Reckless Charge+1","Clash+1"],"picked":"SKIP","floor":35.0},{"not_picked":["Perfected Strike+1","Armaments"],"picked":"Entrench+1","floor":37.0},{"not_picked":["Pommel Strike+1","Sever Soul+1"],"picked":"Shrug It Off+1","floor":39.0},{"not_picked":["Cleave+1","Perfected Strike+1"],"picked":"Bloodletting+1","floor":45.0},{"not_picked":["Twin Strike+1","Sword Boomerang+1"],"picked":"Entrench+1","floor":46.0},{"not_picked":["Offering+1","Sword Boomerang+1"],"picked":"Flex+1","floor":48.0},{"not_picked":["Clothesline+1","Feel No Pain+1"],"picked":"Body Slam+1","floor":54.0}],"player_experience":746116,"relics_obtained":[{"floor":6.0,"key":"Calipers"},{"floor":14.0,"key":"Boot"},{"floor":20.0,"key":"Necronomicon"},{"floor":23.0,"key":"Letter Opener"},{"floor":26.0,"key":"Matryoshka"},{"floor":29.0,"key":"Gremlin Horn"},{"floor":43.0,"key":"Whetstone"},{"floor":43.0,"key":"Sundial"},{"floor":45.0,"key":"Toxic Egg 2"},{"floor":54.0,"key":"Bag of Preparation"}],"event_choices":[{"damage_healed":0.0,"max_hp_gain":0.0,"max_hp_loss":0.0,"gold_gain":175.0,"event_name":"Liars Game","player_choice":"AGREE","floor":2.0,"gold_loss":0.0,"damage_taken":0.0,"cards_obtained":["Doubt"]},{"damage_healed":0.0,"max_hp_gain":0.0,"max_hp_loss":0.0,"gold_gain":100.0,"event_name":"Golden Shrine","player_choice":"Pray","floor":3.0,"gold_loss":0.0,"damage_taken":0.0},{"damage_healed":0.0,"max_hp_gain":0.0,"max_hp_loss":0.0,"gold_gain":0.0,"event_name":"Golden Idol","player_choice":"Take Wound","floor":13.0,"gold_loss":0.0,"damage_taken":0.0,"relics_obtained":["Golden Idol"],"cards_obtained":["Injury"]},{"damage_healed":0.0,"max_hp_gain":0.0,"max_hp_loss":0.0,"gold_gain":0.0,"event_name":"betterNote:BetterNote","player_choice":"Ignored","floor":19.0,"gold_loss":0.0,"damage_taken":0.0,"cards_obtained":["Shockwave"]},{"damage_healed":0.0,"max_hp_gain":0.0,"max_hp_loss":0.0,"gold_gain":0.0,"event_name":"Cursed Tome","player_choice":"Obtained Book","floor":20.0,"gold_loss":0.0,"damage_taken":16.0},{"cards_removed":["Strike_R"],"damage_healed":0.0,"max_hp_gain":0.0,"max_hp_loss":0.0,"gold_gain":0.0,"event_name":"Bonfire Elementals","player_choice":"Offered Basic","floor":22.0,"gold_loss":0.0,"damage_taken":0.0},{"damage_healed":0.0,"max_hp_gain":0.0,"max_hp_loss":0.0,"gold_gain":0.0,"cards_transformed":["Strike_R"],"event_name":"Transmorgrifier","player_choice":"Transformed","floor":36.0,"gold_loss":0.0,"damage_taken":0.0,"cards_obtained":["Warcry"]},{"cards_removed":["Strike_R"],"damage_healed":0.0,"max_hp_gain":0.0,"max_hp_loss":0.0,"gold_gain":0.0,"event_name":"Purifier","player_choice":"Purged","floor":38.0,"gold_loss":0.0,"damage_taken":0.0}],"is_beta":false,"boss_relics":[{"not_picked":["Velvet Choker","Coffee Dripper"],"picked":"Black Blood"},{"not_picked":["Runic Dome","Runic Cube"],"picked":"Sozu"}],"items_purged_floors":[5,41],"is_endless":false,"potions_floor_spawned":[4,8,12,16,18,25,31,33,35,40,45],"killed_by":"The Heart","ascension_level":0}}