{"host":"m6e09adb7fik7oct","time":1609279434,"event":{"mods":["AchievementEnabler","BaseMod","Better Altar","Better Note","Better Sensory Stone","Better Skull","Better Third Choice","Block Reminder","Colored Map","Displayed Cursed Tome","Ironclad Rager","Key Reminder","Mad Scientist","Minty Spire (QoL Compilation)","Permanent Neow","Quick Restart","RNG Fix","Relic Stats","Reorder Act Four","StSLib","Transform Curses","Unceasing Turn Reminder","everything is the same but u backflip on backflip"],"gold_per_floor":[114,129,129,144,159,159,189,204,204,204,8,23,23,38,38,138,138,153,78,93,93,108,438,473,488,488,42,72,87,87,102,102,202,202,217,217,217,232,232,262,262,277,277,277,307,322,322,337,337,337,337],"floor_reached":50,"playtime":6042,"items_purged":["Pain"],"score":573,"play_id":"444d72a6-6b32-43db-baf5-f70a213946d9","local_time":"20201229170354","daily_mods":["Allstar","Colorless Cards","Night Terrors"],"is_ascension_mode":false,"campfire_choices":[{"data":"Cleave","floor":6.0,"key":"SMITH"},{"data":"Bandage Up","floor":10.0,"key":"SMITH"},{"data":"Jack Of All Trades","floor":15.0,"key":"SMITH"},{"data":"Jack Of All Trades","floor":30.0,"key":"SMITH"},{"data":"Shrug It Off","floor":32.0,"key":"SMITH"},{"floor":41,"key":"REST"},{"data":"Heavy Blade","floor":44,"key":"SMITH"},{"floor":49,"key":"REST"}],"circlet_count":0,"master_deck":["Bash","Flash of Steel","Purity","Bandage Up+1","PanicButton","Trip","Cleave+1","Power Through","Clothesline","Exhume","Iron Wave","Jack Of All Trades+1","Shrug It Off+1","Barricade","Dark Embrace","Twin Strike+1","Decay","Havoc","Second Wind","Heavy Blade+1","Infernal Blade","Jack Of All Trades+1","Dark Shackles","Flex","Feed","Discovery","Finesse","Flex","Dual Wield","Violence","Twin Strike","Shockwave+1","Heavy Blade+1","Secret Technique","Regret","Pain"],"relics":["Burning Blood","Mercury Hourglass","Ice Cream","Sling","InkBottle","Cursed Key","Old Coin","The Courier","Strange Spoon","Letter Opener","Smiling Mask","Pandora\u0027s Box","MealTicket","Happy Flower","Mummified Hand","StrikeDummy"],"acts_visited":["Exordium","TheCity","TheBeyond"],"potions_floor_usage":[46,46],"damage_taken":[{"damage":1.0,"enemies":"Cultist","floor":1.0,"turns":3.0},{"damage":8.0,"enemies":"Jaw Worm","floor":2.0,"turns":3.0},{"damage":6.0,"enemies":"Small Slimes","floor":4.0,"turns":3.0},{"damage":16.0,"enemies":"Blue Slaver","floor":5.0,"turns":3.0},{"damage":11.0,"enemies":"Lagavulin","floor":7.0,"turns":8.0},{"damage":1.0,"enemies":"2 Fungi Beasts","floor":8.0,"turns":2.0},{"damage":0.0,"enemies":"Lots of Slimes","floor":12.0,"turns":1.0},{"damage":5.0,"enemies":"Red Slaver","floor":14.0,"turns":4.0},{"damage":71.0,"enemies":"Slime Boss","floor":16.0,"turns":9.0},{"damage":10.0,"enemies":"Chosen","floor":18.0,"turns":6.0},{"damage":2.0,"enemies":"3 Byrds","floor":20.0,"turns":4.0},{"damage":29.0,"enemies":"Centurion and Healer","floor":22.0,"turns":5.0},{"damage":19.0,"enemies":"Slavers","floor":23.0,"turns":5.0},{"damage":19.0,"enemies":"Cultist and Chosen","floor":24.0,"turns":9.0},{"damage":5.0,"enemies":"Snecko","floor":25.0,"turns":5.0},{"damage":16.0,"enemies":"Gremlin Leader","floor":28.0,"turns":6.0},{"damage":20.0,"enemies":"Shelled Parasite and Fungi","floor":29.0,"turns":4.0},{"damage":25.0,"enemies":"Centurion and Healer","floor":31.0,"turns":5.0},{"damage":54.0,"enemies":"Collector","floor":33.0,"turns":8.0},{"damage":4.0,"enemies":"3 Darklings","floor":35.0,"turns":2.0},{"damage":21.0,"enemies":"3 Shapes","floor":38.0,"turns":2.0},{"damage":72,"enemies":"Nemesis","floor":40,"turns":7},{"damage":19,"enemies":"Jaw Worm Horde","floor":42,"turns":3},{"damage":24,"enemies":"Giant Head","floor":45,"turns":7},{"damage":46,"enemies":"Transient","floor":46,"turns":5},{"damage":23,"enemies":"Spire Growth","floor":48,"turns":4},{"damage":90,"enemies":"Awakened One","floor":50,"turns":7}],"seed_played":"6838610760785432018","potions_obtained":[{"floor":2.0,"key":"SpeedPotion"},{"floor":4.0,"key":"Regen Potion"},{"floor":12.0,"key":"Dexterity Potion"},{"floor":14.0,"key":"Weak Potion"},{"floor":18.0,"key":"Explosive Potion"},{"floor":24.0,"key":"FairyPotion"},{"floor":46,"key":"DuplicationPotion"}],"is_trial":false,"path_per_floor":["M","M","?","M","M","R","E","M","T","R","$","M","T","M","R","B",null,"M","?","M","?","M","E","M","M","T","$","E","M","R","M","R","B",null,"M","?","?","M","?","E","R","M","T","R","E","M","T","M","R","B"],"character_chosen":"IRONCLAD","items_purchased":["Sling","Iron Wave","Infernal Blade","Strange Spoon","Letter Opener"],"campfire_rested":2,"item_purchase_floors":[11,11,27,27,27],"current_hp_per_floor":[80,80,80,80,70,70,69,74,74,74,74,80,80,80,80,21,80,80,80,80,80,57,56,55,62,62,62,70,62,62,49,49,7,80,80,80,72,66,66,30,78,68,68,68,62,39,39,28,76,0,0],"gold":337,"neow_bonus":"","is_daily":true,"chose_seed":false,"campfire_upgraded":6,"win_rate":0.0,"timestamp":1609279434,"path_taken":["M","?","?","M","M","R","E","M","T","R","$","M","?","M","R","BOSS","M","?","M","?","M","E","M","M","T","?","E","M","R","?","R","BOSS","M","?","?","?","?","E","R","M","T","R","E","?","?","M","R","BOSS"],"items_purchased_type":["Relic","Card","Card","Relic","Relic"],"build_version":"2020-12-22","purchased_purges":1,"victory":false,"max_hp_per_floor":[80,80,80,80,80,80,80,80,80,80,80,80,80,80,80,80,80,80,80,80,80,80,80,80,80,80,80,80,80,80,80,80,80,80,80,80,80,83,83,83,78,81,81,81,81,81,81,81,76,76,76],"relic_stats":{"Happy Flower":[7],"counters":[27,128],"Letter Opener":[479],"Cursed Key":3,"Smiling Mask":0,"Burning Blood":128,"Mercury Hourglass":[466],"Strange Spoon":[106],"Mummified Hand":[8],"Pandora\u0027s Box":["Flex","Iron Wave","Feed","Discovery","Finesse","Flex","Dual Wield","Violence","Twin Strike"],"MealTicket":0,"obtain_stats":[{"Ice Cream":9,"Happy Flower":43,"The Courier":26,"Letter Opener":27,"Sling":11,"Cursed Key":17,"Smiling Mask":28,"Burning Blood":0,"Mercury Hourglass":7,"Old Coin":23,"Strange Spoon":27,"Mummified Hand":45,"Pandora\u0027s Box":34,"MealTicket":40,"StrikeDummy":47,"InkBottle":13},{"Ice Cream":6,"Happy Flower":23,"The Courier":15,"Letter Opener":15,"Sling":6,"Cursed Key":9,"Smiling Mask":16,"Burning Blood":0,"Mercury Hourglass":5,"Old Coin":13,"Strange Spoon":15,"Mummified Hand":24,"Pandora\u0027s Box":19,"MealTicket":22,"StrikeDummy":25,"InkBottle":7},{"Ice Cream":22,"Happy Flower":105,"The Courier":68,"Letter Opener":68,"Sling":22,"Cursed Key":36,"Smiling Mask":74,"Burning Blood":0,"Mercury Hourglass":20,"Old Coin":54,"Strange Spoon":68,"Mummified Hand":112,"Pandora\u0027s Box":91,"MealTicket":102,"StrikeDummy":117,"InkBottle":23}],"InkBottle":[61]},"card_choices":[{"not_picked":["Dual Wield","Shrug It Off"],"picked":"Cleave","floor":1.0},{"not_picked":["Flash of Steel","Cleave","Combust"],"picked":"SKIP","floor":2.0},{"not_picked":["Burning Pact","Havoc"],"picked":"Power Through","floor":4.0},{"not_picked":["Shrug It Off","Discovery"],"picked":"Clothesline","floor":5.0},{"not_picked":["Twin Strike","Warcry"],"picked":"Exhume","floor":7.0},{"not_picked":["Havoc","Madness","Body Slam"],"picked":"SKIP","floor":8.0},{"not_picked":["Inflame","Shrug It Off"],"picked":"Jack Of All Trades","floor":12.0},{"not_picked":["True Grit","Perfected Strike"],"picked":"Shrug It Off","floor":14.0},{"not_picked":["Impervious","The Bomb"],"picked":"Barricade","floor":16.0},{"not_picked":["Thunderclap","Clash"],"picked":"Dark Embrace","floor":18.0},{"not_picked":["Pommel Strike+1","Armaments"],"picked":"Twin Strike+1","floor":20.0},{"not_picked":["Whirlwind+1","Clothesline"],"picked":"Havoc","floor":22.0},{"not_picked":["Twin Strike","Combust"],"picked":"Second Wind","floor":23.0},{"not_picked":["Twin Strike","Warcry+1"],"picked":"Heavy Blade","floor":24.0},{"not_picked":["Pummel","Flex","Forethought+1"],"picked":"SKIP","floor":25.0},{"not_picked":["Flex","Thinking Ahead","Wild Strike"],"picked":"SKIP","floor":28.0},{"not_picked":["Armaments","Infernal Blade"],"picked":"Jack Of All Trades","floor":29.0},{"not_picked":["Deep Breath","Bloodletting+1"],"picked":"Dark Shackles","floor":31.0},{"not_picked":["Flash of Steel+1","Purity"],"picked":"Shockwave","floor":35.0},{"not_picked":["Deep Breath+1","Anger+1"],"picked":"Heavy Blade+1","floor":38.0},{"not_picked":["Headbutt+1","ICR:Frenzy"],"picked":"Secret Technique","floor":40},{"not_picked":["Havoc+1","Perfected Strike","Warcry+1"],"picked":"SKIP","floor":42},{"not_picked":["Twin Strike","Sever Soul+1","Anger+1"],"picked":"SKIP","floor":45},{"not_picked":["Wild Strike","Anger+1","Berserk"],"picked":"SKIP","floor":46},{"not_picked":["Trip","Wild Strike","Dropkick+1"],"picked":"SKIP","floor":48}],"player_experience":183280,"relics_obtained":[{"floor":7.0,"key":"Mercury Hourglass"},{"floor":9.0,"key":"Ice Cream"},{"floor":13.0,"key":"InkBottle"},{"floor":23.0,"key":"Old Coin"},{"floor":26.0,"key":"The Courier"},{"floor":28.0,"key":"Smiling Mask"},{"floor":40,"key":"MealTicket"},{"floor":43,"key":"Happy Flower"},{"floor":45,"key":"Mummified Hand"},{"floor":47,"key":"StrikeDummy"}],"event_choices":[{"damage_healed":0.0,"max_hp_gain":0.0,"max_hp_loss":0.0,"gold_gain":0.0,"event_name":"Wheel of Change","player_choice":"Cursed","floor":3.0,"gold_loss":0.0,"damage_taken":0.0,"cards_obtained":["Decay"]},{"cards_removed":["Decay"],"damage_healed":0.0,"max_hp_gain":0.0,"max_hp_loss":0.0,"gold_gain":0.0,"event_name":"Beggar","player_choice":"Gave Gold","floor":19.0,"gold_loss":75.0,"damage_taken":0.0},{"damage_healed":0.0,"max_hp_gain":0.0,"max_hp_loss":0.0,"gold_gain":0.0,"event_name":"betterAltar:BetterAltar","player_choice":" Defy","floor":21.0,"gold_loss":0.0,"damage_taken":0.0,"cards_obtained":["Decay"]},{"cards_removed":["Iron Wave"],"damage_healed":0.0,"max_hp_gain":0.0,"max_hp_loss":0.0,"gold_gain":0.0,"event_name":"Falling","player_choice":"Removed Attack","floor":36.0,"gold_loss":0.0,"damage_taken":0.0},{"damage_healed":0.0,"max_hp_gain":0.0,"max_hp_loss":0.0,"gold_gain":0.0,"event_name":"Wheel of Change","player_choice":"Damaged","floor":37.0,"gold_loss":0.0,"damage_taken":8.0},{"damage_healed":0.0,"max_hp_gain":0.0,"max_hp_loss":0.0,"gold_gain":0.0,"event_name":"Accursed Blacksmith","player_choice":"Forge","floor":39.0,"gold_loss":0.0,"damage_taken":0.0,"cards_upgraded":["Shockwave"]}],"is_beta":false,"boss_relics":[{"not_picked":["Calling Bell","Runic Dome"],"picked":"Cursed Key"},{"not_picked":["Runic Cube","Runic Pyramid"],"picked":"Pandora\u0027s Box"}],"items_purged_floors":[27],"is_endless":false,"potions_floor_spawned":[2,4,12,14,18,24,25,28,31,35,38,46],"killed_by":"Awakened One","ascension_level":0}}