{"host":"u3zhfyeznnb1kiy1","time":1609285772,"event":{"mods":["BaseMod","Colored Map","Colored Powertips","Downfall","GifTheSpireLib","Highlight Path","Minty Spire (QoL Compilation)","StSLib"],"gold_per_floor":[99,110,110,110,124,141,221,253,34,34,209,234,84,100,115,218,218,218,233,233,318,318,318,318],"floor_reached":22,"playtime":2827,"items_purged":[],"score":202,"play_id":"869809ac-23df-41e2-9c6f-ce84fbb37924","local_time":"20201229184932","is_ascension_mode":true,"campfire_choices":[{"floor":1.0,"key":"RECALL"},{"data":"Slimebound:DuplicatedForm","floor":10,"key":"SMITH"},{"data":"Slimebound:Split","floor":13,"key":"SMITH"},{"data":"Slimebound:WasteNot","floor":18,"key":"SMITH"}],"circlet_count":0,"master_deck":["Slimebound:Strike_Slimebound","Slimebound:Strike_Slimebound","Slimebound:Tackle","Slimebound:Defend_Slimebound","Slimebound:Defend_Slimebound","Slimebound:Defend_Slimebound","Slimebound:Defend_Slimebound","Slimebound:Split+1","Slimebound:CorrosiveSpit","Slimebound:DuplicatedForm+1","Slimebound:LeechEnergy","Slimebound:LeechEnergy","Slimebound:RejuvenatingLick","Slimebound:HungryTackle","Doubt","Slimebound:RejuvenatingLick","Slimebound:Grow","Slimebound:WasteNot+1","Slimebound:GrowthPunch"],"relics":["Slimebound:AbsorbEndCombat","The Courier","Singing Bowl","Shuriken","Torii","downfall:HeartBlessingGreen","downfall:HeartBlessingRed","Runic Pyramid"],"acts_visited":["Exordium","TheCity"],"potions_floor_usage":[8],"damage_taken":[{"damage":5.0,"enemies":"2 Louse","floor":2.0,"turns":3.0},{"damage":9.0,"enemies":"Small Slimes","floor":5.0,"turns":4.0},{"damage":20,"enemies":"Cultist","floor":6,"turns":3},{"damage":52,"enemies":"3 Sentries","floor":8,"turns":8},{"damage":29,"enemies":"downfall:FleeingMerchant","floor":9,"turns":4},{"damage":47,"enemies":"Lagavulin","floor":12,"turns":7},{"damage":15,"enemies":"Red Slaver","floor":14,"turns":3},{"damage":33,"enemies":"Large Slime","floor":15,"turns":3},{"damage":55,"enemies":"downfall:Watcher","floor":16,"turns":8},{"damage":32,"enemies":"3 Byrds","floor":19,"turns":4},{"damage":69,"enemies":"Snake Plant","floor":22,"turns":2}],"seed_played":"-8242523511125430793","potions_obtained":[{"floor":4.0,"key":"LiquidMemories"},{"floor":4.0,"key":"FearPotion"},{"floor":4.0,"key":"champ:CounterPotion"},{"floor":6,"key":"Dexterity Potion"},{"floor":14,"key":"SteroidPotion"}],"is_trial":false,"path_per_floor":["R","M","?","?","M","M","T","E","$","R","?","E","R","M","M","B",null,"R","M","?","?","M"],"character_chosen":"SLIMEBOUND","items_purchased":["Shuriken"],"campfire_rested":0,"item_purchase_floors":[9],"current_hp_per_floor":[60,60,60,60,57,60,60,45,43,43,43,33,33,38,44,42,64,64,63,63,51,0,0,0],"gold":318,"neow_bonus":"ONE_RANDOM_RARE_CARD","is_daily":false,"chose_seed":false,"campfire_upgraded":3,"win_rate":0.0,"timestamp":1609285772,"path_taken":["R","M","?","?","?","M","T","E","?","R","?","E","R","M","M","BOSS","R","M","?","?","M"],"items_purchased_type":["Relic"],"build_version":"2020-12-22","purchased_purges":0,"victory":false,"max_hp_per_floor":[60,60,60,60,60,60,60,62,62,62,62,62,62,64,64,64,64,64,64,64,64,64,64,64],"card_choices":[{"not_picked":["Slimebound:ViciousTackle","Slimebound:AcidTongue"],"picked":"Slimebound:LeechEnergy","floor":2.0},{"not_picked":["Slimebound:SplitAcid","Slimebound:PressTheAttack"],"picked":"Slimebound:LeechEnergy","floor":5},{"not_picked":["Slimebound:SlimeSpikes","Slimebound:GoopSpray"],"picked":"Slimebound:RejuvenatingLick","floor":6},{"not_picked":["Slimebound:LeadByExample","Slimebound:Schlurp","Slimebound:SplitBruiser"],"picked":"Singing Bowl","floor":8},{"not_picked":["Slimebound:LeechingTouch","Slimebound:SplitMire"],"picked":"Slimebound:HungryTackle","floor":9},{"not_picked":["Slimebound:SlimeSpikes","Slimebound:SlimeSlap"],"picked":"Slimebound:RejuvenatingLick","floor":12},{"not_picked":["Slimebound:FinishingTackle","Slimebound:ForwardTackle","Slimebound:PressTheAttack"],"picked":"Singing Bowl","floor":14},{"not_picked":["Slimebound:TongueLash","Slimebound:SplitBruiser"],"picked":"Slimebound:Grow","floor":15},{"not_picked":["Slimebound:PrepareCrush","Slimebound:DuplicatedForm"],"picked":"Slimebound:WasteNot","floor":16},{"not_picked":["Slimebound:SplitBruiser","Slimebound:FinishingTackle"],"picked":"Slimebound:GrowthPunch","floor":19}],"player_experience":1173334,"relics_obtained":[{"floor":7,"key":"The Courier"},{"floor":8,"key":"Singing Bowl"},{"floor":12,"key":"Torii"}],"event_choices":[{"cards_removed":["Slimebound:Strike_Slimebound"],"damage_healed":0.0,"max_hp_gain":0.0,"max_hp_loss":0.0,"gold_gain":0.0,"event_name":"The Cleric","player_choice":"Card Removal","floor":3.0,"gold_loss":0.0,"damage_taken":0.0},{"damage_healed":0.0,"max_hp_gain":0.0,"max_hp_loss":0.0,"gold_gain":0.0,"event_name":"Lab","player_choice":"Got Potions","floor":4.0,"gold_loss":0.0,"damage_taken":0.0},{"damage_healed":0,"gold_gain":0,"player_choice":"Ignored","damage_taken":0,"max_hp_gain":0,"max_hp_loss":0,"event_name":"Ghosts","floor":20,"gold_loss":0}],"is_beta":false,"boss_relics":[{"not_picked":["SacredBark","Snecko Eye"],"picked":"Runic Pyramid"}],"items_purged_floors":[],"is_endless":false,"potions_floor_spawned":[5,6,14,19],"killed_by":"Snake Plant","ascension_level":1}}