{"host":"ttx8tv95o5vka1nm","time":1609235006,"event":{"mods":["BaseMod","Colored Map","Downfall","Infinite Spire","Minty Spire (QoL Compilation)","Replay The Spire","Shop Mod","StSLib","The Jungle"],"gold_per_floor":[368,32,32,32,49,76,76,104,104,116,116,144,163,196,196,301,301,323,349,372,372,401,442,442,468,468,477,477,477],"floor_reached":28,"playtime":4927,"items_purged":["Defend_G"],"score":352,"play_id":"cfed1c34-1ef8-4dff-a89e-df9b713c0d7f","local_time":"20201229194326","is_ascension_mode":true,"campfire_choices":[{"floor":7.0,"key":"REST"},{"data":"Footwork","floor":15,"key":"SMITH"},{"floor":24,"key":"REST"}],"circlet_count":0,"master_deck":["Strike_G","Strike_G","Strike_G","Strike_G","Defend_G","Defend_G","Defend_G","Survivor","Neutralize","Footwork+1","Cloak And Dagger","Glass Knife","Backflip","Backflip","Tactician","Blur","Atom Bomb","Dash","Poisoned Stab","PiercingWail","Noxious Fumes","ReplayTheSpireMod:Speed Training","Blur","Glass Knife"],"relics":["Sizzling Blood","Membership Card","Mummified Hand","Happy Flower","Blood Vial","Orichalcum","infinitespire:Cubic Diamond","CeramicFish","Gambling Chip","SacredBark","Ring of Hypnosis","Ring of Fangs","infinitespire:Beetle Shell","infinitespire:Golems Mask"],"acts_visited":["Exordium","TheCity"],"potions_floor_usage":[16,16,20,20,22,25],"damage_taken":[{"damage":3.0,"enemies":"Cultist","floor":1.0,"turns":4.0},{"damage":0.0,"enemies":"2 Louse","floor":5.0,"turns":2.0},{"damage":22.0,"enemies":"3 Sentries","floor":6.0,"turns":15.0},{"damage":21.0,"enemies":"Gremlin Nob","floor":8.0,"turns":4.0},{"damage":0.0,"enemies":"Jaw Worm","floor":10.0,"turns":4.0},{"damage":1.0,"enemies":"Replay:BlueRogue","floor":12.0,"turns":9.0},{"damage":0.0,"enemies":"3 Louse","floor":13.0,"turns":4.0},{"damage":0.0,"enemies":"3 Sentries","floor":14.0,"turns":12.0},{"damage":33,"enemies":"Slime Boss","floor":16,"turns":16},{"damage":0,"enemies":"Spheric Guardian","floor":18,"turns":2},{"damage":0,"enemies":"Chosen","floor":19,"turns":9},{"damage":17,"enemies":"Shelled Parasite and Fungi","floor":20,"turns":9},{"damage":24,"enemies":"3 Cultists","floor":22,"turns":7},{"damage":28,"enemies":"Nightmare","floor":23,"turns":7},{"damage":12,"enemies":"Chosen and Byrds","floor":25,"turns":8},{"damage":24,"enemies":"Gremlin Leader","floor":28,"turns":3}],"seed_played":"-7958769132065329771","potions_obtained":[{"floor":1.0,"key":"SteroidPotion"},{"floor":8.0,"key":"Adrenaline Potion"},{"floor":10.0,"key":"Reflective Coating"},{"floor":12.0,"key":"CultistPotion"},{"floor":13.0,"key":"LifebloodPotion"},{"floor":16,"key":"Venom Potion"},{"floor":19,"key":"PowerPotion"},{"floor":20,"key":"Energy Potion"},{"floor":23,"key":"Swift Potion"}],"is_trial":false,"path_per_floor":["M","$","?","$","M","E","R","E","T","M","?","E","M","E","R","B",null,"M","M","M","?","M","NM","R","M","T","?","E"],"character_chosen":"THE_SILENT","items_purchased":["Membership Card","Mummified Hand","Cloak And Dagger"],"campfire_rested":2,"item_purchase_floors":[2,2,2],"current_hp_per_floor":[60,60,60,60,60,38,56,35,35,37,37,42,48,54,54,27,63,63,63,50,50,32,10,28,22,22,22,0,0],"gold":477,"neow_bonus":"TWO_FIFTY_GOLD","is_daily":false,"chose_seed":false,"campfire_upgraded":1,"win_rate":0.0,"timestamp":1609235006,"path_taken":["M","$","?","?","M","E","R","E","T","M","?","E","M","E","R","BOSS","M","M","M","?","M","NM","R","M","T","?","E"],"items_purchased_type":["Relic","Relic","Card"],"build_version":"2020-12-22","purchased_purges":1,"victory":false,"max_hp_per_floor":[63,63,63,63,63,63,63,63,63,63,63,63,63,63,63,63,63,63,63,63,63,63,63,63,63,63,63,63,63],"card_choices":[{"not_picked":["Deadly Poison","Acrobatics"],"picked":"Footwork","floor":1.0},{"not_picked":["Outmaneuver","Prepared"],"picked":"Backflip","floor":5.0},{"not_picked":["Expertise","Dodge and Roll"],"picked":"Backflip","floor":6.0},{"not_picked":["Malaise","Sneak Up"],"picked":"Tactician","floor":8.0},{"not_picked":["Setup","Tactician"],"picked":"Blur","floor":10.0},{"not_picked":["Catalyst","ReplayTheSpireMod:The Works","Deadly Poison"],"picked":"SKIP","floor":12.0},{"not_picked":["Setup","Deflect","Underhanded Strike"],"picked":"SKIP","floor":13.0},{"not_picked":["A Thousand Cuts","Slice","PiercingWail"],"picked":"SKIP","floor":14.0},{"not_picked":["Glass Knife","Grand Finale"],"picked":"Atom Bomb","floor":16},{"not_picked":["ReplayTheSpireMod:Scrap Shanks","Quick Slash"],"picked":"Dash","floor":18},{"not_picked":["Bane","Underhanded Strike"],"picked":"Poisoned Stab","floor":19},{"not_picked":["Unload","Dodge and Roll"],"picked":"PiercingWail","floor":20},{"not_picked":["Slice","Hidden Blade"],"picked":"Noxious Fumes","floor":22},{"not_picked":["Quick Slash","ReplayTheSpireMod:The Works"],"picked":"ReplayTheSpireMod:Speed Training","floor":23},{"not_picked":["Bane","Quick Slash"],"picked":"Blur","floor":25}],"player_experience":504124,"relics_obtained":[{"floor":6.0,"key":"Happy Flower"},{"floor":8.0,"key":"Blood Vial"},{"floor":9.0,"key":"Orichalcum"},{"floor":12.0,"key":"CeramicFish"},{"floor":14.0,"key":"Gambling Chip"},{"floor":21,"key":"Ring of Hypnosis"},{"floor":21,"key":"Ring of Fangs"},{"floor":23,"key":"infinitespire:Beetle Shell"},{"floor":26,"key":"infinitespire:Golems Mask"}],"event_choices":[{"damage_healed":0.0,"max_hp_gain":0.0,"max_hp_loss":0.0,"gold_gain":0.0,"cards_transformed":["Strike_G"],"event_name":"Transmorgrifier","player_choice":"Transformed","floor":3.0,"gold_loss":0.0,"damage_taken":0.0,"cards_obtained":["Glass Knife"]},{"damage_healed":0,"gold_gain":0,"cards_transformed":["Defend_G"],"player_choice":"Transformed","damage_taken":0,"max_hp_gain":0,"max_hp_loss":0,"event_name":"Transmorgrifier","floor":27,"gold_loss":0,"cards_obtained":["Glass Knife"]}],"is_beta":false,"boss_relics":[{"not_picked":["Runic Pyramid","Replay:Drink Me"],"picked":"SacredBark"}],"items_purged_floors":[2],"is_endless":true,"potions_floor_spawned":[1,8,10,12,13,16,19,20,23],"killed_by":"Gremlin Leader","ascension_level":4}}