{"host":"k4et7hlhlqy8fuoz","time":1609247968,"event":{"mods":["2.2 Compatiblity","AchievementEnabler","BaseMod","Colored Map","DeckTracker","Highlight Path","Minty Spire (QoL Compilation)","Random Character Button","Rare Cards Sparkle"],"gold_per_floor":[112,127,127,142,159,159,176,189,215,215,3,22,22,22,22,148,148,167,167,266,266,281,281,44,64,140,140,140,159,174,189,189,189,189],"floor_reached":33,"playtime":2127,"items_purged":["Injury"],"score":241,"play_id":"9860d40e-8983-4f71-b853-c2d5c0cedee1","local_time":"20201229141928","is_ascension_mode":false,"campfire_choices":[{"data":"Dualcast","floor":6,"key":"SMITH"},{"data":"Steam","floor":10,"key":"SMITH"},{"floor":15,"key":"REST"},{"floor":28,"key":"REST"},{"floor":32,"key":"REST"}],"circlet_count":0,"master_deck":["Strike_B+1","Strike_B+1","Strike_B+1","Strike_B+1","Defend_B+1","Defend_B+1","Defend_B+1","Defend_B+1","Zap+1","Dualcast+1","Sweeping Beam","Streamline","Gash","Steam+1","Gash","Compile Driver","Apotheosis","Doom and Gloom","Rainbow","Rainbow","Leap","FTL","Self Repair+1","Go for the Eyes","White Noise","Stack+1","Amplify","Barrage","BootSequence"],"relics":["Cracked Core","Happy Flower","Golden Idol","Frozen Egg 2","Darkstone Periapt"],"acts_visited":["Exordium","TheCity"],"potions_floor_usage":[16],"damage_taken":[{"damage":6,"enemies":"2 Louse","floor":1,"turns":4},{"damage":0,"enemies":"Small Slimes","floor":2,"turns":3},{"damage":0,"enemies":"Cultist","floor":4,"turns":3},{"damage":17,"enemies":"Large Slime","floor":5,"turns":5},{"damage":1,"enemies":"Blue Slaver","floor":7,"turns":3},{"damage":0,"enemies":"Exordium Wildlife","floor":8,"turns":3},{"damage":5,"enemies":"Looter","floor":12,"turns":3},{"damage":41,"enemies":"The Guardian","floor":16,"turns":9},{"damage":12,"enemies":"Shell Parasite","floor":18,"turns":5},{"damage":32,"enemies":"3 Byrds","floor":22,"turns":6},{"damage":11,"enemies":"Sentry and Sphere","floor":25,"turns":5},{"damage":26,"enemies":"Snake Plant","floor":29,"turns":4},{"damage":10,"enemies":"Chosen and Byrds","floor":30,"turns":6},{"damage":28,"enemies":"Sentry and Sphere","floor":31,"turns":7},{"damage":40,"enemies":"Collector","floor":33,"turns":6}],"seed_played":"6168643639258209606","potions_obtained":[{"floor":4,"key":"BlessingOfTheForge"},{"floor":5,"key":"Explosive Potion"},{"floor":8,"key":"GamblersBrew"},{"floor":12,"key":"Regen Potion"},{"floor":22,"key":"Dexterity Potion"},{"floor":31,"key":"FocusPotion"}],"is_trial":false,"path_per_floor":["M","M","?","M","M","R","M","M","T","R","$","M","?","?","R","B",null,"M","?","?","T","M","?","$","M","T","?","R","M","M","M","R","B"],"character_chosen":"DEFECT","items_purchased":["Apotheosis","Doom and Gloom","Self Repair+1","Go for the Eyes","White Noise"],"campfire_rested":3,"item_purchase_floors":[11,11,24,24,24],"current_hp_per_floor":[76,76,76,76,59,59,58,58,58,58,58,53,53,53,77,36,82,70,54,54,54,22,22,22,21,21,21,47,31,31,13,39,0,0],"gold":189,"neow_bonus":"TEN_PERCENT_HP_BONUS","is_daily":false,"chose_seed":false,"campfire_upgraded":2,"win_rate":0.0,"timestamp":1609247968,"path_taken":["M","M","?","M","M","R","M","M","T","R","$","M","?","?","R","BOSS","M","?","?","?","?","?","$","M","T","?","R","M","M","M","R","BOSS"],"items_purchased_type":["Card","Card","Card","Card","Card"],"build_version":"2020-12-22","purchased_purges":1,"victory":false,"max_hp_per_floor":[82,82,82,82,82,82,82,82,82,82,82,82,82,82,82,82,82,82,87,87,87,87,87,87,87,87,87,87,87,87,87,87,87,87],"card_choices":[{"not_picked":["Rebound","Barrage"],"picked":"Sweeping Beam","floor":1},{"not_picked":["Force Field","Compile Driver"],"picked":"Streamline","floor":2},{"not_picked":["Stack","Steam Power"],"picked":"Gash","floor":4},{"not_picked":["Hologram","Rebound"],"picked":"Steam","floor":5},{"not_picked":["Rip and Tear","Reprogram"],"picked":"Gash","floor":7},{"not_picked":["Barrage","Heatsinks"],"picked":"Compile Driver","floor":8},{"not_picked":["Gash","Redo"],"picked":"Rainbow","floor":12},{"not_picked":["Buffer","Biased Cognition"],"picked":"Rainbow","floor":16},{"not_picked":["Sweeping Beam+1","Hello World+1"],"picked":"Leap","floor":18},{"not_picked":["Reprogram","Chaos"],"picked":"FTL","floor":22},{"not_picked":["Melter","Streamline"],"picked":"Stack+1","floor":25},{"not_picked":["Beam Cell","Gash"],"picked":"Amplify","floor":29},{"not_picked":["Reprogram","Self Repair+1"],"picked":"Barrage","floor":30},{"not_picked":["Sweeping Beam","Redo"],"picked":"BootSequence","floor":31}],"player_experience":28341,"relics_obtained":[{"floor":9,"key":"Happy Flower"},{"floor":21,"key":"Frozen Egg 2"},{"floor":26,"key":"Darkstone Periapt"}],"event_choices":[{"damage_healed":0,"gold_gain":0,"player_choice":"Grow","damage_taken":0,"max_hp_gain":0,"max_hp_loss":0,"event_name":"Living Wall","floor":3,"gold_loss":0,"cards_upgraded":["Zap"]},{"damage_healed":0,"gold_gain":0,"player_choice":"Take Wound","damage_taken":0,"relics_obtained":["Golden Idol"],"max_hp_gain":0,"max_hp_loss":0,"event_name":"Golden Idol","floor":13,"gold_loss":0,"cards_obtained":["Injury"]},{"damage_healed":0,"gold_gain":0,"player_choice":"Leave","damage_taken":0,"max_hp_gain":0,"max_hp_loss":0,"event_name":"FaceTrader","floor":14,"gold_loss":0},{"damage_healed":0,"gold_gain":0,"player_choice":"Shed Blood","damage_taken":21,"max_hp_gain":5,"max_hp_loss":0,"event_name":"Forgotten Altar","floor":19,"gold_loss":0},{"damage_healed":0,"gold_gain":99,"player_choice":"Stole From Cult","damage_taken":0,"max_hp_gain":0,"max_hp_loss":0,"event_name":"Nest","floor":20,"gold_loss":0},{"damage_healed":0,"gold_gain":0,"player_choice":"Simplicity","damage_taken":0,"max_hp_gain":0,"max_hp_loss":0,"event_name":"Back to Basics","floor":23,"gold_loss":0,"cards_upgraded":["Strike_B","Strike_B","Strike_B","Strike_B","Defend_B","Defend_B","Defend_B","Defend_B"]},{"damage_healed":0,"gold_gain":0,"player_choice":"Ignored","damage_taken":0,"max_hp_gain":0,"max_hp_loss":0,"event_name":"Ghosts","floor":27,"gold_loss":0}],"is_beta":false,"boss_relics":[{"not_picked":["Runic Dome","Coffee Dripper","Calling Bell"]}],"items_purged_floors":[24],"is_endless":false,"potions_floor_spawned":[4,5,8,12,22,30,31],"killed_by":"Collector","ascension_level":0}}