{"host":"pjgcdp3h1plnbocs","time":1609247378,"event":{"mods":["AchievementEnabler","BaseMod","Colored Map","Highlight Path","Minty Spire (QoL Compilation)"],"gold_per_floor":[13,31,43,62,81,115,115,115,140,150,169,188,222,222,222,352,352,377,401,401,401,425,468,468,468,468],"floor_reached":25,"playtime":963,"items_purged":[],"score":332,"play_id":"7df92aff-05d2-48d4-a4b4-36bcf0aa3831","local_time":"20201229140938","is_ascension_mode":true,"campfire_choices":[{"floor":7.0,"key":"REST"},{"data":"Echo Form","floor":15,"key":"SMITH"},{"floor":24,"key":"REST"}],"circlet_count":0,"master_deck":["Strike_B+1","Strike_B","Strike_B","Strike_B+1","Defend_B","Defend_B","Defend_B","Defend_B","Zap","Dualcast","Skim","Streamline","Darkness","White Noise","Heatsinks","Echo Form+1","Coolheaded","Buffer","Electrodynamics","Consume","Writhe","Capacitor","Redo"],"relics":["Cracked Core","Bird Faced Urn","Matryoshka","Toy Ornithopter","Orichalcum","Whetstone","Golden Idol","Black Star","Pantograph","Singing Bowl","Bottled Tornado"],"acts_visited":["Exordium","TheCity"],"potions_floor_usage":[13,16,19,23,23],"damage_taken":[{"damage":0.0,"enemies":"2 Louse","floor":1.0,"turns":2.0},{"damage":2.0,"enemies":"Jaw Worm","floor":2.0,"turns":3.0},{"damage":12.0,"enemies":"Small Slimes","floor":3.0,"turns":3.0},{"damage":1.0,"enemies":"Exordium Wildlife","floor":4.0,"turns":3.0},{"damage":16.0,"enemies":"3 Louse","floor":5.0,"turns":3.0},{"damage":34.0,"enemies":"3 Sentries","floor":6.0,"turns":9.0},{"damage":1,"enemies":"Exordium Thugs","floor":10,"turns":4},{"damage":4,"enemies":"Blue Slaver","floor":11,"turns":4},{"damage":9,"enemies":"Looter","floor":12,"turns":3},{"damage":19,"enemies":"Lagavulin","floor":13,"turns":10},{"damage":4,"enemies":"Hexaghost","floor":16,"turns":9},{"damage":29,"enemies":"2 Thieves","floor":18,"turns":5},{"damage":29,"enemies":"Shell Parasite","floor":19,"turns":6},{"damage":5,"enemies":"Snecko","floor":22,"turns":4},{"damage":59,"enemies":"Book of Stabbing","floor":23,"turns":8},{"damage":37,"enemies":"Slavers","floor":25,"turns":2}],"seed_played":"-241472158383794563","potions_obtained":[{"floor":2.0,"key":"FearPotion"},{"floor":3.0,"key":"Swift Potion"},{"floor":4.0,"key":"Weak Potion"},{"floor":12,"key":"Energy Potion"},{"floor":16,"key":"Regen Potion"},{"floor":18,"key":"SneckoOil"},{"floor":19,"key":"SteroidPotion"}],"is_trial":false,"path_per_floor":["M","M","M","M","M","E","R","?","T","M","M","M","E","?","R","B",null,"M","M","?","?","M","E","R","E"],"character_chosen":"DEFECT","items_purchased":[],"campfire_rested":2,"item_purchase_floors":[],"current_hp_per_floor":[68,66,54,53,37,5,27,27,27,30,32,25,19,19,19,30,59,36,36,36,36,41,8,29,0,0],"gold":468,"neow_bonus":"ONE_RARE_RELIC","is_daily":false,"chose_seed":false,"campfire_upgraded":1,"win_rate":0.0,"timestamp":1609247378,"path_taken":["M","M","M","M","M","E","R","?","T","M","M","M","E","?","R","BOSS","M","M","?","?","M","E","R","E"],"items_purchased_type":[],"build_version":"2020-12-22","purchased_purges":0,"victory":false,"max_hp_per_floor":[75,75,75,75,75,75,75,75,75,75,75,75,75,69,69,69,69,69,69,69,69,69,71,71,71,71],"card_choices":[{"not_picked":["Compile Driver","Steam Power","Streamline"],"picked":"SKIP","floor":1.0},{"not_picked":["Stack","Tempest"],"picked":"Skim","floor":2.0},{"not_picked":["FTL","Barrage"],"picked":"Streamline","floor":3.0},{"not_picked":["Doom and Gloom","Steam Power"],"picked":"Darkness","floor":4.0},{"not_picked":["Steam","Rip and Tear"],"picked":"White Noise","floor":5.0},{"not_picked":["Coolheaded","Streamline"],"picked":"Heatsinks","floor":6.0},{"not_picked":["Recycle","Turbo"],"picked":"Echo Form","floor":10},{"not_picked":["Go for the Eyes","BootSequence"],"picked":"Coolheaded","floor":11},{"not_picked":["Streamline","Stack"],"picked":"Buffer","floor":12},{"not_picked":["Gash","Turbo","Sweeping Beam"],"picked":"SKIP","floor":13},{"not_picked":["Hyperbeam","Meteor Strike"],"picked":"Electrodynamics","floor":16},{"not_picked":["Coolheaded+1","Heatsinks"],"picked":"Consume","floor":18},{"not_picked":["Streamline","Genetic Algorithm","Leap"],"picked":"SKIP","floor":19},{"not_picked":["Barrage+1","Steam"],"picked":"Redo","floor":22},{"not_picked":["Gash","Hyperbeam","Tempest+1"],"picked":"Singing Bowl","floor":23}],"player_experience":163886,"relics_obtained":[{"floor":6.0,"key":"Matryoshka"},{"floor":9,"key":"Toy Ornithopter"},{"floor":9,"key":"Orichalcum"},{"floor":13,"key":"Whetstone"},{"floor":23,"key":"Singing Bowl"},{"floor":23,"key":"Bottled Tornado"}],"event_choices":[{"damage_healed":0,"gold_gain":0,"player_choice":"Searched \u00270\u0027 times","damage_taken":0,"max_hp_gain":0,"max_hp_loss":0,"event_name":"Dead Adventurer","floor":8,"gold_loss":0},{"damage_healed":0,"gold_gain":0,"player_choice":"Lose Max HP","damage_taken":0,"relics_obtained":["Golden Idol"],"max_hp_gain":0,"max_hp_loss":6,"event_name":"Golden Idol","floor":14,"gold_loss":0},{"damage_healed":0,"gold_gain":0,"player_choice":"Opened","damage_taken":0,"relics_obtained":["Pantograph"],"max_hp_gain":0,"max_hp_loss":0,"event_name":"The Mausoleum","floor":20,"gold_loss":0,"cards_obtained":["Writhe"]},{"damage_healed":0,"gold_gain":0,"player_choice":"Read","damage_taken":0,"max_hp_gain":0,"max_hp_loss":0,"event_name":"The Library","floor":21,"gold_loss":0,"cards_obtained":["Capacitor"]}],"is_beta":false,"boss_relics":[{"not_picked":["Snecko Eye","Runic Dome"],"picked":"Black Star"}],"items_purged_floors":[],"is_endless":false,"potions_floor_spawned":[2,3,4,10,12,16,18,19],"killed_by":"Slavers","ascension_level":8}}