{"host":"l8lkgdumzpe3823a","time":1609203941,"event":{"mods":["Always Whale","Aspiration","BaseMod","Better Note","Clockwork Mod","Colored Powertips","Curses Come First","Custom Start","DeckTracker","Defuse TimeMaze Blight","Highlight Path","Hubris","Infinite Spire","Minty Spire (QoL Compilation)","Quick Restart","Replay The Spire","Shop Mod","StSLib","SuperFastMode","The Construct","The Dragon Tamer","vexMod"],"gold_per_floor":[111,129,129,54,133,158,158,158,158,2,2,14,14,14,14,14],"floor_reached":15,"playtime":238,"items_purged":["Strike_G"],"score":133,"play_id":"c66013c9-2367-4588-a257-89c1a5290715","local_time":"20201228190541","is_ascension_mode":true,"campfire_choices":[{"data":"Cloak And Dagger","floor":7,"key":"SMITH"},{"data":"Deadly Poison","floor":11,"key":"SMITH"}],"circlet_count":0,"master_deck":["Strike_G","Strike_G","Strike_G","Defend_G","Defend_G","Defend_G","Defend_G","Defend_G","Survivor","Neutralize","Well Laid Plans+1","Escape Plan+1","Deadly Poison+1","Blade Dance","Cloak And Dagger+1","Dagger Spray"],"relics":["Ring of the Snake","NeowsBlessing","Gremlin Food","Blue Doll","MerchantsRug"],"acts_visited":["Exordium"],"potions_floor_usage":[],"damage_taken":[{"damage":0,"enemies":"Cultist","floor":1,"turns":1},{"damage":0,"enemies":"Small Slimes","floor":2,"turns":1},{"damage":0,"enemies":"Lagavulin","floor":6,"turns":1},{"damage":1,"enemies":"Jaw Worm","floor":12,"turns":3},{"damage":41,"enemies":"Gremlin Nob","floor":15,"turns":4}],"seed_played":"-3730348152026410613","potions_obtained":[{"floor":12,"key":"SmokeBomb"}],"is_trial":false,"path_per_floor":["M","M","?","$","?","E","R","?","T","$","R","M","PTL","PTL","E"],"character_chosen":"THE_SILENT","items_purchased":["MerchantsRug"],"campfire_rested":0,"item_purchase_floors":[10],"current_hp_per_floor":[70,70,56,56,28,28,28,28,28,28,28,27,27,27,0,0],"gold":14,"neow_bonus":"THREE_ENEMY_KILL","is_daily":false,"chose_seed":false,"campfire_upgraded":2,"win_rate":0.0,"timestamp":1609203941,"path_taken":["M","?","?","$","?","E","R","?","T","$","R","M","PTL","PTL","E"],"items_purchased_type":["Relic"],"build_version":"2020-12-22","purchased_purges":1,"victory":false,"max_hp_per_floor":[70,70,70,70,70,70,70,70,70,70,70,70,70,70,70,70],"card_choices":[{"not_picked":["Sneak Up","PiercingWail"],"picked":"Well Laid Plans","floor":1},{"not_picked":["Deflect","Hidden Blade"],"picked":"Escape Plan","floor":2},{"not_picked":["Bane","Prepared"],"picked":"Deadly Poison","floor":5},{"not_picked":["Backstab","Draining Mist"],"picked":"Blade Dance","floor":5},{"not_picked":["Deflect","Eviscerate"],"picked":"Cloak And Dagger","floor":6},{"not_picked":["Quick Slash","Riddle With Holes"],"picked":"Dagger Spray","floor":12}],"player_experience":655457,"relics_obtained":[{"floor":5,"key":"Gremlin Food"},{"floor":9,"key":"Blue Doll"}],"event_choices":[{"damage_healed":0,"gold_gain":0,"player_choice":"Entered Light","damage_taken":14,"max_hp_gain":0,"max_hp_loss":0,"event_name":"Shining Light","floor":3,"gold_loss":0,"cards_upgraded":["Escape Plan","Well Laid Plans"]}],"is_beta":false,"boss_relics":[],"items_purged_floors":[4],"is_endless":false,"potions_floor_spawned":[12],"killed_by":"Gremlin Nob","ascension_level":3}}