{"host":"Rich","time":1609258162,"event":{"mods":["AchievementEnabler","BaseMod","Highlight Path","Minty Spire (QoL Compilation)","Relic Stats"],"gold_per_floor":[111,36,36,47,67,12,37,53,53,53,53,53,63,90,90,167,167,194,222,49,229,246,246,265,279,306,306,85,85,85,96,96,168,168,186,186,211,74,86,119,119,147,147,147,167,192,263,282,282,282,282,282,282,20,47,47],"floor_reached":57,"playtime":3488,"items_purged":["Writhe","Defend_G","Strike_G","Strike_G"],"score":2750,"play_id":"99ff542c-3a90-4b94-bdf0-d912057689f8","local_time":"20201229110922","is_ascension_mode":true,"campfire_choices":[{"floor":10.0,"key":"REST"},{"floor":12.0,"key":"REST"},{"data":"Blade Dance","floor":15.0,"key":"SMITH"},{"floor":23.0,"key":"REST"},{"data":"Wraith Form v2","floor":27.0,"key":"SMITH"},{"data":"Caltrops","floor":30.0,"key":"SMITH"},{"data":"Bouncing Flask","floor":32.0,"key":"SMITH"},{"floor":41.0,"key":"RECALL"},{"floor":44.0,"key":"REST"},{"floor":49.0,"key":"REST"},{"floor":53,"key":"REST"}],"circlet_count":0,"master_deck":["AscendersBane","Strike_G","Strike_G","Defend_G","Defend_G","Defend_G","Survivor","Neutralize","Slice","After Image+1","Caltrops+1","Dash","Crippling Poison","Blade Dance+1","Caltrops","Cloak And Dagger","Bouncing Flask+1","Blur","Wraith Form v2+1","CurseOfTheBell","Dagger Spray","Infinite Blades+1","PiercingWail","Escape Plan","Wraith Form v2+1","Bullet Time","A Thousand Cuts+1","Infinite Blades+1","Blade Dance","Backstab","Dodge and Roll+1","Well Laid Plans+1","Catalyst","Parasite","Acrobatics"],"relics":["Ring of the Snake","Blood Vial","Incense Burner","Mercury Hourglass","Calling Bell","MawBank","Frozen Egg 2","Du-Vu Doll","Smiling Mask","Bird Faced Urn","Fusion Hammer","Dead Branch","Pear","Pantograph","Art of War","Strawberry","Meat on the Bone","Kunai","White Beast Statue"],"acts_visited":["Exordium","TheCity","TheBeyond","TheEnding"],"potions_floor_usage":[],"damage_taken":[{"damage":0.0,"enemies":"2 Louse","floor":1.0,"turns":2.0},{"damage":0.0,"enemies":"Cultist","floor":4.0,"turns":5.0},{"damage":5.0,"enemies":"Small Slimes","floor":5.0,"turns":4.0},{"damage":36.0,"enemies":"3 Sentries","floor":7.0,"turns":16.0},{"damage":9.0,"enemies":"Exordium Wildlife","floor":8.0,"turns":4.0},{"damage":5.0,"enemies":"Gremlin Gang","floor":13.0,"turns":5.0},{"damage":13.0,"enemies":"Lagavulin","floor":14.0,"turns":6.0},{"damage":14.0,"enemies":"Slime Boss","floor":16.0,"turns":11.0},{"damage":7.0,"enemies":"3 Byrds","floor":18.0,"turns":3.0},{"damage":0.0,"enemies":"2 Thieves","floor":19.0,"turns":3.0},{"damage":7.0,"enemies":"3 Cultists","floor":22.0,"turns":4.0},{"damage":9.0,"enemies":"Snake Plant","floor":24.0,"turns":4.0},{"damage":1.0,"enemies":"Chosen and Byrds","floor":25.0,"turns":5.0},{"damage":10.0,"enemies":"Snecko","floor":31.0,"turns":8.0},{"damage":15.0,"enemies":"Champ","floor":33.0,"turns":12.0},{"damage":1.0,"enemies":"3 Shapes","floor":35.0,"turns":5.0},{"damage":0.0,"enemies":"Mind Bloom Boss Battle","floor":37.0,"turns":4.0},{"damage":4.0,"enemies":"3 Darklings","floor":39.0,"turns":3.0},{"damage":0.0,"enemies":"Giant Head","floor":40.0,"turns":6.0},{"damage":14.0,"enemies":"Reptomancer","floor":42.0,"turns":4.0},{"damage":24.0,"enemies":"Jaw Worm Horde","floor":45.0,"turns":2.0},{"damage":0.0,"enemies":"Nemesis","floor":46.0,"turns":7.0},{"damage":11.0,"enemies":"Writhing Mass","floor":48.0,"turns":5.0},{"damage":33.0,"enemies":"Awakened One","floor":50.0,"turns":11.0},{"damage":44,"enemies":"Time Eater","floor":51,"turns":11},{"damage":42,"enemies":"Shield and Spear","floor":55,"turns":8},{"damage":23,"enemies":"The Heart","floor":56,"turns":8}],"seed_played":"-7142781559399946448","potions_obtained":[{"floor":1.0,"key":"GamblersBrew"},{"floor":5.0,"key":"FearPotion"},{"floor":13.0,"key":"GhostInAJar"},{"floor":22.0,"key":"AttackPotion"},{"floor":24.0,"key":"SpeedPotion"},{"floor":31.0,"key":"Regen Potion"},{"floor":33.0,"key":"FairyPotion"},{"floor":35.0,"key":"GamblersBrew"},{"floor":40.0,"key":"Poison Potion"},{"floor":42.0,"key":"Explosive Potion"},{"floor":45.0,"key":"ColorlessPotion"}],"is_trial":false,"path_per_floor":["M","$","?","M","M","$","E","M","T","R","?","R","M","E","R","B",null,"M","M","$","?","M","R","M","M","T","R","$","T","R","M","R","B",null,"M","?","?","$","M","E","R","E","T","R","M","E","T","M","R","B","B",null,"R","$","E","B",null],"character_chosen":"THE_SILENT","items_purchased":["Blade Dance","Infinite Blades+1","Wraith Form v2+1","Backstab","Kunai"],"campfire_rested":6,"item_purchase_floors":[6,20,28,38,54],"current_hp_per_floor":[59,59,59,61,58,58,24,17,17,36,36,55,52,41,41,29,57,52,54,54,29,24,43,36,37,37,37,37,37,37,41,41,55,63,65,63,63,63,61,73,73,63,63,73,49,80,80,80,80,61,50,73,80,80,56,69],"gold":47,"neow_bonus":"TRANSFORM_TWO_CARDS","is_daily":false,"chose_seed":false,"campfire_upgraded":4,"win_rate":0.0,"timestamp":1609258162,"path_taken":["M","$","?","M","?","$","E","M","T","R","?","R","M","E","R","BOSS","M","M","?","?","M","R","?","M","T","R","$","?","R","M","R","BOSS","M","?","?","?","M","E","R","E","T","R","M","E","?","M","R","BOSS","BOSS","R","$","E","BOSS"],"items_purchased_type":["Card","Card","Card","Card","Relic"],"build_version":"2020-12-18","purchased_purges":4,"victory":true,"max_hp_per_floor":[66,66,66,66,66,66,66,66,66,66,66,66,66,66,66,66,66,66,66,66,66,66,66,66,66,66,66,66,66,66,66,66,66,66,66,63,63,63,63,73,73,73,73,73,73,80,80,80,80,80,80,80,80,80,80,80],"relic_stats":{"counters":[27,164],"Dead Branch":[239],"MawBank":36,"Smiling Mask":175,"Mercury Hourglass":[468],"Blood Vial":34,"Bird Faced Urn":[122],"Pantograph":43,"Art of War":[4],"Kunai":[18],"obtain_stats":[{"Pear":40,"Dead Branch":37,"Incense Burner":7,"Frozen Egg 2":17,"MawBank":17,"Smiling Mask":26,"White Beast Statue":55,"Mercury Hourglass":14,"Blood Vial":3,"Calling Bell":17,"Du-Vu Doll":17,"Bird Faced Urn":29,"Pantograph":42,"Strawberry":46,"Fusion Hammer":34,"Art of War":43,"Kunai":54,"Ring of the Snake":0,"Meat on the Bone":47},{"Pear":19,"Dead Branch":17,"Incense Burner":4,"Frozen Egg 2":8,"MawBank":8,"Smiling Mask":13,"White Beast Statue":26,"Mercury Hourglass":7,"Blood Vial":1,"Calling Bell":8,"Du-Vu Doll":8,"Bird Faced Urn":13,"Pantograph":20,"Strawberry":22,"Fusion Hammer":15,"Art of War":20,"Kunai":25,"Ring of the Snake":0,"Meat on the Bone":22},{"Pear":108,"Dead Branch":99,"Incense Burner":27,"Frozen Egg 2":53,"MawBank":53,"Smiling Mask":71,"White Beast Statue":156,"Mercury Hourglass":42,"Blood Vial":2,"Calling Bell":53,"Du-Vu Doll":53,"Bird Faced Urn":71,"Pantograph":112,"Strawberry":121,"Fusion Hammer":91,"Art of War":112,"Kunai":148,"Ring of the Snake":0,"Meat on the Bone":121}],"Ring of the Snake":[54],"Meat on the Bone":0},"card_choices":[{"not_picked":["Underhanded Strike","Well Laid Plans"],"picked":"Caltrops","floor":1.0},{"not_picked":["Flying Knee","Well Laid Plans"],"picked":"Dash","floor":4.0},{"not_picked":["Poisoned Stab","Dagger Spray"],"picked":"Crippling Poison","floor":5.0},{"not_picked":["Deflect","Calculated Gamble"],"picked":"Caltrops","floor":7.0},{"not_picked":["Poisoned Stab","Reflex"],"picked":"Cloak And Dagger","floor":8.0},{"not_picked":["PiercingWail","Poisoned Stab"],"picked":"Bouncing Flask","floor":13.0},{"not_picked":["Leg Sweep","Prepared"],"picked":"Blur","floor":14.0},{"not_picked":["Bullet Time","Tools of the Trade"],"picked":"Wraith Form v2","floor":16.0},{"not_picked":["Slice","Dagger Throw"],"picked":"Dagger Spray","floor":18.0},{"not_picked":["Outmaneuver","Quick Slash","Sucker Punch"],"picked":"SKIP","floor":19.0},{"not_picked":["Flying Knee","Quick Slash"],"picked":"PiercingWail","floor":22.0},{"not_picked":["Flying Knee","Acrobatics","Deadly Poison"],"picked":"SKIP","floor":24.0},{"not_picked":["Predator","Acrobatics"],"picked":"Escape Plan","floor":25.0},{"not_picked":["Footwork+1","Finisher+1"],"picked":"Bullet Time","floor":31.0},{"not_picked":["Envenom+1","Grand Finale"],"picked":"A Thousand Cuts+1","floor":33.0},{"not_picked":["Deflect","Riddle With Holes"],"picked":"Infinite Blades+1","floor":35.0},{"not_picked":["Poisoned Stab","Prepared"],"picked":"Blade Dance","floor":37.0},{"not_picked":["Backflip","Acrobatics"],"picked":"Dodge and Roll+1","floor":39.0},{"not_picked":["Acrobatics","Choke"],"picked":"Well Laid Plans+1","floor":40.0},{"not_picked":["Cloak And Dagger","Sucker Punch","Phantasmal Killer"],"picked":"SKIP","floor":42.0},{"not_picked":["Bouncing Flask","Quick Slash"],"picked":"Catalyst","floor":45.0},{"not_picked":["Tactician","Backflip","Riddle With Holes"],"picked":"SKIP","floor":46.0},{"not_picked":["Deflect","Escape Plan+1"],"picked":"Acrobatics","floor":48.0},{"not_picked":["Underhanded Strike","Deadly Poison","Backflip"],"picked":"SKIP","floor":55}],"player_experience":1938568,"relics_obtained":[{"floor":7.0,"key":"Incense Burner"},{"floor":14.0,"key":"Mercury Hourglass"},{"floor":17.0,"key":"MawBank"},{"floor":17.0,"key":"Frozen Egg 2"},{"floor":17.0,"key":"Du-Vu Doll"},{"floor":26.0,"key":"Smiling Mask"},{"floor":29.0,"key":"Bird Faced Urn"},{"floor":37.0,"key":"Dead Branch"},{"floor":40.0,"key":"Pear"},{"floor":42.0,"key":"Pantograph"},{"floor":43.0,"key":"Art of War"},{"floor":46.0,"key":"Strawberry"},{"floor":47.0,"key":"Meat on the Bone"},{"floor":55,"key":"White Beast Statue"}],"event_choices":[{"damage_healed":0.0,"max_hp_gain":0.0,"max_hp_loss":0.0,"gold_gain":0.0,"event_name":"WeMeetAgain","player_choice":"Gave Potion","floor":3.0,"gold_loss":0.0,"damage_taken":0.0,"relics_obtained":["Blood Vial"]},{"damage_healed":0.0,"max_hp_gain":0.0,"max_hp_loss":0.0,"gold_gain":0.0,"event_name":"Accursed Blacksmith","player_choice":"Forge","floor":11.0,"gold_loss":0.0,"damage_taken":0.0,"cards_upgraded":["After Image"]},{"damage_healed":0.0,"max_hp_gain":0.0,"max_hp_loss":0.0,"gold_gain":180.0,"event_name":"Knowing Skull","player_choice":"POTION GOLD GOLD ","floor":21.0,"potions_obtained":["SneckoOil"],"gold_loss":0.0,"damage_taken":25.0,"cards_obtained":[]},{"damage_healed":0.0,"max_hp_gain":0.0,"max_hp_loss":3.0,"gold_gain":0.0,"event_name":"Winding Halls","player_choice":"Max HP","floor":36.0,"gold_loss":0.0,"damage_taken":0.0},{"damage_healed":0.0,"max_hp_gain":0.0,"max_hp_loss":0.0,"gold_gain":0.0,"event_name":"MindBloom","player_choice":"Fight","floor":37.0,"gold_loss":0.0,"damage_taken":0.0}],"is_beta":true,"boss_relics":[{"not_picked":["SacredBark","Velvet Choker"],"picked":"Calling Bell"},{"not_picked":["Astrolabe","Empty Cage"],"picked":"Fusion Hammer"}],"items_purged_floors":[2,20,28,38],"is_endless":false,"potions_floor_spawned":[1,5,13,22,24,31,33,35,40,42,45],"ascension_level":20}}