{"host":"w2kjv12xyhtt0cv2","time":1609257187,"event":{"mods":["Act Like it!","BaseMod","Colored Map","Friendly Minions","Gensokyo","Highlight Path","Hubris","Kiyohime（清姬）","Marisa（F雨　魔理沙）","Minty Spire (QoL Compilation)","Quick Restart","Reimu（博丽灵梦）","Relic Stats","Replay The Spire","RumiaBox-露米娅的神秘盒子","Shop Mod","Spicy Shops","StSLib","The Cursed","The Servant 0.9.4","UnlockEverythingMod","Waifu the Spire","[功能]功能增强和修复MOD","vexMod","【功能Mod】Neow奖励","【遗物卡牌】REMEMod","没有小屋子和绿帽子啦"],"gold_per_floor":[362,362,223,223,93,122,122,57,57,57,57],"floor_reached":10,"playtime":555,"items_purged":["Strike_S","Regret"],"score":86,"play_id":"6c8b3fe7-8751-46e4-a798-41c036e16bb1","local_time":"20201229235307","is_ascension_mode":true,"campfire_choices":[],"circlet_count":0,"master_deck":["Strike_S","Strike_S","Strike_S","Defend_S","Defend_S","Defend_S","Defend_S","Gensokyo:UnlikelyAid","BottledTime","Reprogram","Reboot","DancingSilver+1","ReplayTheSpireMod:IOU","Comet","Moonlight"],"relics":["Uniform","REME_ComplimentaryCards","Replay:Wax Seal","MagicDraw4","Membership Card","GodSword4","Replay:Bottled Flurry","Golden Idol","Replay:Multitool","HornCleat"],"acts_visited":["Exordium"],"potions_floor_usage":[],"damage_taken":[{"damage":9.0,"enemies":"Jaw Worm","floor":1.0,"turns":3.0},{"damage":8.0,"enemies":"3 Sentries","floor":6.0,"turns":8.0},{"damage":4.0,"enemies":"Gremlin Nob","floor":8.0,"turns":3.0},{"damage":0,"enemies":"Lagavulin","floor":10,"turns":3}],"seed_played":"1814962466304102970","potions_obtained":[{"floor":1.0,"key":"GamblersBrew"}],"is_trial":false,"path_per_floor":["M","?","$","?","$","E","?","E","T","E"],"character_chosen":"THE_SERVANT","items_purchased":["Replay:Wax Seal","Membership Card","DancingSilver+1","GodSword4"],"campfire_rested":0,"item_purchase_floors":[3,5,5,5],"current_hp_per_floor":[50,50,50,50,50,42,42,40,40,40,40],"gold":57,"neow_bonus":"TWO_FIFTY_GOLD","is_daily":false,"chose_seed":false,"campfire_upgraded":0,"win_rate":0.0,"timestamp":1609257187,"path_taken":["M","?","$","?","$","E","?","E","T","E"],"items_purchased_type":["Relic","Relic","Card","Relic"],"build_version":"2020-12-22","purchased_purges":2,"victory":false,"max_hp_per_floor":[59,59,59,59,59,59,55,55,55,55,55],"relic_stats":{"counters":[4,17],"Golden Idol":7,"obtain_stats":[{"HornCleat":9,"Golden Idol":7,"Uniform":0,"Replay:Bottled Flurry":6,"Replay:Multitool":8,"Membership Card":5,"Replay:Wax Seal":3,"MagicDraw4":4,"GodSword4":5,"REME_ComplimentaryCards":0},{"HornCleat":3,"Golden Idol":2,"Uniform":0,"Replay:Bottled Flurry":2,"Replay:Multitool":3,"Membership Card":1,"Replay:Wax Seal":1,"MagicDraw4":1,"GodSword4":1,"REME_ComplimentaryCards":0},{"HornCleat":14,"Golden Idol":11,"Uniform":0,"Replay:Bottled Flurry":11,"Replay:Multitool":14,"Membership Card":3,"Replay:Wax Seal":3,"MagicDraw4":3,"GodSword4":3,"REME_ComplimentaryCards":0}]},"card_choices":[{"not_picked":["ShatteredReality","FastForward"],"picked":"BottledTime","floor":1.0},{"not_picked":["Alleviate","BottledTime"],"picked":"Comet","floor":6.0},{"not_picked":["TimeWarp","DualDimension"],"picked":"Moonlight","floor":8.0}],"player_experience":55049,"relics_obtained":[{"floor":6.0,"key":"Replay:Bottled Flurry"},{"floor":8.0,"key":"Replay:Multitool"},{"floor":9.0,"key":"HornCleat"}],"event_choices":[{"damage_healed":0.0,"max_hp_gain":0.0,"max_hp_loss":0.0,"gold_gain":0.0,"event_name":"Big Fish","player_choice":"Box","floor":4.0,"gold_loss":0.0,"damage_taken":0.0,"relics_obtained":["MagicDraw4"],"cards_obtained":["Regret"]},{"damage_healed":0.0,"max_hp_gain":0.0,"max_hp_loss":4.0,"gold_gain":0.0,"event_name":"Golden Idol","player_choice":"Lose Max HP","floor":7.0,"gold_loss":0.0,"damage_taken":0.0,"relics_obtained":["Golden Idol"]}],"is_beta":false,"boss_relics":[],"items_purged_floors":[3,5],"is_endless":false,"potions_floor_spawned":[1],"killed_by":"Lagavulin","ascension_level":4}}