{"host":"e4wnmsyty9uvvtwf","time":1609249541,"event":{"mods":["Aspiration","BaseMod","Colored Map","Colored Powertips","Marisa£®ÏF”Í°°ƒß¿Ì…≥£©","Minty Spire (QoL Compilation)","Rare Cards Sparkle","Replay The Spire","StSLib"],"gold_per_floor":[118,118,98,109,21,21,53,65,65,80,95,115,134,134,134,134,134],"floor_reached":16,"playtime":334,"items_purged":[],"score":245,"play_id":"bef03a5e-ecea-42b2-8d04-6329d2f904a0","local_time":"20201229214541","is_ascension_mode":true,"campfire_choices":[{"data":"Cloak And Dagger","floor":6,"key":"SMITH"},{"floor":15,"key":"REST"}],"circlet_count":0,"master_deck":["AscendersBane","Strike_G","Strike_G","Strike_G","Strike_G","Defend_G","Defend_G","Defend_G","Defend_G","Defend_G","Survivor","Neutralize","Cloak And Dagger+1","Accuracy","ReplayTheSpireMod:From All Sides","Dagger Spray","Dagger Throw","ReplayTheSpireMod:Speed Training","Phantasmal Killer"],"relics":["Ring of the Snake","NeowsBlessing","Vajra","Singing Bowl"],"acts_visited":["Exordium"],"potions_floor_usage":[12],"damage_taken":[{"damage":0,"enemies":"Small Slimes","floor":1,"turns":1},{"damage":0,"enemies":"Cultist","floor":4,"turns":1},{"damage":0,"enemies":"3 Sentries","floor":7,"turns":2},{"damage":1,"enemies":"Jaw Worm","floor":8,"turns":2},{"damage":16,"enemies":"Exordium Thugs","floor":10,"turns":5},{"damage":0,"enemies":"Blue Slaver","floor":11,"turns":2},{"damage":5,"enemies":"Large Slime","floor":12,"turns":5},{"damage":24,"enemies":"Exordium Wildlife","floor":13,"turns":5},{"damage":0,"enemies":"Fading Forest","floor":16,"turns":1}],"seed_played":"704442391758886600","potions_obtained":[{"floor":1,"key":"Venom Potion"},{"floor":3,"key":"CunningPotion"},{"floor":13,"key":"Block Potion"}],"is_trial":false,"path_per_floor":["M","?","?","M","$","R","E","M","T","M","M","M","M","?","R","B"],"character_chosen":"THE_SILENT","items_purchased":["ReplayTheSpireMod:From All Sides"],"campfire_rested":1,"item_purchase_floors":[5],"current_hp_per_floor":[59,59,59,59,59,59,59,58,58,42,44,39,17,17,38,38,38],"gold":134,"neow_bonus":"THREE_ENEMY_KILL","is_daily":false,"chose_seed":false,"campfire_upgraded":1,"win_rate":0.0,"timestamp":1609249541,"path_taken":["M","?","?","?","?","R","E","M","T","M","M","M","M","?","R","BOSS"],"items_purchased_type":["Card"],"build_version":"2020-12-22","purchased_purges":0,"victory":false,"max_hp_per_floor":[66,66,66,66,66,66,66,66,66,66,68,68,70,70,70,70,70],"card_choices":[{"not_picked":["Hidden Blade","Concentrate"],"picked":"Cloak And Dagger","floor":1},{"not_picked":["Endless Agony","Flechettes"],"picked":"Accuracy","floor":4},{"not_picked":["Sucker Punch","Hidden Blade"],"picked":"Dagger Spray","floor":7},{"not_picked":["Prepared","Wraith Form v2"],"picked":"Dagger Throw","floor":8},{"not_picked":["Concentrate","Hidden Blade"],"picked":"ReplayTheSpireMod:Speed Training","floor":10},{"not_picked":["Deadly Poison","Draining Mist","Prepared"],"picked":"Singing Bowl","floor":11},{"not_picked":["Underhanded Strike","Replay:Poison Smokescreen"],"picked":"Phantasmal Killer","floor":12},{"not_picked":["Noxious Fumes","Prepared","ReplayTheSpireMod:Shiv Toss"],"picked":"Singing Bowl","floor":13}],"player_experience":674349,"relics_obtained":[{"floor":7,"key":"Vajra"},{"floor":9,"key":"Singing Bowl"}],"event_choices":[{"damage_healed":0,"gold_gain":0,"player_choice":"Bought 1 Potion","damage_taken":0,"max_hp_gain":0,"max_hp_loss":0,"event_name":"The Woman in Blue","floor":3,"gold_loss":0},{"damage_healed":0,"gold_gain":0,"player_choice":"Ignored","damage_taken":0,"max_hp_gain":0,"max_hp_loss":0,"event_name":"Shining Light","floor":14,"gold_loss":0}],"is_beta":false,"boss_relics":[],"items_purged_floors":[],"is_endless":false,"potions_floor_spawned":[1,4,13],"killed_by":"Fading Forest","ascension_level":18}}