{"host":"b4asi0laiv85suj9","time":1609235396,"event":{"mods":["ATMod(°¢èªMod)","BaseMod","Minty Spire (QoL Compilation)","MostiFishMod","Relic Stats","StSLib","TestMod","noobMod"],"gold_per_floor":[109,109,119,132,57,90,90,117,117,117,117,143,156,189,189,262,262,281,301,315,205,221,251,251,278,302,227,285,297,314,326,326,399,399,417,317,317,32,48,76,87,147,199,224,224,237,287,310,310,327,327,327,19,52,64],"floor_reached":56,"playtime":2298,"items_purged":["Strike_G","Defend_G","Strike_G","Strike_G"],"score":2996,"play_id":"76c0df92-4b6f-4d66-b9d8-5d37fcca3b81","local_time":"20201229174956","is_ascension_mode":true,"campfire_choices":[{"data":"AT_EmpoweredMortalDraw","floor":7,"key":"SMITH"},{"data":"Calculated Gamble","floor":11,"key":"SMITH"},{"data":"Prepared","floor":15,"key":"SMITH"},{"data":"Tactician","floor":24,"key":"SMITH"},{"data":"Reflex","floor":32,"key":"SMITH"},{"floor":49,"key":"RECALL"},{"data":"Terror","floor":52,"key":"SMITH"}],"circlet_count":0,"master_deck":["AscendersBane","Strike_G","Defend_G","Defend_G+1","Survivor","Neutralize","AT_EmpoweredMortalDraw+1","AT_FamilyPortrait+1","Expertise","Tactician+1","Backflip","Calculated Gamble+1","Prepared+1","AT_ShadowStep","Terror+1","Reflex+1","Adrenaline+1","AT_WindFlip","Escape Plan","AT_EssenceShift+1","MostiFishMod:PreservedThorns","Acrobatics+1","AT_ArcaneSupremacy+1","MostiFishMod:HiddenBlade+1","AT_TinkerSharpsword","AT_ThistleTea+1","MostiFishMod:ThornCasing+1","MostiFishMod:ButterFly","AT_LightSaberMaster+1","MostiFishMod:OneDayCity"],"relics":["testmod-TestBox","DaveBox","ice","AT_ATBox","AT_MortalBlade","testmod-NegativeEmotionEnhancer","RhineSuit","SynthV:TestCard","AT_SilvercatRing","AT_SpeedBoots","Question Card","HornCleat","testmod-Motorcycle","AT_TrinityForce","Snake Skull","Bottled Lightning","Lantern","AT_RedNoBalance","Black Star","Bag of Preparation","Boot","StrikeDummy","Regal Pillow","Happy Flower","testmod-Acrobat","testmod-IndustrialRevolution","OrangePellets","Thread and Needle","AT_SunfireAegis"],"acts_visited":["Exordium","TheCity","TheBeyond","TheEnding"],"potions_floor_usage":[16,55,55],"damage_taken":[{"damage":0,"enemies":"2 Louse","floor":1,"turns":1},{"damage":0,"enemies":"Cultist","floor":3,"turns":2},{"damage":16,"enemies":"Small Slimes","floor":4,"turns":2},{"damage":8,"enemies":"Gremlin Nob","floor":6,"turns":3},{"damage":0,"enemies":"Lagavulin","floor":8,"turns":2},{"damage":0,"enemies":"3 Sentries","floor":12,"turns":2},{"damage":10,"enemies":"Exordium Thugs","floor":13,"turns":2},{"damage":0,"enemies":"Gremlin Nob","floor":14,"turns":1},{"damage":0,"enemies":"Slime Boss","floor":16,"turns":3},{"damage":0,"enemies":"Shell Parasite","floor":18,"turns":1},{"damage":0,"enemies":"2 Thieves","floor":19,"turns":1},{"damage":0,"enemies":"Chosen and Byrds","floor":20,"turns":1},{"damage":0,"enemies":"Snake Plant","floor":22,"turns":2},{"damage":0,"enemies":"Slavers","floor":23,"turns":1},{"damage":0,"enemies":"Gremlin Leader","floor":25,"turns":2},{"damage":0,"enemies":"Book of Stabbing","floor":28,"turns":2},{"damage":0,"enemies":"3 Cultists","floor":29,"turns":1},{"damage":0,"enemies":"Centurion and Healer","floor":30,"turns":2},{"damage":0,"enemies":"Cultist and Chosen","floor":31,"turns":1},{"damage":0,"enemies":"Automaton","floor":33,"turns":2},{"damage":0,"enemies":"Orb Walker","floor":35,"turns":1},{"damage":0,"enemies":"3 Shapes","floor":39,"turns":1},{"damage":0,"enemies":"Reptomancer","floor":40,"turns":1},{"damage":0,"enemies":"Maw","floor":41,"turns":2},{"damage":9,"enemies":"Giant Head","floor":42,"turns":4},{"damage":0,"enemies":"Nemesis","floor":44,"turns":1},{"damage":0,"enemies":"Jaw Worm Horde","floor":46,"turns":1},{"damage":0,"enemies":"Spire Growth","floor":48,"turns":1},{"damage":21,"enemies":"Time Eater","floor":50,"turns":3},{"damage":17,"enemies":"Shield and Spear","floor":54,"turns":2},{"damage":63,"enemies":"The Heart","floor":55,"turns":4}],"seed_played":"3215869684155124845","potions_obtained":[{"floor":6,"key":"Fire Potion"},{"floor":8,"key":"AttackPotion"},{"floor":12,"key":"CultistPotion"},{"floor":18,"key":"SpeedPotion"},{"floor":30,"key":"testmod-EscapePotion"},{"floor":54,"key":"PowerPotion"}],"is_trial":false,"path_per_floor":["M","?","M","M","$","E","R","E","T","?","R","E","M","E","R","B",null,"M","M","M","?","M","E","R","E","T","$","E","M","M","M","R","B",null,"M","$","?","$","M","E","M","E","T","E","?","M","?","M","R","B",null,"R","$","E","B",null],"character_chosen":"THE_SILENT","items_purchased":["Calculated Gamble","Bag of Preparation","OrangePellets"],"campfire_rested":0,"item_purchase_floors":[5,38,53],"current_hp_per_floor":[62,55,57,44,44,38,38,40,40,40,40,44,37,39,39,42,67,69,72,75,75,77,80,80,81,81,81,82,45,44,45,45,46,76,78,78,78,78,82,85,86,79,79,81,71,75,75,81,81,70,86,86,86,76,31],"gold":64,"neow_bonus":"BOSS_RELIC","is_daily":false,"chose_seed":false,"campfire_upgraded":6,"win_rate":0.0,"timestamp":1609235396,"path_taken":["M","?","M","M","$","E","R","E","T","?","R","E","?","E","R","BOSS","M","M","?","?","M","E","R","E","T","$","E","M","M","?","R","BOSS","M","$","?","$","M","E","M","E","T","E","?","M","?","M","R","BOSS","R","$","E","BOSS"],"items_purchased_type":["Card","Relic","Relic"],"build_version":"2020-12-22","purchased_purges":4,"victory":true,"max_hp_per_floor":[67,67,68,69,69,70,70,71,71,71,71,72,73,74,74,75,75,76,77,78,78,79,80,80,81,81,81,82,83,84,85,85,86,86,87,87,83,83,84,85,86,87,87,88,88,89,89,90,90,91,91,91,91,92,93],"relic_stats":{"OrangePellets":[2],"Regal Pillow":0,"Happy Flower":[4],"counters":[31,55],"Snake Skull":[0],"Black Star":4,"Bag of Preparation":[20],"Question Card":27,"Boot":[0],"obtain_stats":[{"Lantern":26,"Regal Pillow":42,"AT_ATBox":0,"DaveBox":0,"RhineSuit":0,"Snake Skull":23,"ice":0,"testmod-NegativeEmotionEnhancer":0,"Bag of Preparation":38,"Boot":40,"HornCleat":12,"testmod-Motorcycle":14,"AT_TrinityForce":17,"AT_RedNoBalance":33,"Ring of the Snake":0,"testmod-TestBox":0,"Happy Flower":42,"AT_MortalBlade":0,"Thread and Needle":54,"AT_SilverBalance":28,"AT_SilvercatRing":6,"Question Card":9,"testmod-IndustrialRevolution":44,"OrangePellets":53,"AT_SpeedBoots":8,"SynthV:TestCard":1,"testmod-Acrobat":44,"Black Star":34,"Bottled Lightning":25,"AT_SunfireAegis":54,"StrikeDummy":40},{"Lantern":15,"Regal Pillow":25,"AT_ATBox":0,"DaveBox":0,"RhineSuit":0,"Snake Skull":14,"ice":0,"testmod-NegativeEmotionEnhancer":0,"Bag of Preparation":21,"Boot":23,"HornCleat":6,"testmod-Motorcycle":8,"AT_TrinityForce":9,"AT_RedNoBalance":20,"Ring of the Snake":0,"testmod-TestBox":0,"Happy Flower":25,"AT_MortalBlade":0,"Thread and Needle":30,"AT_SilverBalance":16,"AT_SilvercatRing":4,"Question Card":5,"testmod-IndustrialRevolution":26,"OrangePellets":29,"AT_SpeedBoots":5,"SynthV:TestCard":1,"testmod-Acrobat":26,"Black Star":20,"Bottled Lightning":15,"AT_SunfireAegis":30,"StrikeDummy":23},{"Lantern":26,"Regal Pillow":43,"AT_ATBox":0,"DaveBox":0,"RhineSuit":0,"Snake Skull":24,"ice":0,"testmod-NegativeEmotionEnhancer":0,"Bag of Preparation":35,"Boot":37,"HornCleat":12,"testmod-Motorcycle":15,"AT_TrinityForce":18,"AT_RedNoBalance":32,"Ring of the Snake":0,"testmod-TestBox":0,"Happy Flower":43,"AT_MortalBlade":0,"Thread and Needle":51,"AT_SilverBalance":28,"AT_SilvercatRing":8,"Question Card":10,"testmod-IndustrialRevolution":44,"OrangePellets":49,"AT_SpeedBoots":10,"SynthV:TestCard":1,"testmod-Acrobat":44,"Black Star":34,"Bottled Lightning":26,"AT_SunfireAegis":51,"StrikeDummy":37}]},"card_choices":[{"not_picked":["PiercingWail","Deflect"],"picked":"Expertise","floor":1},{"not_picked":["Predator","Quick Slash","MostiFishMod:PerfectParry","All Out Attack"],"picked":"Tactician","floor":3},{"not_picked":["Backstab","Flechettes","Deadly Poison","Cloak And Dagger"],"picked":"Backflip","floor":4},{"not_picked":["Bane","Unload","AT_WindRun","Leg Sweep"],"picked":"Prepared","floor":6},{"not_picked":["AT_FocusSwordFire","MostiFishMod:PoisonShield","Unload","Expertise","Crippling Poison"],"picked":"SKIP","floor":8},{"not_picked":["Slice","Backstab","MostiFishMod:PerfectParry","Underhanded Strike","AT_WindFlip"],"picked":"AT_ShadowStep","floor":12},{"not_picked":["Flying Knee","Dagger Throw","Eviscerate","Poisoned Stab","AT_TwilightShroud"],"picked":"Terror","floor":13},{"not_picked":["Crippling Poison","Noxious Fumes","Accuracy","Infinite Blades","Masterful Stab"],"picked":"Reflex","floor":14},{"not_picked":["MostiFishMod:Confrontation","AT_MyraUnstableElement","AT_EssenceShift","Burst","Glass Knife"],"picked":"Adrenaline","floor":16},{"not_picked":["Terror","Dodge and Roll+1","MostiFishMod:PerfectParry","PiercingWail","Dagger Spray"],"picked":"AT_WindFlip","floor":18},{"not_picked":["Endless Agony","Bane","Dagger Spray","Slice+1","MostiFishMod:PerfectParry"],"picked":"Escape Plan","floor":19},{"not_picked":["MostiFishMod:InvigoratingSolution","Dagger Spray","Footwork","MostiFishMod:PreservedThorns+1","MostiFishMod:PerfectParry"],"picked":"AT_EssenceShift","floor":20},{"not_picked":["Poisoned Stab","Underhanded Strike","Backflip","Bane+1","PiercingWail","Dagger Spray"],"picked":"SKIP","floor":22},{"not_picked":["PiercingWail+1","Underhanded Strike","AT_WindFlip","Phantasmal Killer","MostiFishMod:PerfectParry+1"],"picked":"MostiFishMod:PreservedThorns","floor":23},{"not_picked":["Footwork","AT_WindFlip","Setup","Dagger Spray","Dagger Throw"],"picked":"Acrobatics","floor":25},{"not_picked":["All Out Attack+1","Concentrate","Endless Agony","PiercingWail","Dagger Spray+1","AT_MyraUnstableElement"],"picked":"SKIP","floor":28},{"not_picked":["Reflex+1","Leg Sweep","Outmaneuver","AT_WindFlip","Prepared","Bouncing Flask"],"picked":"SKIP","floor":29},{"not_picked":["Flying Knee","Slice","Endless Agony","AT_TwilightShroud","Outmaneuver"],"picked":"AT_ArcaneSupremacy+1","floor":30},{"not_picked":["Flying Knee","Concentrate","AT_WindRun","Accuracy","Acrobatics","Cloak And Dagger"],"picked":"SKIP","floor":31},{"not_picked":["Well Laid Plans","Bullet Time","MostiFishMod:ShivMaster","AT_MyraUnstableElement","Corpse Explosion"],"picked":"MostiFishMod:HiddenBlade","floor":33},{"not_picked":["Catalyst","AT_Desolate+1","Infinite Blades+1","Prepared","PiercingWail","Slice"],"picked":"SKIP","floor":35},{"not_picked":["AT_WindFlip","Infinite Blades+1","Dodge and Roll","Poisoned Stab","Cloak And Dagger","AT_ArcaneSupremacy"],"picked":"SKIP","floor":39},{"not_picked":["Dodge and Roll","AT_ShadowStep","Predator","Endless Agony","MostiFishMod:PoisonShield+1"],"picked":"AT_TinkerSharpsword","floor":40},{"not_picked":["Acrobatics+1","Accuracy","Dagger Spray","MostiFishMod:PerfectParry","Blade Dance"],"picked":"AT_ThistleTea+1","floor":41},{"not_picked":["Poisoned Stab","Predator","Blade Dance","Setup+1","Tools of the Trade"],"picked":"MostiFishMod:ThornCasing+1","floor":42},{"not_picked":["Bane","Leg Sweep","Skewer","Outmaneuver","Tactician","Concentrate"],"picked":"SKIP","floor":44},{"not_picked":["testmod-BloodBlade","Flash of Steel","Mayhem","Discovery","Thinking Ahead"],"picked":"MostiFishMod:ButterFly","floor":45},{"not_picked":["AT_TearsDenial","testmod-BackupPower","testmod-DeathImprint","Forethought","testmod-Mystery"],"picked":"AT_LightSaberMaster","floor":45},{"not_picked":["Good Instincts","testmod-TreasureHunter","Deep Breath","Jack Of All Trades","testmod-BackupPower"],"picked":"MostiFishMod:OneDayCity","floor":45},{"not_picked":["Sucker Punch+1","Dagger Throw","Outmaneuver","Dodge and Roll","Poisoned Stab","MostiFishMod:PerfectParry"],"picked":"SKIP","floor":46},{"not_picked":["Bane","Outmaneuver","Sucker Punch","Storm of Steel","MostiFishMod:PerfectParry","Dagger Spray"],"picked":"SKIP","floor":48},{"not_picked":["Slice","AT_WindFlip+1","Finisher","Blade Dance+1","Outmaneuver","PiercingWail"],"picked":"SKIP","floor":54}],"player_experience":260434,"relics_obtained":[{"floor":1,"key":"SynthV:TestCard"},{"floor":6,"key":"AT_SilvercatRing"},{"floor":8,"key":"AT_SpeedBoots"},{"floor":9,"key":"Question Card"},{"floor":12,"key":"HornCleat"},{"floor":14,"key":"testmod-Motorcycle"},{"floor":23,"key":"Snake Skull"},{"floor":25,"key":"Bottled Lightning"},{"floor":26,"key":"Lantern"},{"floor":28,"key":"AT_SilverBalance"},{"floor":40,"key":"Boot"},{"floor":40,"key":"StrikeDummy"},{"floor":42,"key":"Regal Pillow"},{"floor":42,"key":"Happy Flower"},{"floor":44,"key":"testmod-Acrobat"},{"floor":44,"key":"testmod-IndustrialRevolution"},{"floor":54,"key":"Thread and Needle"},{"floor":54,"key":"AT_SunfireAegis"}],"event_choices":[{"cards_removed":["Defend_G"],"damage_healed":0,"gold_gain":0,"player_choice":"Card Removal","damage_taken":7,"max_hp_gain":0,"max_hp_loss":0,"event_name":"Golden Wing","floor":2,"gold_loss":0},{"cards_removed":["Strike_G"],"damage_healed":0,"gold_gain":0,"player_choice":"Offered Basic","damage_taken":0,"max_hp_gain":0,"max_hp_loss":0,"event_name":"Bonfire Elementals","floor":10,"gold_loss":0},{"cards_removed":["Defend_G"],"damage_healed":0,"gold_gain":0,"player_choice":"Upgrade and Remove","damage_taken":0,"max_hp_gain":0,"max_hp_loss":0,"event_name":"Designer","floor":21,"gold_loss":110,"cards_upgraded":["Defend_G"]},{"damage_healed":0,"gold_gain":0,"player_choice":"Max HP","damage_taken":0,"max_hp_gain":0,"max_hp_loss":4,"event_name":"Winding Halls","floor":37,"gold_loss":0},{"damage_healed":0,"gold_gain":0,"player_choice":"Memory 3","damage_taken":10,"max_hp_gain":0,"max_hp_loss":0,"event_name":"SensoryStone","floor":45,"gold_loss":0},{"damage_healed":0,"gold_gain":50,"player_choice":"Pray","damage_taken":0,"max_hp_gain":0,"max_hp_loss":0,"event_name":"Golden Shrine","floor":47,"gold_loss":0}],"is_beta":false,"boss_relics":[{"not_picked":["BloodWine","xbg"],"picked":"AT_TrinityForce"},{"not_picked":["Velvet Choker","RhineFirstAidKit"],"picked":"Black Star"}],"items_purged_floors":[27,36,38,53],"is_endless":false,"potions_floor_spawned":[6,8,12,18,28,30,31,39,46,54],"ascension_level":18}}