{"host":"pynofkhbweftzsaw","time":1609242451,"event":{"mods":["BaseMod","Colored Map","Marisa????????","Minty Spire (QoL Compilation)","StSLib","The Servant 0.9.4"],"gold_per_floor":[16,35,35,51,51,77,77,106,106,118,118,118],"floor_reached":11,"playtime":1021,"items_purged":[],"score":87,"play_id":"39b33e28-1ba7-47ba-8b30-402e1a561e90","local_time":"20201229194731","is_ascension_mode":true,"campfire_choices":[{"data":"PulseMagic","floor":7,"key":"SMITH"}],"circlet_count":0,"master_deck":["Strike_MRS","Strike_MRS","Strike_MRS","Strike_MRS","Defend_MRS","Defend_MRS","Defend_MRS","Defend_MRS","MasterSpark","UpSweep","PulseMagic+1","ShootingEcho"],"relics":["MiniHakkero","Shovel","NlothsMask","InkBottle","Juzu Bracelet"],"acts_visited":["Exordium"],"potions_floor_usage":[8,11],"damage_taken":[{"damage":0,"enemies":"Cultist","floor":1,"turns":3},{"damage":0,"enemies":"Small Slimes","floor":2,"turns":3},{"damage":1,"enemies":"Jaw Worm","floor":4,"turns":2},{"damage":35,"enemies":"3 Sentries","floor":6,"turns":9},{"damage":31,"enemies":"Lagavulin","floor":8,"turns":4},{"damage":5,"enemies":"Looter","floor":10,"turns":4},{"damage":4,"enemies":"3 Sentries","floor":11,"turns":2}],"seed_played":"-8831222123785316546","potions_obtained":[{"floor":2,"key":"LiquidMemories"},{"floor":6,"key":"DistilledChaos"},{"floor":8,"key":"Ancient Potion"}],"is_trial":false,"path_per_floor":["M","M","$","M","?","E","R","E","T","M","E"],"character_chosen":"MARISA","items_purchased":[],"campfire_rested":0,"item_purchase_floors":[],"current_hp_per_floor":[75,75,75,74,74,39,39,8,8,3,0,0],"gold":118,"neow_bonus":"ONE_RARE_RELIC","is_daily":false,"chose_seed":false,"campfire_upgraded":1,"win_rate":0.0,"timestamp":1609242451,"path_taken":["M","M","$","?","?","E","R","E","T","M","E"],"items_purchased_type":[],"build_version":"2020-12-22","purchased_purges":0,"victory":false,"max_hp_per_floor":[75,75,75,75,75,75,75,75,75,75,75,75],"card_choices":[{"not_picked":["IllusionStar","6A","NonDirectionalLaser"],"picked":"SKIP","floor":1},{"not_picked":["EarthLightRay","GrandCross"],"picked":"PulseMagic","floor":2},{"not_picked":["GrandCross","SprinkleStarSeal","GalacticHalo"],"picked":"SKIP","floor":4},{"not_picked":["GalacticHalo","LuminesStrike"],"picked":"ShootingEcho","floor":6},{"not_picked":["MeteoricShower","GrandCross","AsteroidBelt"],"picked":"SKIP","floor":8},{"not_picked":["UnstableBomb","LuminesStrike","MaximisePower"],"picked":"SKIP","floor":10}],"player_experience":78832,"relics_obtained":[{"floor":6,"key":"InkBottle"},{"floor":8,"key":"Juzu Bracelet"}],"event_choices":[{"damage_healed":0,"gold_gain":0,"player_choice":"Trade","damage_taken":0,"relics_obtained":["NlothsMask"],"max_hp_gain":0,"max_hp_loss":0,"event_name":"FaceTrader","floor":5,"gold_loss":0}],"is_beta":false,"boss_relics":[],"items_purged_floors":[],"is_endless":false,"potions_floor_spawned":[2,6,8],"killed_by":"3 Sentries","ascension_level":1}}