{"host":"qxeepl7ydvsgmfdb","time":1609264809,"event":{"mods":["AchievementEnabler","BaseMod","Colored Powertips","Minty Spire (QoL Compilation)","Quick Restart","slay the spire mod where everything is the same but ironclad has a cowboy hat"],"gold_per_floor":[115,115,162,162,181,212,232,243,314,314,327,290,290,290,290,413,413,429,133,133,188,212,251,251,267,345,360,360,360,360],"floor_reached":29,"playtime":730,"items_purged":[],"score":348,"play_id":"ee1633d7-0d0f-4a7f-94a1-bec47bc4d61a","local_time":"20201229130009","is_ascension_mode":true,"campfire_choices":[{"floor":10,"key":"REST"},{"floor":13,"key":"REST"},{"floor":15,"key":"REST"},{"floor":24,"key":"REST"}],"circlet_count":0,"master_deck":["Strike_G","Strike_G","Strike_G","Strike_G","Defend_G","Defend_G","Defend_G","Defend_G","Defend_G","Survivor","Neutralize","Blade Dance","Dagger Spray","Poisoned Stab","Outmaneuver","Infinite Blades+1","Noxious Fumes+1","Noxious Fumes+1","Writhe","Sucker Punch+1","Sucker Punch"],"relics":["Ring of the Snake","NeowsBlessing","Bag of Preparation","Bronze Scales","Nunchaku","Frozen Egg 2","Golden Idol","HoveringKite","Blood Vial","Potion Belt","Ornamental Fan","Strawberry","Dead Branch","HornCleat"],"acts_visited":["Exordium","TheCity"],"potions_floor_usage":[11,23,23,27],"damage_taken":[{"damage":0,"enemies":"2 Louse","floor":1,"turns":1},{"damage":0,"enemies":"Jaw Worm","floor":5,"turns":1},{"damage":0,"enemies":"Gremlin Nob","floor":6,"turns":1},{"damage":0,"enemies":"Cultist","floor":7,"turns":2},{"damage":12,"enemies":"Blue Slaver","floor":8,"turns":3},{"damage":27,"enemies":"Exordium Thugs","floor":11,"turns":6},{"damage":32,"enemies":"The Guardian","floor":16,"turns":10},{"damage":13,"enemies":"Spheric Guardian","floor":18,"turns":4},{"damage":29,"enemies":"Shell Parasite","floor":22,"turns":5},{"damage":20,"enemies":"Slavers","floor":23,"turns":5},{"damage":16,"enemies":"Snecko","floor":25,"turns":5},{"damage":5,"enemies":"Cultist and Chosen","floor":27,"turns":5},{"damage":8,"enemies":"Snake Plant","floor":29,"turns":1}],"seed_played":"2408857975404972218","potions_obtained":[{"floor":6,"key":"Weak Potion"},{"floor":11,"key":"PowerPotion"},{"floor":16,"key":"SkillPotion"},{"floor":23,"key":"Dexterity Potion"}],"is_trial":false,"path_per_floor":["M","?","T","?","M","E","M","M","T","R","M","$","R","?","R","B",null,"M","$","?","T","M","E","R","M","T","M","?","M"],"character_chosen":"THE_SILENT","items_purchased":["Noxious Fumes+1","Blood Vial","Potion Belt"],"campfire_rested":4,"item_purchase_floors":[12,19,19],"current_hp_per_floor":[63,45,45,45,45,45,45,33,33,54,27,27,48,31,52,20,58,45,45,45,52,25,7,30,16,16,13,4,0,0],"gold":360,"neow_bonus":"THREE_ENEMY_KILL","is_daily":false,"chose_seed":false,"campfire_upgraded":0,"win_rate":0.0,"timestamp":1609264809,"path_taken":["M","?","?","?","?","E","M","M","T","R","M","$","R","?","R","BOSS","M","$","?","?","M","E","R","M","T","M","?","M"],"items_purchased_type":["Card","Relic","Relic"],"build_version":"2020-12-22","purchased_purges":0,"victory":false,"max_hp_per_floor":[70,70,70,70,70,70,70,70,70,70,70,70,70,70,70,70,70,70,70,70,77,77,77,77,77,77,77,77,77,77],"card_choices":[{"not_picked":["Bane","Infinite Blades"],"picked":"Blade Dance","floor":1},{"not_picked":["Well Laid Plans","Backflip"],"picked":"Dagger Spray","floor":5},{"not_picked":["Blur","Expertise","Heel Hook"],"picked":"SKIP","floor":6},{"not_picked":["Prepared","Masterful Stab"],"picked":"Poisoned Stab","floor":7},{"not_picked":["Expertise","Accuracy"],"picked":"Outmaneuver","floor":8},{"not_picked":["Outmaneuver","Crippling Poison"],"picked":"Infinite Blades+1","floor":11},{"not_picked":["Underhanded Strike","Finisher"],"picked":"Noxious Fumes+1","floor":18},{"not_picked":["Bane","Well Laid Plans+1"],"picked":"Sucker Punch+1","floor":22},{"not_picked":["Heel Hook","Concentrate","Eviscerate"],"picked":"SKIP","floor":23},{"not_picked":["Flying Knee","Bane","Catalyst+1"],"picked":"SKIP","floor":25},{"not_picked":["Acrobatics","Dagger Throw+1"],"picked":"Sucker Punch","floor":27}],"player_experience":298829,"relics_obtained":[{"floor":3,"key":"Bronze Scales"},{"floor":6,"key":"Nunchaku"},{"floor":9,"key":"Frozen Egg 2"},{"floor":21,"key":"Strawberry"},{"floor":23,"key":"Dead Branch"},{"floor":26,"key":"HornCleat"}],"event_choices":[{"damage_healed":0,"gold_gain":0,"player_choice":"Success","damage_taken":18,"relics_obtained":["Bag of Preparation"],"max_hp_gain":0,"max_hp_loss":0,"event_name":"Scrap Ooze","floor":2,"gold_loss":0},{"cards_removed":["Strike_G"],"damage_healed":0,"gold_gain":0,"player_choice":"Offered Basic","damage_taken":0,"max_hp_gain":0,"max_hp_loss":0,"event_name":"Bonfire Elementals","floor":4,"gold_loss":0},{"damage_healed":0,"gold_gain":0,"player_choice":"Take Damage","damage_taken":17,"relics_obtained":["Golden Idol"],"max_hp_gain":0,"max_hp_loss":0,"event_name":"Golden Idol","floor":14,"gold_loss":0},{"damage_healed":0,"gold_gain":0,"player_choice":"Opened","damage_taken":0,"relics_obtained":["Ornamental Fan"],"max_hp_gain":0,"max_hp_loss":0,"event_name":"The Mausoleum","floor":20,"gold_loss":0,"cards_obtained":["Writhe"]},{"damage_healed":0,"gold_gain":0,"player_choice":"Stopped","damage_taken":9,"max_hp_gain":0,"max_hp_loss":0,"event_name":"Cursed Tome","floor":28,"gold_loss":0}],"is_beta":false,"boss_relics":[{"not_picked":["Pandora\u0027s Box","Runic Pyramid"],"picked":"HoveringKite"}],"items_purged_floors":[],"is_endless":false,"potions_floor_spawned":[6,11,16,23],"killed_by":"Snake Plant","ascension_level":6}}