{"host":"3t6uby4o5waaq95r","time":1609215202,"event":{"mods":["AchievementEnabler","BaseMod","Bestiary","Colored Map","Highlight Path","Minty Spire (QoL Compilation)","Permanent Neow","Quick Restart","Random Character Button","SuperFastMode"],"gold_per_floor":[109,119,119,133,133,144,144,69,69,81,81,93,93,108,108,210,260,274,291,191,208,208,208,223,223,291,291,307,326,85,85,85,186,186,197,214,260,271,17,52,52,67,90,90,90],"floor_reached":44,"playtime":1674,"items_purged":["Defend_B","Strike_B"],"score":534,"play_id":"73e4e3de-15f0-4b91-9e10-f979264d21fd","local_time":"20201228221321","is_ascension_mode":false,"campfire_choices":[{"data":"Lockon","floor":7,"key":"SMITH"},{"data":"Zap","floor":11,"key":"SMITH"},{"data":"Rebound","floor":13,"key":"SMITH"},{"data":"Defragment","floor":15,"key":"SMITH"},{"data":"Fission","floor":23,"key":"SMITH"},{"data":"Fission","floor":25,"key":"SMITH"},{"data":"Hologram","floor":27,"key":"SMITH"},{"data":"Thunder Strike","floor":32,"key":"SMITH"},{"floor":41,"key":"REST"}],"circlet_count":0,"master_deck":["Strike_B","Strike_B","Defend_B","Defend_B","Zap+1","Dualcast","Genetic Algorithm","Rebound+1","Lockon+1","Beam Cell","Steam+1","White Noise","Defragment+1","Fission+1","Go for the Eyes","Hologram+1","Lockon+1","White Noise+1","Fission+1","Tempest","Loop","Force Field","Electrodynamics","Thunder Strike+1","Thunder Strike","Loop","Force Field+1","Coolheaded+1","Leap+1","Echo Form","Go for the Eyes"],"relics":["Cracked Core","Meat on the Bone","Kunai","Nloth\u0027s Gift","Busted Crown","Unceasing Top","Pear","Symbiotic Virus","Ancient Tea Set"],"acts_visited":["Exordium","TheCity","TheBeyond"],"potions_floor_usage":[24,33,33,33],"damage_taken":[{"damage":0,"enemies":"Cultist","floor":1,"turns":3},{"damage":10,"enemies":"Jaw Worm","floor":2,"turns":3},{"damage":0,"enemies":"Small Slimes","floor":4,"turns":3},{"damage":8,"enemies":"Red Slaver","floor":6,"turns":2},{"damage":5,"enemies":"Blue Slaver","floor":10,"turns":2},{"damage":10,"enemies":"Lots of Slimes","floor":12,"turns":3},{"damage":0,"enemies":"Exordium Wildlife","floor":14,"turns":2},{"damage":0,"enemies":"Slime Boss","floor":16,"turns":5},{"damage":30,"enemies":"Spheric Guardian","floor":18,"turns":4},{"damage":0,"enemies":"Chosen","floor":19,"turns":4},{"damage":13,"enemies":"Snake Plant","floor":21,"turns":3},{"damage":17,"enemies":"Sentry and Sphere","floor":24,"turns":5},{"damage":0,"enemies":"Cultist and Chosen","floor":28,"turns":4},{"damage":15,"enemies":"Snecko","floor":29,"turns":4},{"damage":15,"enemies":"Automaton","floor":33,"turns":7},{"damage":0,"enemies":"3 Shapes","floor":35,"turns":4},{"damage":21,"enemies":"3 Darklings","floor":36,"turns":4},{"damage":43,"enemies":"2 Orb Walkers","floor":37,"turns":4},{"damage":0,"enemies":"Transient","floor":38,"turns":5},{"damage":0,"enemies":"Giant Head","floor":40,"turns":6},{"damage":13,"enemies":"Sphere and 2 Shapes","floor":42,"turns":6},{"damage":65,"enemies":"Reptomancer","floor":44,"turns":4}],"seed_played":"-5751129783142364004","potions_obtained":[{"floor":6,"key":"Block Potion"},{"floor":14,"key":"Ancient Potion"},{"floor":16,"key":"AttackPotion"},{"floor":17,"key":"Regen Potion"},{"floor":24,"key":"PowerPotion"},{"floor":33,"key":"Ancient Potion"},{"floor":38,"key":"SteroidPotion"}],"is_trial":false,"path_per_floor":["M","M","?","M","?","M","R","$","T","M","R","M","R","M","R","B",null,"M","M","$","M","?","R","M","R","T","R","M","M","$","?","R","B",null,"M","M","?","M","$","E","R","M","T","E"],"character_chosen":"DEFECT","items_purchased":["Electrodynamics","Thunder Strike","Pear"],"campfire_rested":1,"item_purchase_floors":[30,30,39],"current_hp_per_floor":[75,65,65,65,65,57,57,57,57,52,52,42,42,42,42,42,80,50,50,50,49,49,49,44,44,44,44,44,41,41,41,41,41,80,80,59,28,40,50,50,77,64,64,0,0],"gold":90,"neow_bonus":"THREE_CARDS","is_daily":false,"chose_seed":false,"campfire_upgraded":8,"win_rate":0.0,"timestamp":1609215201,"path_taken":["M","?","?","M","?","?","R","$","T","M","R","M","R","M","R","BOSS","M","M","$","M","?","R","M","R","T","R","?","M","$","?","R","BOSS","M","?","?","M","$","E","R","M","T","E"],"items_purchased_type":["Card","Card","Relic"],"build_version":"2020-12-22","purchased_purges":2,"victory":false,"max_hp_per_floor":[75,75,75,75,75,75,75,75,75,75,75,75,75,75,75,75,80,80,80,80,80,80,80,80,80,80,80,80,80,80,80,80,80,80,80,80,80,80,90,90,90,90,90,90,90],"card_choices":[{"not_picked":["Undo","Beam Cell"],"picked":"Genetic Algorithm","floor":0},{"not_picked":["Leap","Redo"],"picked":"Rebound","floor":1},{"not_picked":["Beam Cell","Stack"],"picked":"Lockon","floor":2},{"not_picked":["Coolheaded","Turbo","Compile Driver"],"picked":"SKIP","floor":4},{"not_picked":["Streamline","Barrage","Turbo"],"picked":"SKIP","floor":6},{"not_picked":["Conserve Battery","Storm"],"picked":"Steam","floor":10},{"not_picked":["Conserve Battery","Coolheaded"],"picked":"White Noise","floor":12},{"not_picked":["Hologram","Glacier"],"picked":"Defragment","floor":14},{"not_picked":["Echo Form","Meteor Strike"],"picked":"Fission","floor":16},{"not_picked":["Turbo","Fusion"],"picked":"Go for the Eyes","floor":17},{"not_picked":["Genetic Algorithm","Recycle"],"picked":"Hologram","floor":18},{"not_picked":["Go for the Eyes","Steam Power+1"],"picked":"Lockon+1","floor":19},{"not_picked":["Steam Power","FTL"],"picked":"White Noise+1","floor":21},{"not_picked":["Rebound","Go for the Eyes"],"picked":"Tempest","floor":24},{"not_picked":["Go for the Eyes","Beam Cell"],"picked":"Loop","floor":28},{"not_picked":["Stack","Sweeping Beam"],"picked":"Force Field","floor":29},{"not_picked":["Multi-Cast","Creative AI"],"picked":"Thunder Strike","floor":33},{"not_picked":[],"picked":"Loop","floor":35},{"not_picked":[],"picked":"Force Field+1","floor":36},{"not_picked":[],"picked":"Coolheaded+1","floor":37},{"not_picked":[],"picked":"Leap+1","floor":38},{"not_picked":[],"picked":"Echo Form","floor":40},{"not_picked":[],"picked":"Go for the Eyes","floor":42}],"player_experience":805248,"relics_obtained":[{"floor":9,"key":"Meat on the Bone"},{"floor":26,"key":"Kunai"},{"floor":37,"key":"Unceasing Top"},{"floor":40,"key":"Symbiotic Virus"},{"floor":43,"key":"Ancient Tea Set"}],"event_choices":[{"damage_healed":0,"gold_gain":0,"cards_transformed":["Strike_B"],"player_choice":"Change","damage_taken":0,"max_hp_gain":0,"max_hp_loss":0,"event_name":"Living Wall","floor":3,"gold_loss":0,"cards_obtained":["Beam Cell"]},{"cards_removed":["Defend_B"],"damage_healed":0,"gold_gain":0,"player_choice":"Offered Basic","damage_taken":0,"max_hp_gain":0,"max_hp_loss":0,"event_name":"Bonfire Elementals","floor":5,"gold_loss":0},{"damage_healed":0,"gold_gain":0,"player_choice":"Copied","damage_taken":0,"max_hp_gain":0,"max_hp_loss":0,"event_name":"Duplicator","floor":22,"gold_loss":0,"cards_obtained":["Fission"]},{"damage_healed":0,"gold_gain":0,"player_choice":"Traded Relic","damage_taken":0,"relics_obtained":["Nloth\u0027s Gift"],"max_hp_gain":0,"max_hp_loss":0,"event_name":"N\u0027loth","floor":31,"relics_lost":["Tiny House"],"gold_loss":0},{"damage_healed":0,"gold_gain":0,"player_choice":"Fight","damage_taken":0,"max_hp_gain":0,"max_hp_loss":0,"event_name":"Mysterious Sphere","floor":37,"gold_loss":0}],"is_beta":false,"boss_relics":[{"not_picked":["Ectoplasm","Pandora\u0027s Box"],"picked":"Tiny House"},{"not_picked":["Cursed Key","Inserter"],"picked":"Busted Crown"}],"items_purged_floors":[8,20],"is_endless":false,"potions_floor_spawned":[6,14,16,24,28,33,38],"killed_by":"Reptomancer","ascension_level":0}}