{"host":"hfxahm4y1ssattqc","time":1609206039,"event":{"mods":["2.2 Compatiblity","Act Like it!","BaseMod","Beaked The Cultist","BetterRewards","Colored Map","Colored Powertips","Custom Start","Googly Eyes","Halation","Hallownest","Highlight Path","Hubris","Mimic Mod","Minty Spire (QoL Compilation)","Shop Mod","Spikes Relics","StSLib","The Bug Knight","The IronCluck","The Jungle","Unknown Chances","slay the spire mod where everything is the same but ironclad has a cowboy hat"],"gold_per_floor":[112,132,132,132,147,222,222,259,290,290,63,63,81,82,82,178,178,215,232,232,269,35,72,85,85,126,126,166,166,187,187,187,287,287,299,299,314,331,344,378,378,409,446,462,480,480,494,521,521,530,530,530,17,60,117,117],"floor_reached":55,"playtime":2593,"items_purged":[],"score":835,"play_id":"a09d1d3c-d58e-4cad-b30e-5d26ac2109ac","local_time":"20201228174039","is_ascension_mode":false,"campfire_choices":[{"data":"Disarm","floor":7.0,"key":"SMITH"},{"data":"Disarm","floor":10.0,"key":"SMITH"},{"data":"hubris:ReadiedAction","floor":12.0,"key":"SMITH"},{"floor":15.0,"key":"REST"},{"data":"Limit Break","floor":25.0,"key":"SMITH"},{"floor":27.0,"key":"RECALL"},{"data":"Inflame","floor":32.0,"key":"SMITH"},{"data":"beaked:WalkersFury","floor":41.0,"key":"SMITH"},{"floor":46,"key":"REST"},{"floor":49,"key":"REST"},{"data":"Armaments","floor":52,"key":"SMITH"}],"circlet_count":0,"master_deck":["Strike_R+1","Strike_R+1","Strike_R","Strike_R","Defend_R","Defend_R+1","Bash","Disarm+1","Heavy Blade+1","Anger","Disarm+1","hubris:ReadiedAction+1","Flame Barrier","Offering","Armaments+1","Disarm+1","Immolate","Inflame+1","Limit Break+1","Seeing Red+1","Infernal Blade+1","Demon Form","beaked:WalkersFury+1","Rage+1","Spot Weakness+1","Rupture+1","Metallicize"],"relics":["Burning Blood","hubris:Towel","Juzu Bracelet","HollowMod:PaleOreRelic","Whetstone","Toy Ornithopter","halation:IllGainedPizza","Sandwich","MutagenicStrength","Red Mask","Pen Nib","MiniBlackHole","Gremlin Horn","Bottled Tornado","The Courier","beaked:SacredDeck","halation:PinkSoulGem","Ornamental Fan","hubris:ChampionShield","Calipers","Charon\u0027s Ashes","hubris:SlimyHat","Nunchaku","hubris:PeanutButter","halation:TwoAmDonut"],"acts_visited":["Exordium","TheCity","TheBeyond","TheEnding"],"potions_floor_usage":[50,50,55,55],"damage_taken":[{"damage":5.0,"enemies":"2 Louse","floor":1.0,"turns":2.0},{"damage":8.0,"enemies":"Small Slimes","floor":2.0,"turns":4.0},{"damage":16.0,"enemies":"Jaw Worm","floor":5.0,"turns":3.0},{"damage":9.0,"enemies":"2 Fungi Beasts","floor":8.0,"turns":7.0},{"damage":7.0,"enemies":"2 Fungi Beasts","floor":9.0,"turns":6.0},{"damage":5.0,"enemies":"2 Fungi Beasts","floor":13.0,"turns":5.0},{"damage":29.0,"enemies":"Slime Boss","floor":16.0,"turns":8.0},{"damage":0.0,"enemies":"3 Byrds","floor":18.0,"turns":4.0},{"damage":14.0,"enemies":"2 Thieves","floor":19.0,"turns":4.0},{"damage":10.0,"enemies":"Masked Bandits","floor":21.0,"turns":4.0},{"damage":12.0,"enemies":"Slavers","floor":23.0,"turns":4.0},{"damage":6.0,"enemies":"Snecko","floor":24.0,"turns":3.0},{"damage":0.0,"enemies":"3 Cultists","floor":26.0,"turns":4.0},{"damage":32.0,"enemies":"Gremlin Leader","floor":28.0,"turns":3.0},{"damage":6.0,"enemies":"3 Cultists","floor":30.0,"turns":3.0},{"damage":7.0,"enemies":"Automaton","floor":33.0,"turns":6.0},{"damage":3.0,"enemies":"Orb Walker","floor":35.0,"turns":3.0},{"damage":10.0,"enemies":"3 Shapes","floor":37.0,"turns":2.0},{"damage":20.0,"enemies":"Spire Growth","floor":38.0,"turns":3.0},{"damage":6.0,"enemies":"Jaw Worm Horde","floor":39.0,"turns":1.0},{"damage":3.0,"enemies":"beaked:SuperParasite","floor":40.0,"turns":5.0},{"damage":16.0,"enemies":"Reptomancer","floor":42.0,"turns":4.0},{"damage":8.0,"enemies":"Writhing Mass","floor":43.0,"turns":3.0},{"damage":6,"enemies":"Writhing Mass","floor":44,"turns":2},{"damage":14,"enemies":"Maw","floor":45,"turns":4},{"damage":14,"enemies":"Sphere and 2 Shapes","floor":47,"turns":3},{"damage":50,"enemies":"Nemesis","floor":48,"turns":5},{"damage":36,"enemies":"Time Eater","floor":50,"turns":7},{"damage":42,"enemies":"Shield and Spear","floor":54,"turns":5},{"damage":57,"enemies":"The Heart","floor":55,"turns":6}],"seed_played":"783530510120901941","potions_obtained":[{"floor":5.0,"key":"AttackPotion"},{"floor":13.0,"key":"Dexterity Potion"},{"floor":16.0,"key":"SpeedPotion"},{"floor":18.0,"key":"SteroidPotion"},{"floor":24.0,"key":"Fruit Juice"},{"floor":35.0,"key":"SmokeBomb"}],"is_trial":false,"path_per_floor":["M","M","?","?","M","?","R","MIM","MIM","R","$","R","M","?","R","B",null,"M","M","?","?","$","E","M","R","MIM","R","E","?","M","?","R","B",null,"M","?","M","M","M","E","R","E","MIM","M","M","R","M","E","R","B",null,"R","$","E","B"],"character_chosen":"IRONCLAD","items_purchased":["Flame Barrier","halation:IllGainedPizza","Inflame","Pen Nib","Metallicize","CultistPotion","DistilledChaos","Nunchaku","hubris:PeanutButter"],"campfire_rested":3,"item_purchase_floors":[11,11,22,22,53,53,53,53,53],"current_hp_per_floor":[72,70,75,75,65,54,54,51,50,50,50,50,51,36,59,41,77,77,69,69,65,65,64,74,74,80,80,54,54,54,81,81,80,82,82,82,78,64,64,67,67,57,55,55,47,71,63,19,43,23,82,82,82,46,0,0],"gold":117,"neow_bonus":"REMOVE_TWO","is_daily":false,"chose_seed":false,"campfire_upgraded":7,"win_rate":0.0,"timestamp":1609206039,"path_taken":["M","M","?","?","M","?","R","?","MIM","R","$","R","M","?","R","BOSS","M","M","?","?","$","E","M","R","MIM","R","E","?","M","?","R","BOSS","M","?","M","M","M","E","R","E","MIM","M","M","R","M","E","R","BOSS","R","$","E","BOSS"],"items_purchased_type":["Card","Relic","Card","Relic","Card","Potion","Potion","Relic","Relic"],"build_version":"2020-12-22","purchased_purges":0,"victory":false,"max_hp_per_floor":[72,72,77,77,77,77,77,77,77,77,77,77,77,77,77,77,77,77,77,77,77,77,77,82,82,82,82,82,82,82,82,82,82,82,82,82,82,82,82,82,82,82,82,82,82,82,82,82,82,82,82,82,82,82,82,82],"card_choices":[{"not_picked":["Warcry","Body Slam"],"picked":"Disarm","floor":1.0},{"not_picked":["Sever Soul","Cleave"],"picked":"Heavy Blade","floor":2.0},{"not_picked":["hubris:SharpeningStone","Fiend Fire"],"picked":"Anger","floor":5.0},{"not_picked":["BarbarianYell","Twin Strike"],"picked":"Disarm","floor":8.0},{"not_picked":["Warcry","Headbutt"],"picked":"hubris:ReadiedAction","floor":9.0},{"not_picked":["Wild Strike","Shrug It Off","Pommel Strike"],"picked":"SKIP","floor":13.0},{"not_picked":["Fiend Fire","Brutality"],"picked":"Offering","floor":16.0},{"not_picked":["Seeing Red","Pommel Strike+1"],"picked":"Armaments","floor":18.0},{"not_picked":["Havoc","hubris:ReadiedAction+1"],"picked":"Disarm+1","floor":19.0},{"not_picked":["Shrug It Off","Clash"],"picked":"Immolate","floor":21.0},{"not_picked":["Fire Breathing","Flame Barrier"],"picked":"Limit Break","floor":23.0},{"not_picked":["Pommel Strike","Perfected Strike"],"picked":"Seeing Red+1","floor":24.0},{"not_picked":["Perfected Strike","Flex"],"picked":"Infernal Blade+1","floor":26.0},{"not_picked":["Battle Trance","Brutality","Bloodletting"],"picked":"SKIP","floor":28.0},{"not_picked":["Pummel","Perfected Strike","Rampage"],"picked":"SKIP","floor":30.0},{"not_picked":["Berserk","Limit Break"],"picked":"Demon Form","floor":33.0},{"not_picked":["Fire Breathing","Wild Strike+1","Evolve+1"],"picked":"SKIP","floor":35.0},{"not_picked":["Feel No Pain+1","Shockwave+1","Dropkick"],"picked":"SKIP","floor":37.0},{"not_picked":["Exhume","Combust"],"picked":"Rage+1","floor":38.0},{"not_picked":["hubris:SharpeningStone+1","Pommel Strike","Warcry+1"],"picked":"SKIP","floor":39.0},{"not_picked":["Absolvement","Perfected Strike","Twin Strike+1"],"picked":"SKIP","floor":40.0},{"not_picked":["Feel No Pain","hubris:StunningStrike"],"picked":"Spot Weakness+1","floor":42.0},{"not_picked":["Havoc","Twin Strike+1","Sever Soul"],"picked":"SKIP","floor":44},{"not_picked":["Twin Strike","Iron Wave+1"],"picked":"Rupture+1","floor":45},{"not_picked":["Clothesline+1","True Grit+1","Impervious"],"picked":"SKIP","floor":47},{"not_picked":["Dual Wield","Bloodletting","hubris:SharpeningStone+1"],"picked":"SKIP","floor":48},{"not_picked":["Bloodletting+1","Heavy Blade","Body Slam+1"],"picked":"SKIP","floor":54}],"player_experience":838871,"relics_obtained":[{"floor":8.0,"key":"Juzu Bracelet"},{"floor":8.0,"key":"HollowMod:PaleOreRelic"},{"floor":9.0,"key":"Whetstone"},{"floor":9.0,"key":"Toy Ornithopter"},{"floor":21.0,"key":"Red Mask"},{"floor":23.0,"key":"MiniBlackHole"},{"floor":26.0,"key":"Gremlin Horn"},{"floor":26.0,"key":"Bottled Tornado"},{"floor":28.0,"key":"The Courier"},{"floor":40.0,"key":"Ornamental Fan"},{"floor":42.0,"key":"hubris:ChampionShield"},{"floor":43.0,"key":"Calipers"},{"floor":43.0,"key":"Charon\u0027s Ashes"},{"floor":48,"key":"hubris:SlimyHat"},{"floor":54,"key":"halation:TwoAmDonut"}],"event_choices":[{"damage_healed":0.0,"max_hp_gain":5.0,"max_hp_loss":0.0,"gold_gain":0.0,"event_name":"Big Fish","player_choice":"Donut","floor":3.0,"gold_loss":0.0,"damage_taken":0.0},{"damage_healed":0.0,"max_hp_gain":0.0,"max_hp_loss":0.0,"gold_gain":75.0,"event_name":"World of Goop","player_choice":"Gather Gold","floor":6.0,"gold_loss":0.0,"damage_taken":11.0},{"damage_healed":0.0,"max_hp_gain":0.0,"max_hp_loss":0.0,"gold_gain":0.0,"event_name":"Shining Light","player_choice":"Entered Light","floor":14.0,"gold_loss":0.0,"damage_taken":15.0,"cards_upgraded":["Strike_R","Defend_R"]},{"damage_healed":0.0,"max_hp_gain":0.0,"max_hp_loss":0.0,"gold_gain":0.0,"event_name":"Drug Dealer","player_choice":"Inject Mutagens","floor":20.0,"gold_loss":0.0,"damage_taken":0.0,"relics_obtained":["MutagenicStrength"]},{"damage_healed":0.0,"max_hp_gain":0.0,"max_hp_loss":0.0,"gold_gain":0.0,"event_name":"Masked Bandits","player_choice":"Fought Bandits","floor":21.0,"gold_loss":0.0,"damage_taken":0.0},{"cards_removed":["Strike_R"],"damage_healed":0.0,"max_hp_gain":0.0,"max_hp_loss":0.0,"gold_gain":0.0,"event_name":"Purifier","player_choice":"Purged","floor":29.0,"gold_loss":0.0,"damage_taken":0.0},{"damage_healed":27.0,"max_hp_gain":0.0,"max_hp_loss":0.0,"gold_gain":0.0,"event_name":"The Library","player_choice":"Heal","floor":31.0,"gold_loss":0.0,"damage_taken":0.0}],"is_beta":false,"boss_relics":[{"not_picked":["halation:PinkAlligatorPlush","Tiny House"],"picked":"Sandwich"},{"not_picked":["hubris:Stopwatch","hubris:GrandSneckoEye"],"picked":"beaked:SacredDeck"}],"items_purged_floors":[],"is_endless":false,"potions_floor_spawned":[5,13,16,18,21,24,35,38,45,47,48,54],"killed_by":"The Heart","ascension_level":0}}