{"host":"jksa5rawk3m4gilz","time":1609258995,"event":{"mods":["BaseMod","Colored Map","Highlight Path","Minty Spire (QoL Compilation)","Quick Restart"],"gold_per_floor":[115,115,133,147,71,103,103,135,160,192,207,207,226,191,191,286,286,299,299,323,164,164,164],"floor_reached":22,"playtime":922,"items_purged":[],"score":337,"play_id":"6c6b5dcb-4b60-4f5b-91af-e490bd6b57c8","local_time":"20201229172315","is_ascension_mode":true,"campfire_choices":[{"data":"Storm","floor":7,"key":"SMITH"},{"floor":15,"key":"REST"}],"circlet_count":0,"master_deck":["AscendersBane","Strike_B","Strike_B","Defend_B","Defend_B","Defend_B","Defend_B","Zap","Dualcast","Loop","Core Surge","Zap","Steam","Storm+1","Genetic Algorithm","Force Field","Capacitor","Double Energy","Buffer","Cold Snap","Chill","Amplify","Storm","Lockon","Capacitor"],"relics":["Cracked Core","Lantern","Bag of Marbles","Dream Catcher","Kunai","Golden Idol","Busted Crown"],"acts_visited":["Exordium","TheCity"],"potions_floor_usage":[6,11,22],"damage_taken":[{"damage":1.0,"enemies":"Cultist","floor":1.0,"turns":4.0},{"damage":1,"enemies":"2 Louse","floor":3,"turns":2},{"damage":12,"enemies":"Jaw Worm","floor":4,"turns":4},{"damage":12,"enemies":"3 Sentries","floor":6,"turns":7},{"damage":17,"enemies":"Lagavulin","floor":8,"turns":6},{"damage":2,"enemies":"Gremlin Nob","floor":10,"turns":4},{"damage":0,"enemies":"3 Louse","floor":11,"turns":2},{"damage":14,"enemies":"Blue Slaver","floor":13,"turns":4},{"damage":2,"enemies":"The Guardian","floor":16,"turns":13},{"damage":0,"enemies":"Chosen","floor":18,"turns":5},{"damage":12,"enemies":"Shell Parasite","floor":20,"turns":8},{"damage":48,"enemies":"Masked Bandits","floor":22,"turns":3}],"seed_played":"-9073137978719710592","potions_obtained":[{"floor":3,"key":"Fire Potion"},{"floor":8,"key":"Explosive Potion"},{"floor":10,"key":"Block Potion"},{"floor":11,"key":"Strength Potion"}],"is_trial":false,"path_per_floor":["M","?","M","M","$","E","R","E","T","E","M","?","M","?","R","B",null,"M","?","M","$","?"],"character_chosen":"DEFECT","items_purchased":["Capacitor","Lockon","Capacitor"],"campfire_rested":1,"item_purchase_floors":[5,21,21],"current_hp_per_floor":[67,67,66,54,54,42,42,25,25,23,23,23,9,24,42,40,57,57,57,45,45,0,0],"gold":164,"neow_bonus":"REMOVE_TWO","is_daily":false,"chose_seed":false,"campfire_upgraded":1,"win_rate":0.0,"timestamp":1609258995,"path_taken":["M","?","M","?","$","E","R","E","T","E","?","?","M","?","R","BOSS","M","?","M","$","?"],"items_purchased_type":["Card","Card","Card"],"build_version":"2020-12-22","purchased_purges":0,"victory":false,"max_hp_per_floor":[68,68,68,68,68,68,68,68,68,68,68,63,63,63,63,63,63,63,63,63,63,63,63],"card_choices":[{"not_picked":["Conserve Battery","Sweeping Beam"],"picked":"Loop","floor":1.0},{"not_picked":["Ball Lightning","Reinforced Body"],"picked":"Genetic Algorithm","floor":3},{"not_picked":["Stack","Hologram"],"picked":"Force Field","floor":4},{"not_picked":["Melter","Beam Cell"],"picked":"Double Energy","floor":6},{"not_picked":["Rebound","Darkness"],"picked":"Buffer","floor":8},{"not_picked":["Compile Driver","Streamline","Beam Cell"],"picked":"SKIP","floor":10},{"not_picked":["Gash","Turbo"],"picked":"Cold Snap","floor":11},{"not_picked":["Fission","Redo","Ball Lightning"],"picked":"SKIP","floor":13},{"not_picked":["Sweeping Beam","Streamline"],"picked":"Chill","floor":15},{"not_picked":["Machine Learning","Hyperbeam"],"picked":"Amplify","floor":16},{"not_picked":["Leap"],"picked":"SKIP","floor":18},{"not_picked":["Redo"],"picked":"SKIP","floor":20}],"player_experience":2090328,"relics_obtained":[{"floor":6,"key":"Lantern"},{"floor":8,"key":"Bag of Marbles"},{"floor":9,"key":"Dream Catcher"},{"floor":10,"key":"Kunai"}],"event_choices":[{"damage_healed":0,"gold_gain":0,"player_choice":"4 cards matched","damage_taken":0,"max_hp_gain":0,"max_hp_loss":0,"event_name":"Match and Keep!","floor":2,"gold_loss":0,"cards_obtained":["Core Surge","Zap","Steam","Storm"]},{"damage_healed":0,"gold_gain":0,"player_choice":"Lose Max HP","damage_taken":0,"relics_obtained":["Golden Idol"],"max_hp_gain":0,"max_hp_loss":5,"event_name":"Golden Idol","floor":12,"gold_loss":0},{"damage_healed":15,"gold_gain":0,"player_choice":"Healed","damage_taken":0,"max_hp_gain":0,"max_hp_loss":0,"event_name":"The Cleric","floor":14,"gold_loss":35},{"damage_healed":0,"gold_gain":0,"player_choice":"Read","damage_taken":0,"max_hp_gain":0,"max_hp_loss":0,"event_name":"The Library","floor":19,"gold_loss":0,"cards_obtained":["Storm"]},{"damage_healed":0,"gold_gain":0,"player_choice":"Fought Bandits","damage_taken":0,"max_hp_gain":0,"max_hp_loss":0,"event_name":"Masked Bandits","floor":22,"gold_loss":0}],"is_beta":false,"boss_relics":[{"not_picked":["Snecko Eye","Runic Dome"],"picked":"Busted Crown"}],"items_purged_floors":[],"is_endless":false,"potions_floor_spawned":[3,8,10,11,16],"killed_by":"Masked Bandits","ascension_level":13}}