{"host":"sc0o2qwpf9j16a4i","time":1609268372,"event":{"mods":["AchievementEnabler","BaseMod","BetterRewards","Block Reminder","Colored Map","Colored Powertips","Custom Start","Highlight Path","Minty Spire (QoL Compilation)","Relic Stats"],"gold_per_floor":[118,118,132,16,16,16,16,30,102,114,114,134,160,9,9,111,111,123,148,167,182,182,217,316,316,342,183,183,198,208,228,228,333,333,345,356,356,371,115,115,143,160,160,172,182,182,202,228,228,228,228],"floor_reached":50,"playtime":1514,"items_purged":["Normality","Pain"],"score":814,"play_id":"2ba3590d-e678-4d41-95ff-01d7d2b92839","local_time":"20201229205932","is_ascension_mode":true,"campfire_choices":[{"floor":6,"key":"REST"},{"data":"Go for the Eyes","floor":11,"key":"SMITH"},{"data":"Fission","floor":15,"key":"SMITH"},{"data":"Defragment","floor":28,"key":"SMITH"},{"data":"Consume","floor":32,"key":"SMITH"},{"floor":40,"key":"RECALL"},{"floor":49,"key":"REST"}],"circlet_count":0,"master_deck":["Strike_B+1","Strike_B+1","Strike_B","Defend_B","Defend_B","Defend_B","Defend_B","Zap","Dualcast","Doom and Gloom","Rip and Tear","Ball Lightning","Thunder Strike","Barrage","Undo","Lockon","Redo","Go for the Eyes+1","Leap","Fission+1","Core Surge","Electrodynamics","Defragment+1","Glacier+1","Stack","Consume+1","Seek","Capacitor","Hologram","Core Surge","Leap","Heatsinks+1","Seek","Beam Cell","Loop+1","Static Discharge","Redo+1","Pain","Stack+1","Glacier+1","Bandage Up","Recycle+1"],"relics":["Cracked Core","Runic Capacitor","Pen Nib","Whetstone","ClockworkSouvenir","Mummified Hand","Letter Opener","Pocketwatch","Kunai","Boot","Cursed Key","Red Mask","Art of War","Anchor","Busted Crown","WarpedTongs","Bronze Scales","PreservedInsect","Vajra"],"acts_visited":["Exordium","TheCity","TheBeyond"],"potions_floor_usage":[12,13,16,23,33,47,48],"damage_taken":[{"damage":0,"enemies":"2 Louse","floor":1,"turns":2},{"damage":0,"enemies":"Cultist","floor":3,"turns":3},{"damage":0,"enemies":"Jaw Worm","floor":8,"turns":3},{"damage":0,"enemies":"Exordium Wildlife","floor":10,"turns":3},{"damage":0,"enemies":"3 Louse","floor":12,"turns":2},{"damage":6,"enemies":"Gremlin Nob","floor":13,"turns":3},{"damage":3,"enemies":"The Guardian","floor":16,"turns":10},{"damage":0,"enemies":"Spheric Guardian","floor":18,"turns":2},{"damage":6,"enemies":"Masked Bandits","floor":19,"turns":2},{"damage":14,"enemies":"Shell Parasite","floor":20,"turns":4},{"damage":0,"enemies":"Cultist and Chosen","floor":21,"turns":6},{"damage":0,"enemies":"Book of Stabbing","floor":23,"turns":5},{"damage":0,"enemies":"Shelled Parasite and Fungi","floor":29,"turns":3},{"damage":0,"enemies":"Chosen and Byrds","floor":30,"turns":3},{"damage":0,"enemies":"Centurion and Healer","floor":31,"turns":3},{"damage":0,"enemies":"Collector","floor":33,"turns":8},{"damage":0,"enemies":"3 Shapes","floor":35,"turns":3},{"damage":0,"enemies":"Orb Walker","floor":36,"turns":3},{"damage":0,"enemies":"3 Darklings","floor":38,"turns":3},{"damage":6,"enemies":"Reptomancer","floor":41,"turns":4},{"damage":0,"enemies":"Jaw Worm Horde","floor":42,"turns":3},{"damage":30,"enemies":"Writhing Mass","floor":44,"turns":3},{"damage":3,"enemies":"Transient","floor":45,"turns":5},{"damage":3,"enemies":"Jaw Worm Horde","floor":47,"turns":2},{"damage":13,"enemies":"Nemesis","floor":48,"turns":7},{"damage":36,"enemies":"Donu and Deca","floor":50,"turns":3}],"seed_played":"-8940177174419923614","potions_obtained":[{"floor":3,"key":"BlessingOfTheForge"},{"floor":8,"key":"AttackPotion"},{"floor":12,"key":"FocusPotion"},{"floor":16,"key":"SpeedPotion"},{"floor":19,"key":"PotionOfCapacity"},{"floor":20,"key":"SkillPotion"},{"floor":23,"key":"SteroidPotion"},{"floor":29,"key":"SkillPotion"},{"floor":31,"key":"PowerPotion"},{"floor":33,"key":"DuplicationPotion"}],"is_trial":false,"path_per_floor":["M","?","M","$","?","R","$","M","T","M","R","M","E","$","R","B",null,"M","?","M","M","?","E","?","?","T","$","R","M","M","M","R","B",null,"M","M","?","M","$","R","E","M","T","M","M","?","M","E","R","B"],"character_chosen":"DEFECT","items_purchased":["Runic Capacitor","Pen Nib","Doom and Gloom","Whetstone","ClockworkSouvenir","Mummified Hand","Letter Opener","Rip and Tear","PowerPotion","Undo","Lockon","Core Surge","Capacitor","Hologram","Bronze Scales"],"campfire_rested":2,"item_purchase_floors":[0,0,0,0,0,0,0,0,0,4,4,14,27,27,39],"current_hp_per_floor":[27,27,27,27,27,49,49,49,49,49,49,49,43,43,43,40,75,75,69,55,55,55,55,55,55,55,55,55,55,55,55,55,55,75,75,75,75,75,75,75,69,69,69,39,36,26,23,14,36,0,0],"gold":228,"neow_bonus":"","is_daily":false,"chose_seed":false,"campfire_upgraded":4,"win_rate":0.0,"timestamp":1609268372,"path_taken":["M","?","M","?","?","R","$","?","T","M","R","M","E","$","R","BOSS","M","?","M","M","?","E","?","?","T","?","R","M","M","M","R","BOSS","M","M","?","?","$","R","E","M","T","M","M","?","M","E","R","BOSS"],"items_purchased_type":["Relic","Relic","Card","Relic","Relic","Relic","Relic","Card","Potion","Card","Card","Card","Card","Card","Relic"],"build_version":"2020-12-22","purchased_purges":2,"victory":false,"max_hp_per_floor":[75,75,75,75,75,75,75,75,75,75,75,75,75,75,75,75,75,75,75,75,75,75,75,75,75,75,75,75,75,75,75,75,75,75,75,75,75,75,75,75,75,75,75,75,75,75,75,75,75,75,75],"relic_stats":{"counters":[53,263],"Pen Nib":[22],"PreservedInsect":47,"Whetstone":["Strike_B","Strike_B"],"Letter Opener":[170],"Boot":[86],"Cursed Key":3,"WarpedTongs":[29],"Busted Crown":42,"Mummified Hand":[76],"Bronze Scales":[423],"Art of War":[8],"Kunai":[20],"obtain_stats":[{"Ice Cream":6,"Calipers":31,"CeramicFish":38,"Vajra":23,"Juzu Bracelet":41,"Runic Capacitor":0,"Whetstone":0,"Boot":13,"Cursed Key":17,"ClockworkSouvenir":0,"Blood Vial":30,"Centennial Puzzle":11,"Lizard Tail":47,"Emotion Chip":48,"Matryoshka":11,"Mummified Hand":0,"Tiny Chest":23,"MealTicket":45,"Red Mask":19,"Kunai":9,"Cracked Core":0,"Potion Belt":13,"Pear":41,"Happy Flower":45,"Astrolabe":17,"The Courier":9,"Pen Nib":28,"PreservedInsect":41,"Omamori":25,"Letter Opener":0,"War Paint":13,"Orichalcum":25,"Question Card":28,"Cables":6,"WarpedTongs":37,"OrangePellets":14,"Anchor":54,"Busted Crown":34,"Bronze Scales":26,"Black Star":0,"Bag of Marbles":54,"Art of War":23,"Toy Ornithopter":26,"TungstenRod":37,"Pocketwatch":38},{"Ice Cream":3,"Calipers":15,"CeramicFish":18,"Vajra":11,"Juzu Bracelet":20,"Runic Capacitor":27,"Whetstone":27,"Boot":33,"Cursed Key":34,"ClockworkSouvenir":27,"Blood Vial":14,"Centennial Puzzle":5,"Lizard Tail":24,"Emotion Chip":24,"Matryoshka":5,"Mummified Hand":27,"Tiny Chest":11,"MealTicket":23,"Red Mask":36,"Kunai":30,"Cracked Core":0,"Potion Belt":6,"Pear":20,"Happy Flower":23,"Astrolabe":7,"The Courier":4,"Pen Nib":13,"PreservedInsect":47,"Omamori":12,"Letter Opener":27,"War Paint":6,"Orichalcum":12,"Question Card":13,"Cables":3,"WarpedTongs":45,"OrangePellets":6,"Anchor":26,"Busted Crown":16,"Bronze Scales":12,"Black Star":0,"Bag of Marbles":26,"Art of War":39,"Toy Ornithopter":12,"TungstenRod":18,"Pocketwatch":18},{"Ice Cream":19,"Calipers":93,"CeramicFish":109,"Vajra":70,"Juzu Bracelet":120,"Runic Capacitor":166,"Whetstone":166,"Boot":182,"Cursed Key":192,"ClockworkSouvenir":166,"Blood Vial":86,"Centennial Puzzle":29,"Lizard Tail":141,"Emotion Chip":141,"Matryoshka":29,"Mummified Hand":166,"Tiny Chest":70,"MealTicket":135,"Red Mask":196,"Kunai":174,"Cracked Core":0,"Potion Belt":37,"Pear":120,"Happy Flower":135,"Astrolabe":48,"The Courier":24,"Pen Nib":82,"PreservedInsect":241,"Omamori":77,"Letter Opener":166,"War Paint":37,"Orichalcum":77,"Question Card":82,"Cables":19,"WarpedTongs":234,"OrangePellets":37,"Anchor":158,"Busted Crown":101,"Bronze Scales":77,"Black Star":0,"Bag of Marbles":158,"Art of War":211,"Toy Ornithopter":77,"TungstenRod":109,"Pocketwatch":109}],"Pocketwatch":[106]},"card_choices":[{"not_picked":["Steam","Beam Cell"],"picked":"Ball Lightning","floor":1},{"not_picked":["Ball Lightning","Double Energy"],"picked":"Barrage","floor":3},{"not_picked":["Compile Driver","Multi-Cast"],"picked":"Redo","floor":8},{"not_picked":["Storm","Turbo"],"picked":"Go for the Eyes","floor":10},{"not_picked":["Hologram","Steam Power"],"picked":"Leap","floor":12},{"not_picked":["Steam","Streamline"],"picked":"Fission","floor":13},{"not_picked":["Amplify","Creative AI"],"picked":"Electrodynamics","floor":16},{"not_picked":["Storm","Coolheaded+1"],"picked":"Defragment","floor":18},{"not_picked":["FTL","Ball Lightning+1"],"picked":"Glacier+1","floor":19},{"not_picked":["Rebound+1","Turbo+1","Chill"],"picked":"SKIP","floor":20},{"not_picked":["Gash","Turbo"],"picked":"Stack","floor":21},{"not_picked":["Doom and Gloom+1","Stack"],"picked":"Consume","floor":23},{"not_picked":["Coolheaded","Auto Shields"],"picked":"Core Surge","floor":29},{"not_picked":["Sweeping Beam","Reprogram"],"picked":"Leap","floor":30},{"not_picked":["Sweeping Beam","Stack"],"picked":"Heatsinks+1","floor":31},{"not_picked":["Hyperbeam","Amplify"],"picked":"Seek","floor":33},{"not_picked":["Sweeping Beam"],"picked":"SKIP","floor":35},{"not_picked":[],"picked":"Beam Cell","floor":36},{"not_picked":[],"picked":"Loop+1","floor":38},{"not_picked":[],"picked":"Static Discharge","floor":41},{"not_picked":[],"picked":"Redo+1","floor":42},{"not_picked":[],"picked":"Stack+1","floor":44},{"not_picked":[],"picked":"Glacier+1","floor":45},{"not_picked":[],"picked":"Bandage Up","floor":46},{"not_picked":[],"picked":"Recycle+1","floor":47},{"not_picked":["Hello World"],"picked":"SKIP","floor":48}],"player_experience":408026,"relics_obtained":[{"floor":9,"key":"Kunai"},{"floor":13,"key":"Boot"},{"floor":19,"key":"Red Mask"},{"floor":23,"key":"Art of War"},{"floor":26,"key":"Anchor"},{"floor":41,"key":"PreservedInsect"},{"floor":48,"key":"Vajra"}],"event_choices":[{"damage_healed":0,"gold_gain":0,"cards_transformed":["Strike_B"],"player_choice":"Transformed","damage_taken":0,"max_hp_gain":0,"max_hp_loss":0,"event_name":"Transmorgrifier","floor":2,"gold_loss":0,"cards_obtained":["Thunder Strike"]},{"damage_healed":0,"gold_gain":0,"player_choice":"Gave Potion","damage_taken":0,"relics_obtained":["Pocketwatch"],"max_hp_gain":0,"max_hp_loss":0,"event_name":"WeMeetAgain","floor":5,"gold_loss":0},{"damage_healed":0,"gold_gain":0,"player_choice":"Fought Bandits","damage_taken":0,"max_hp_gain":0,"max_hp_loss":0,"event_name":"Masked Bandits","floor":19,"gold_loss":0},{"damage_healed":0,"gold_gain":0,"player_choice":"Ignored","damage_taken":0,"max_hp_gain":0,"max_hp_loss":0,"event_name":"Vampires","floor":22,"gold_loss":0},{"damage_healed":0,"gold_gain":99,"player_choice":"Stole From Cult","damage_taken":0,"max_hp_gain":0,"max_hp_loss":0,"event_name":"Nest","floor":24,"gold_loss":0},{"damage_healed":0,"gold_gain":0,"player_choice":"Read","damage_taken":0,"max_hp_gain":0,"max_hp_loss":0,"event_name":"The Library","floor":25,"gold_loss":0,"cards_obtained":["Seek"]},{"damage_healed":0,"gold_gain":0,"player_choice":"Rummage","damage_taken":0,"relics_obtained":["WarpedTongs"],"max_hp_gain":0,"max_hp_loss":0,"event_name":"Accursed Blacksmith","floor":37,"gold_loss":0,"cards_obtained":["Pain"]},{"damage_healed":0,"gold_gain":0,"player_choice":"Memory 3","damage_taken":10,"max_hp_gain":0,"max_hp_loss":0,"event_name":"SensoryStone","floor":46,"gold_loss":0}],"is_beta":false,"boss_relics":[{"not_picked":["Coffee Dripper","Empty Cage"],"picked":"Cursed Key"},{"not_picked":["Black Star","SlaversCollar"],"picked":"Busted Crown"}],"items_purged_floors":[27,39],"is_endless":false,"potions_floor_spawned":[3,8,12,16,19,20,23,29,31,33,36,38,42,44],"killed_by":"Donu and Deca","ascension_level":1}}