{"host":"f4n39520dv0p5qms","time":1609233866,"event":{"mods":["AchievementEnabler","BaseMod","Colored Powertips","DeckTracker","Downfall","Infinite Spire","Minty Spire (QoL Compilation)","Replay The Spire","Shop Mod","StSLib","The Bug Knight","The Servant 0.9.4"],"gold_per_floor":[99,99,99,99,199,199,244,257,257,336,336,365,365,815,826,922,922,922,938,955,955,975,991,1016,1027,1027,1027,1042,1054,1071,1071,1090,1090,1090,1090],"floor_reached":33,"playtime":1458,"items_purged":["Slimebound:Icky"],"score":247,"play_id":"cea8c81b-64de-4a5e-875b-f103d2195ceb","local_time":"20201229122426","is_ascension_mode":false,"campfire_choices":[{"data":"hexamod:Sear","floor":1,"key":"SMITH"},{"data":"hexamod:PhantomCloak","floor":9,"key":"SMITH"},{"data":"hexamod:BurningTouch","floor":13,"key":"SMITH"},{"data":"hexamod:SearingWound","floor":18,"key":"SMITH"},{"data":"hexamod:Float","floor":27,"key":"SMITH"}],"circlet_count":0,"master_deck":["hexamod:Strike+1","hexamod:Strike","hexamod:Strike","hexamod:Strike","hexamod:Defend+1","hexamod:Defend","hexamod:Defend","hexamod:Defend+1","hexamod:Sear+1","hexamod:Float+1","hexamod:Firestarter","hexamod:BurningTouch+1","hexamod:PhantomCloak+1","hexamod:PhantomFireball","Slimebound:Icky","Slimebound:Icky","hexamod:SoulSteal","hexamod:SearingWound+1","hexamod:Hexaguard+1","hexamod:Rewind+1","hexamod:GhostOfSpirePast+1","hexamod:BurningTouch","hexamod:ThermalTransfer+1","hexamod:SixthSeal","hexamod:ThermalTransfer","hexamod:PhantomCloak","hexamod:ShieldOfDarkness+1","ReplayTheSpireMod:Echoes of Time","hexamod:BacktrackSmack"],"relics":["hexamod:SpiritBrand","downfall:HeartsMalice","Strawberry","Art of War","Ornamental Fan","Juzu Bracelet","Painkiller Herb","Lantern","ReplayTheSpireMod:EnergyBall","Cursed Key"],"acts_visited":["Exordium","TheCity"],"potions_floor_usage":[12,33,33],"damage_taken":[{"damage":0,"enemies":"Cultist","floor":2,"turns":1},{"damage":0,"enemies":"Jaw Worm","floor":3,"turns":1},{"damage":0,"enemies":"2 Louse","floor":6,"turns":1},{"damage":14,"enemies":"Exordium Wildlife","floor":8,"turns":5},{"damage":31,"enemies":"Gremlin Nob","floor":12,"turns":5},{"damage":4,"enemies":"Red Slaver","floor":15,"turns":4},{"damage":38,"enemies":"downfall:Watcher","floor":16,"turns":11},{"damage":11,"enemies":"Chosen","floor":19,"turns":5},{"damage":0,"enemies":"3 Cultists","floor":20,"turns":4},{"damage":5,"enemies":"Centurion and Healer","floor":22,"turns":8},{"damage":0,"enemies":"Sentry and Sphere","floor":23,"turns":3},{"damage":13,"enemies":"Snake Plant","floor":25,"turns":4},{"damage":0,"enemies":"Centurion and Healer","floor":28,"turns":4},{"damage":0,"enemies":"Shelled Parasite and Fungi","floor":29,"turns":4},{"damage":19,"enemies":"Cultist and Chosen","floor":30,"turns":5},{"damage":6,"enemies":"Centurion and Healer","floor":32,"turns":4},{"damage":23,"enemies":"downfall:Ironclad","floor":33,"turns":4}],"seed_played":"6532807884861399937","potions_obtained":[{"floor":8,"key":"infinitespire:BlackPotion"},{"floor":12,"key":"Fire Potion"},{"floor":15,"key":"PowerPotion"},{"floor":20,"key":"SkillPotion"}],"is_trial":false,"path_per_floor":["R","M","M","?","?","M","T","M","R","T","?","E","R","?","M","B",null,"T","?","?","?","?","?","T","?","?","T","?","?","?","AVR","?","B"],"character_chosen":"THE_SPIRIT","items_purchased":[],"campfire_rested":0,"item_purchase_floors":[],"current_hp_per_floor":[70,70,70,65,65,65,65,51,51,51,76,45,45,45,41,3,77,77,66,66,66,61,61,61,48,48,48,48,48,29,29,23,0,0,0],"gold":1090,"neow_bonus":"THREE_ENEMY_KILL","is_daily":false,"chose_seed":false,"campfire_upgraded":5,"win_rate":0.0,"timestamp":1609233866,"path_taken":["R","M","M","?","?","M","T","?","R","?","?","E","R","?","M","BOSS","T","?","?","?","?","?","T","?","?","T","?","?","?","AVR","?","BOSS"],"items_purchased_type":[],"build_version":"2020-12-22","purchased_purges":1,"victory":false,"max_hp_per_floor":[70,70,70,77,77,77,77,77,77,77,77,77,77,77,77,77,77,77,77,77,77,77,77,77,77,77,77,77,77,77,77,77,77,77,77],"card_choices":[{"not_picked":["hexamod:PhantomFireball","hexamod:FastForward"],"picked":"hexamod:Firestarter","floor":2},{"not_picked":["hexamod:RecurringNightmare","hexamod:ThermalTransfer"],"picked":"hexamod:BurningTouch","floor":3},{"not_picked":["hexamod:NightmareGuise","hexamod:SpectersWail","hexamod:NightmareStrike"],"picked":"SKIP","floor":6},{"not_picked":["hexamod:Firestarter","hexamod:GhostLash"],"picked":"hexamod:PhantomCloak","floor":8},{"not_picked":["hexamod:EmpoweredFlame","hexamod:Hexaguard"],"picked":"hexamod:PhantomFireball","floor":12},{"not_picked":["hexamod:GhostflameInferno","hexamod:AdvancingGuard"],"picked":"hexamod:SoulSteal","floor":15},{"not_picked":["hexamod:EmpoweringStance","hexamod:VolcanoVisage"],"picked":"hexamod:SearingWound","floor":16},{"not_picked":["hexamod:HauntingEcho","hexamod:EmpoweredFlame"],"picked":"hexamod:Hexaguard+1","floor":19},{"not_picked":["hexamod:ShieldOfDarkness","hexamod:SkipABeat"],"picked":"hexamod:Rewind+1","floor":20},{"not_picked":["hexamod:HauntingEcho","hexamod:NightmareStrike"],"picked":"hexamod:GhostOfSpirePast+1","floor":22},{"not_picked":["hexamod:Haunt","hexamod:SpectralAdrenaline"],"picked":"hexamod:BurningTouch","floor":23},{"not_picked":["hexamod:HauntingEcho","hexamod:SpectersWail+1"],"picked":"hexamod:ThermalTransfer+1","floor":25},{"not_picked":["hexamod:GhostLash","hexamod:StepThrough"],"picked":"hexamod:ThermalTransfer","floor":28},{"not_picked":["hexamod:SpectralAdrenaline","hexamod:BurningTouch"],"picked":"hexamod:PhantomCloak","floor":29},{"not_picked":["hexamod:NightmareGuise","hexamod:SkipABeat+1"],"picked":"hexamod:ShieldOfDarkness+1","floor":30},{"not_picked":["hexamod:CrushingStance","hexamod:HauntingEcho"],"picked":"hexamod:BacktrackSmack","floor":32}],"player_experience":138963,"relics_obtained":[{"floor":7,"key":"Art of War"},{"floor":10,"key":"Ornamental Fan"},{"floor":12,"key":"Juzu Bracelet"},{"floor":24,"key":"Lantern"}],"event_choices":[{"damage_healed":0,"gold_gain":0,"player_choice":"Success","damage_taken":12,"relics_obtained":["Strawberry"],"max_hp_gain":0,"max_hp_loss":0,"event_name":"Scrap Ooze","floor":4,"gold_loss":0},{"damage_healed":0,"gold_gain":100,"player_choice":"Gold","damage_taken":0,"max_hp_gain":0,"max_hp_loss":0,"event_name":"Wheel of Change","floor":5,"gold_loss":0},{"damage_healed":25,"gold_gain":0,"player_choice":"Banana","damage_taken":0,"max_hp_gain":0,"max_hp_loss":0,"event_name":"Big Fish","floor":11,"gold_loss":0}],"is_beta":false,"boss_relics":[{"not_picked":["Calling Bell","Runic Dome"],"picked":"Painkiller Herb"}],"items_purged_floors":[31],"is_endless":false,"potions_floor_spawned":[8,12,15,20,22,23,29,32],"killed_by":"downfall:Ironclad","ascension_level":0}}