{"host":"ggy1mjjy92c62u6a","time":1609254735,"event":{"mods":["10 clothes from DAL","BaseMod","LazyManMod","Minty Spire (QoL Compilation)","Quick Restart","Relic Stats","Shop Mod","Spicy Shops","StSLib","【功能Mod】混沌之环修复补丁","【遗物Mod】死灵法师NEW","【遗物卡牌】REMEMod"],"gold_per_floor":[112,112,129,144,156,156,172,172,172,172,201,151,182,182,182,286,286,300,399,324,324,373,385,419,419,419,419,500,500,528,604,604,718,718,774,611,611,611,188,188,204,231,256,289,199,199,232,232,232],"floor_reached":48,"playtime":1753,"items_purged":["Defend_W","Defend_W","Life_Drain+1"],"score":615,"play_id":"585f142f-ae3c-4674-8844-4827a24798e4","local_time":"20201229231215","is_ascension_mode":true,"campfire_choices":[{"data":"OverdoomLine","floor":6.0,"key":"SMITH"},{"data":"Blood_Is_Power","floor":8.0,"key":"SMITH"},{"data":"Blood_for_Blood","floor":10.0,"key":"SMITH"},{"data":"LuckyCard","floor":15.0,"key":"SMITH"},{"floor":25.0,"key":"REST"},{"data":"Bone_Armory","floor":27.0,"key":"SMITH"},{"data":"Life_Tap","floor":29.0,"key":"SMITH"},{"floor":32.0,"key":"REST"},{"data":"Life_Drain","floor":40.0,"key":"SMITH"},{"data":"Enlightenment","floor":46.0,"key":"SMITH"}],"circlet_count":0,"master_deck":["Strike_W","Strike_W","Strike_W+1","Defend_W","Defend_W","Negative_Energy_Arrows","Bone_Wall","LuckyCard+1","Blood_Is_Power+1","Gash","Blood_Curse","Blood_for_Blood+1","OverdoomLine+1","Life_Tap+1","Bone_Armory+1","Vampiric_Strike+1","dwlrmod:Punpa+1","Blood_Magic+1","Enlightenment+1","Life_Drain+1","Summon_Lich+1"],"relics":["Vampire_Amulet","REME_ComplimentaryCards","NeowsBlessing","dwlrmod:ProjectRecorder","Ice Cream","REME_PuzzleBoxRelic","Sundial","SumDragon","Frozen Egg 2","Ancient Tea Set","DALC_THREE","Unceasing Top","SlaversCollar","MerchantsRug","Bird Faced Urn","PreservedInsect","DALC_FOUR","Meat on the Bone"],"acts_visited":["Exordium","TheCity","TheBeyond"],"potions_floor_usage":[47],"damage_taken":[{"damage":0.0,"enemies":"Small Slimes","floor":1.0,"turns":1.0},{"damage":2.0,"enemies":"Cultist","floor":3.0,"turns":1.0},{"damage":0.0,"enemies":"Jaw Worm","floor":4.0,"turns":1.0},{"damage":24.0,"enemies":"Exordium Wildlife","floor":5.0,"turns":5.0},{"damage":28.0,"enemies":"3 Louse","floor":7.0,"turns":5.0},{"damage":28.0,"enemies":"Lagavulin","floor":11.0,"turns":5.0},{"damage":25.0,"enemies":"Gremlin Nob","floor":13.0,"turns":4.0},{"damage":16.0,"enemies":"Hexaghost","floor":16.0,"turns":6.0},{"damage":20.0,"enemies":"3 Byrds","floor":18.0,"turns":4.0},{"damage":18.0,"enemies":"Shell Parasite","floor":23.0,"turns":4.0},{"damage":40.0,"enemies":"Slavers","floor":24.0,"turns":4.0},{"damage":2.0,"enemies":"Cultist and Chosen","floor":28.0,"turns":4.0},{"damage":12.0,"enemies":"Sentry and Sphere","floor":30.0,"turns":3.0},{"damage":39.0,"enemies":"REME_1_Revenger","floor":31.0,"turns":5.0},{"damage":28.0,"enemies":"Collector","floor":33.0,"turns":5.0},{"damage":0.0,"enemies":"Orb Walker","floor":35.0,"turns":5.0},{"damage":14.0,"enemies":"3 Darklings","floor":41.0,"turns":4.0},{"damage":40.0,"enemies":"Reptomancer","floor":42.0,"turns":3.0},{"damage":33.0,"enemies":"Giant Head","floor":44.0,"turns":6.0},{"damage":33,"enemies":"Reptomancer","floor":47,"turns":3},{"damage":49,"enemies":"4 Shapes","floor":48,"turns":1}],"seed_played":"-8348778394172743505","potions_obtained":[{"floor":3.0,"key":"Fire Potion"},{"floor":4.0,"key":"Fruit Juice"},{"floor":11.0,"key":"DistilledChaos"},{"floor":13.0,"key":"Fire Potion"},{"floor":24.0,"key":"EssenceOfSteel"},{"floor":30.0,"key":"REME_GoldPotion"},{"floor":31.0,"key":"Energy Potion"},{"floor":33.0,"key":"Dexterity Potion"},{"floor":35.0,"key":"SkillPotion"},{"floor":42.0,"key":"AttackPotion"}],"is_trial":false,"path_per_floor":["M","?","M","M","M","R","M","R","T","R","E","?","E","T","R","B",null,"M","?","?","?","T","M","E","R","T","R","M","R","M","E","R","B",null,"M","$","?","?","$","R","M","E","T","E","?","R","E","M"],"character_chosen":"NECROMANCER","items_purchased":["MerchantsRug","Enlightenment","Life_Drain"],"campfire_rested":2,"item_purchase_floors":[36,36,39],"current_hp_per_floor":[75,75,73,78,54,54,48,48,48,48,40,40,24,24,24,13,80,60,60,60,60,60,54,17,41,41,41,39,39,27,1,25,21,40,40,40,38,38,38,38,32,19,19,19,19,19,38,0,0],"gold":232,"neow_bonus":"THREE_ENEMY_KILL","is_daily":false,"chose_seed":false,"campfire_upgraded":8,"win_rate":0.0,"timestamp":1609254735,"path_taken":["M","?","M","M","?","R","M","R","T","R","E","?","E","?","R","BOSS","M","?","?","?","?","M","E","R","T","R","?","R","M","E","R","BOSS","M","$","?","?","$","R","M","E","T","E","?","R","E","M"],"items_purchased_type":["Relic","Card","Card"],"build_version":"2020-12-22","purchased_purges":3,"victory":false,"max_hp_per_floor":[75,75,75,80,80,80,80,80,80,80,80,80,80,80,80,80,80,80,80,80,80,80,80,80,80,80,80,80,80,80,80,80,40,40,40,40,38,38,38,38,38,38,38,38,38,38,38,38,38],"relic_stats":{"counters":[21,79],"Sundial":[8],"Bird Faced Urn":[25],"PreservedInsect":185,"obtain_stats":[{"Ice Cream":9,"SumDragon":14,"MerchantsRug":36,"dwlrmod:ProjectRecorder":5,"NeowsBlessing":0,"DALC_THREE":24,"REME_DuelDisc":17,"PreservedInsect":43,"Frozen Egg 2":21,"Ancient Tea Set":22,"SlaversCollar":34,"DALC_FOUR":44,"Sundial":13,"Bird Faced Urn":42,"Vampire_Amulet":0,"REME_ArchaeologicalTools":26,"REME_PuzzleBoxRelic":11,"Unceasing Top":31,"REME_ComplimentaryCards":0,"Meat on the Bone":47},{"Ice Cream":5,"SumDragon":7,"MerchantsRug":16,"dwlrmod:ProjectRecorder":4,"NeowsBlessing":0,"DALC_THREE":11,"REME_DuelDisc":8,"PreservedInsect":18,"Frozen Egg 2":9,"Ancient Tea Set":9,"SlaversCollar":15,"DALC_FOUR":19,"Sundial":7,"Bird Faced Urn":18,"Vampire_Amulet":0,"REME_ArchaeologicalTools":11,"REME_PuzzleBoxRelic":6,"Unceasing Top":14,"REME_ComplimentaryCards":0,"Meat on the Bone":20},{"Ice Cream":13,"SumDragon":22,"MerchantsRug":62,"dwlrmod:ProjectRecorder":8,"NeowsBlessing":0,"DALC_THREE":40,"REME_DuelDisc":28,"PreservedInsect":69,"Frozen Egg 2":32,"Ancient Tea Set":32,"SlaversCollar":57,"DALC_FOUR":75,"Sundial":22,"Bird Faced Urn":69,"Vampire_Amulet":0,"REME_ArchaeologicalTools":40,"REME_PuzzleBoxRelic":18,"Unceasing Top":52,"REME_ComplimentaryCards":0,"Meat on the Bone":78}],"Unceasing Top":[24],"Meat on the Bone":0},"card_choices":[{"not_picked":["Negative_Energy_Javelin","Blood_Whip"],"picked":"PosionWeak","floor":1.0},{"not_picked":["Summon_Lich","Summon_Undead_Army"],"picked":"Blood_Curse","floor":3.0},{"not_picked":["Siphon_Strength","finger_Of_Death"],"picked":"Blood_for_Blood","floor":4.0},{"not_picked":["Negative_Energy_Javelin","Life_Drain"],"picked":"OverdoomLine","floor":5.0},{"not_picked":["Negative_Energy_Bomb","PosionArmor","Strike_from_Beyond"],"picked":"SKIP","floor":7.0},{"not_picked":["Negative_Energy_Bomb","PosionArmor","Strike_from_Beyond"],"picked":"SKIP","floor":7.0},{"not_picked":["Necrotic_Claws","Blood_Whip"],"picked":"Life_Tap","floor":11.0},{"not_picked":["Kotodama","Shade_Step","Slay_Living"],"picked":"SKIP","floor":13.0},{"not_picked":["Acid_Javelin+1","Necrotic_Claws+1"],"picked":"Bone_Armory","floor":18.0},{"not_picked":["Slay_Living","Negative_Energy_Sphere","Bone_Shift"],"picked":"SKIP","floor":23.0},{"not_picked":["OverdoomLine+1","Negative_Energy_Bomb","Bone_Spikes"],"picked":"SKIP","floor":24.0},{"not_picked":["Toxic_Smoke_Screen+1","Corrupt+1","finger_Of_Death"],"picked":"SKIP","floor":28.0},{"not_picked":["Uncharnel","Time_Jump"],"picked":"Life_Drain+1","floor":30.0},{"not_picked":["Epidemic+1","Time_Jump"],"picked":"Vampiric_Strike+1","floor":31.0},{"not_picked":["dwlrmod:GaunterODimm","dwlrmod:HiddenKnife","dwlrmod:BlackCat"],"picked":"dwlrmod:Punpa","floor":33.0},{"not_picked":["Creater_Tree","PosionBreak+1"],"picked":"Blood_Magic+1","floor":33.0},{"not_picked":["Siphon_Strength","Strike_from_Beyond","PosionWeak"],"picked":"SKIP","floor":35.0},{"not_picked":["Strike_from_Beyond+1","Hellfire+1","Life_Drain+1"],"picked":"SKIP","floor":41.0},{"not_picked":["Negative_Energy_Javelin","PosionArmor","Toxic_Smoke_Screen"],"picked":"SKIP","floor":42.0},{"not_picked":["Spectral_Walk","Summon_Undead","Bone_Spikes+1"],"picked":"SKIP","floor":44.0},{"not_picked":["Shackles_Of_Pain","Pandemic"],"picked":"Summon_Lich+1","floor":47}],"player_experience":54146,"relics_obtained":[{"floor":5.0,"key":"dwlrmod:ProjectRecorder"},{"floor":9.0,"key":"Ice Cream"},{"floor":11.0,"key":"REME_PuzzleBoxRelic"},{"floor":13.0,"key":"Sundial"},{"floor":14.0,"key":"SumDragon"},{"floor":22.0,"key":"Ancient Tea Set"},{"floor":24.0,"key":"DALC_THREE"},{"floor":26.0,"key":"REME_ArchaeologicalTools"},{"floor":31.0,"key":"Unceasing Top"},{"floor":42.0,"key":"Bird Faced Urn"},{"floor":43.0,"key":"PreservedInsect"},{"floor":44.0,"key":"DALC_FOUR"},{"floor":47,"key":"Meat on the Bone"}],"event_choices":[{"damage_healed":0.0,"max_hp_gain":0.0,"max_hp_loss":0.0,"gold_gain":0.0,"event_name":"Match and Keep!","player_choice":"2 cards matched","floor":2.0,"gold_loss":0.0,"damage_taken":0.0,"cards_obtained":["Blood_Is_Power","Gash"]},{"cards_removed":["PosionWeak"],"damage_healed":0.0,"max_hp_gain":0.0,"max_hp_loss":0.0,"gold_gain":0.0,"event_name":"The Cleric","player_choice":"Card Removal","floor":12.0,"gold_loss":50.0,"damage_taken":0.0},{"damage_healed":0.0,"max_hp_gain":0.0,"max_hp_loss":0.0,"gold_gain":99.0,"event_name":"Nest","player_choice":"Stole From Cult","floor":19.0,"gold_loss":0.0,"damage_taken":0.0},{"cards_removed":["Strike_W"],"damage_healed":0.0,"max_hp_gain":0.0,"max_hp_loss":0.0,"gold_gain":0.0,"event_name":"Beggar","player_choice":"Gave Gold","floor":20.0,"gold_loss":75.0,"damage_taken":0.0},{"damage_healed":0.0,"max_hp_gain":0.0,"max_hp_loss":0.0,"gold_gain":0.0,"event_name":"The Mausoleum","player_choice":"Opened","floor":21.0,"gold_loss":0.0,"damage_taken":0.0,"relics_obtained":["Frozen Egg 2"],"cards_obtained":["Writhe"]},{"damage_healed":0.0,"max_hp_gain":0.0,"max_hp_loss":2.0,"gold_gain":0.0,"event_name":"Winding Halls","player_choice":"Max HP","floor":37.0,"gold_loss":0.0,"damage_taken":0.0},{"damage_healed":0.0,"max_hp_gain":0.0,"max_hp_loss":0.0,"gold_gain":0.0,"event_name":"Tomb of Lord Red Mask","player_choice":"Ignored","floor":38.0,"gold_loss":0.0,"damage_taken":0.0},{"cards_removed":["Writhe"],"damage_healed":0.0,"max_hp_gain":0.0,"max_hp_loss":0.0,"gold_gain":0.0,"event_name":"Designer","player_choice":"Upgrade and Remove","floor":45.0,"gold_loss":90.0,"damage_taken":0.0,"cards_upgraded":["Strike_W"]}],"is_beta":false,"boss_relics":[{"not_picked":["Runic Dome","Fusion Hammer"],"picked":"REME_DuelDisc"},{"not_picked":["SacredBark","REME_DemonsWealth"],"picked":"SlaversCollar"}],"items_purged_floors":[36,39,39],"is_endless":false,"potions_floor_spawned":[3,4,11,13,24,30,31,33,35,42],"killed_by":"4 Shapes","ascension_level":1}}