{"host":"w8hjdfrntrrvtiu5","time":1609218109,"event":{"mods":["AchievementEnabler","BaseMod","BetterRewards","Conspire","Hubris","Marisa????????","Minty Spire (QoL Compilation)","Shop Mod","StSLib","Td1madao Mod","The Animator","egg","everything is the same but u backflip on backflip"],"gold_per_floor":[114,114,35,46,62,62,96,96,96,110,110,30,30,30,30,104,154,168,168,83,83,0,35,35,35,35,35,35,35],"floor_reached":28,"playtime":631,"items_purged":[],"score":391,"play_id":"84596393-656f-4e25-9f6e-dfa36bbc1399","local_time":"20201229000149","is_ascension_mode":true,"campfire_choices":[{"data":"Zap","floor":6,"key":"SMITH"},{"data":"Rip and Tear","floor":11,"key":"SMITH"},{"data":"White Noise","floor":15,"key":"SMITH"},{"floor":25,"key":"REST"},{"data":"Creative AI","floor":27,"key":"SMITH"}],"circlet_count":0,"master_deck":["AscendersBane","Strike_B","Strike_B","Strike_B","Defend_B","Defend_B+1","Defend_B","Defend_B","Zap+1","Dualcast","Sweeping Beam","Defragment","Genetic Algorithm","Coolheaded","FTL","Core Surge","Rip and Tear+1","White Noise+1","Hyperbeam","Consume","RitualDagger","Melter","Turbo","Creative AI+1","Capacitor"],"relics":["Cracked Core","NeowsBlessing","PreservedInsect","Potion Belt","Tiny House","Oddly Smooth Stone","Art of War","hubris:BallOfYels"],"acts_visited":["Exordium","TheCity"],"potions_floor_usage":[7,16,16,23,23],"damage_taken":[{"damage":0,"enemies":"Small Slimes","floor":1,"turns":1},{"damage":0,"enemies":"Cultist","floor":4,"turns":1},{"damage":0,"enemies":"Jaw Worm","floor":5,"turns":1},{"damage":24,"enemies":"Gremlin Nob","floor":7,"turns":4},{"damage":3,"enemies":"Exordium Thugs","floor":10,"turns":4},{"damage":25,"enemies":"Hexaghost","floor":16,"turns":13},{"damage":16,"enemies":"Spheric Guardian","floor":18,"turns":4},{"damage":17,"enemies":"Book of Stabbing","floor":23,"turns":4},{"damage":31,"enemies":"conspire:Head Lice","floor":28,"turns":5}],"seed_played":"-7033009584434952595","potions_obtained":[{"floor":2,"key":"ColorlessPotion"},{"floor":2,"key":"SpeedPotion"},{"floor":7,"key":"Weak Potion"},{"floor":17,"key":"FocusPotion"},{"floor":18,"key":"SkillPotion"}],"is_trial":false,"path_per_floor":["M","?","$","M","M","R","E","?","T","M","R","$","$","?","R","B",null,"M","?","?","?","$","E","?","R","T","R","E"],"character_chosen":"DEFECT","items_purchased":["Defragment","White Noise","Melter","Turbo"],"campfire_rested":1,"item_purchase_floors":[3,12,22,22],"current_hp_per_floor":[64,64,64,64,64,64,40,40,40,37,37,37,37,37,37,12,61,45,31,31,25,25,8,8,32,32,32,1,1],"gold":35,"neow_bonus":"THREE_ENEMY_KILL","is_daily":false,"chose_seed":false,"campfire_upgraded":4,"win_rate":0.0,"timestamp":1609218109,"path_taken":["M","?","$","?","M","R","E","?","T","M","R","?","$","?","R","BOSS","M","?","?","?","$","E","?","R","T","R","E"],"items_purchased_type":["Card","Card","Card","Card"],"build_version":"2020-12-22","purchased_purges":0,"victory":false,"max_hp_per_floor":[71,71,71,71,71,71,71,71,71,71,71,71,71,71,71,71,76,76,81,81,81,81,81,81,81,81,81,81,81],"card_choices":[{"not_picked":["Undo","hubris:Ukulele"],"picked":"Sweeping Beam","floor":1},{"not_picked":["Undo","Chaos"],"picked":"Genetic Algorithm","floor":4},{"not_picked":["Aggregate","Barrage"],"picked":"Coolheaded","floor":5},{"not_picked":["conspire:Rain","Reprogram"],"picked":"FTL","floor":7},{"not_picked":["Turbo","Beam Cell"],"picked":"Rip and Tear","floor":10},{"not_picked":["Core Surge","Meteor Strike"],"picked":"Hyperbeam","floor":16},{"not_picked":["Defragment","Hologram"],"picked":"Consume","floor":17},{"not_picked":["Loop","Compile Driver","Recycle"],"picked":"SKIP","floor":18},{"not_picked":["Double Energy","Go for the Eyes"],"picked":"Creative AI","floor":23}],"player_experience":2386679,"relics_obtained":[{"floor":7,"key":"PreservedInsect"},{"floor":9,"key":"Potion Belt"},{"floor":23,"key":"Art of War"},{"floor":26,"key":"hubris:BallOfYels"}],"event_choices":[{"damage_healed":0,"gold_gain":0,"player_choice":"Got Potions","damage_taken":0,"max_hp_gain":0,"max_hp_loss":0,"event_name":"Lab","floor":2,"gold_loss":0},{"damage_healed":0,"gold_gain":0,"cards_transformed":["Strike_B"],"player_choice":"Transformed","damage_taken":0,"max_hp_gain":0,"max_hp_loss":0,"event_name":"Transmorgrifier","floor":8,"gold_loss":0,"cards_obtained":["Core Surge"]},{"damage_healed":0,"gold_gain":0,"player_choice":"Leave","damage_taken":0,"max_hp_gain":0,"max_hp_loss":0,"event_name":"conspire:Investor","floor":14,"gold_loss":0},{"damage_healed":0,"gold_gain":0,"player_choice":"Shed Blood","damage_taken":19,"max_hp_gain":5,"max_hp_loss":0,"event_name":"Forgotten Altar","floor":19,"gold_loss":0},{"damage_healed":0,"gold_gain":0,"player_choice":"Obtained Relic","damage_taken":0,"relics_obtained":["Oddly Smooth Stone"],"max_hp_gain":0,"max_hp_loss":0,"event_name":"Addict","floor":20,"gold_loss":85},{"damage_healed":0,"gold_gain":0,"player_choice":"Joined the Cult","damage_taken":6,"max_hp_gain":0,"max_hp_loss":0,"event_name":"Nest","floor":21,"gold_loss":0,"cards_obtained":["RitualDagger"]}],"is_beta":false,"boss_relics":[{"not_picked":["hubris:BlackHole","hubris:CrackedHourglass"],"picked":"Tiny House"}],"items_purged_floors":[],"is_endless":false,"potions_floor_spawned":[5,7,18],"killed_by":"conspire:Head Lice","ascension_level":14}}