{"host":"2qv44oxt58ptq59r","time":1609268000,"event":{"mods":["AchievementEnabler","BaseMod","Colored Powertips","Highlight Path","Minty Spire (QoL Compilation)","Permanent Neow","StSLib"],"gold_per_floor":[114,134,149,161,161,191,191,11,311,341,356,356,410,9,9,113,113,123,142,66,66,80,80,5,24,24,24,24,24,35,47,47,47,47],"floor_reached":33,"playtime":10190,"items_purged":[],"score":257,"play_id":"54d755e2-51d5-478f-9cc8-35a21aa40c70","local_time":"20201229185320","is_ascension_mode":false,"campfire_choices":[{"floor":7.0,"key":"REST"},{"floor":12.0,"key":"RECALL"},{"floor":15.0,"key":"REST"},{"data":"Apotheosis","floor":23,"key":"SMITH"},{"floor":32,"key":"REST"}],"circlet_count":0,"master_deck":["Strike_R","Strike_R","Strike_R","Strike_R","Strike_R+1","Defend_R","Defend_R+1","Defend_R","Defend_R","Bash","Heavy Blade","Intimidate","Apotheosis+1","Juggernaut","Clothesline","Trip","Demon Form","Clothesline","Perfected Strike+1","Inflame+1","Fire Breathing","Disarm+1","Perfected Strike"],"relics":["Burning Blood","Strawberry","Bottled Flame","Old Coin","Torii","Nunchaku","HandDrill","Black Star","MutagenicStrength","Bottled Tornado"],"acts_visited":["Exordium","TheCity"],"potions_floor_usage":[18,19,22,22,25],"damage_taken":[{"damage":6.0,"enemies":"Cultist","floor":1.0,"turns":3.0},{"damage":4.0,"enemies":"Small Slimes","floor":2.0,"turns":5.0},{"damage":6.0,"enemies":"Jaw Worm","floor":3.0,"turns":5.0},{"damage":6.0,"enemies":"3 Louse","floor":4.0,"turns":5.0},{"damage":23.0,"enemies":"3 Sentries","floor":6.0,"turns":8.0},{"damage":24.0,"enemies":"Gremlin Nob","floor":10.0,"turns":4.0},{"damage":22.0,"enemies":"Exordium Wildlife","floor":11.0,"turns":6.0},{"damage":51.0,"enemies":"Hexaghost","floor":16.0,"turns":12.0},{"damage":31,"enemies":"Spheric Guardian","floor":18,"turns":7},{"damage":10,"enemies":"Shell Parasite","floor":19,"turns":6},{"damage":16,"enemies":"Snake Plant","floor":22,"turns":4},{"damage":1,"enemies":"Centurion and Healer","floor":25,"turns":6},{"damage":44,"enemies":"3 Cultists","floor":30,"turns":6},{"damage":13,"enemies":"Snake Plant","floor":31,"turns":6},{"damage":82,"enemies":"Automaton","floor":33,"turns":6}],"seed_played":"8804270633580466074","potions_obtained":[{"floor":1.0,"key":"Energy Potion"},{"floor":2.0,"key":"Block Potion"},{"floor":10.0,"key":"FairyPotion"},{"floor":16.0,"key":"GamblersBrew"},{"floor":18,"key":"ColorlessPotion"},{"floor":19,"key":"PowerPotion"}],"is_trial":false,"path_per_floor":["M","M","M","M","?","E","R","$","T","E","M","R","?","$","R","B",null,"M","M","$","?","M","R","$","M","T","?","?","$","M","M","R","B"],"character_chosen":"IRONCLAD","items_purchased":["Apotheosis","Nunchaku","HandDrill","Trip","LiquidBronze","DuplicationPotion"],"campfire_rested":3,"item_purchase_floors":[8,14,14,14,20,24],"current_hp_per_floor":[87,87,87,87,70,53,79,79,79,61,45,45,45,45,71,26,87,62,58,58,58,48,48,48,53,53,53,53,53,15,8,34,0,0],"gold":47,"neow_bonus":"RANDOM_COMMON_RELIC","is_daily":false,"chose_seed":false,"campfire_upgraded":1,"win_rate":0.0,"timestamp":1609268000,"path_taken":["M","M","?","M","?","E","R","$","T","E","M","R","?","$","R","BOSS","M","M","$","?","M","R","$","M","T","?","?","?","M","?","R","BOSS"],"items_purchased_type":["Card","Relic","Relic","Card","Potion","Potion"],"build_version":"2020-12-22","purchased_purges":0,"victory":false,"max_hp_per_floor":[87,87,87,87,87,87,87,87,87,87,87,87,87,87,87,87,87,87,87,87,87,87,87,87,87,87,87,87,87,87,87,87,87,87],"card_choices":[{"not_picked":["Battle Trance","Headbutt","Armaments"],"picked":"SKIP","floor":1.0},{"not_picked":["Armaments","Anger","Headbutt"],"picked":"SKIP","floor":2.0},{"not_picked":["Flex","Dark Embrace"],"picked":"Heavy Blade","floor":3.0},{"not_picked":["Combust","Iron Wave","Sword Boomerang"],"picked":"SKIP","floor":4.0},{"not_picked":["Reckless Charge","Body Slam"],"picked":"Intimidate","floor":6.0},{"not_picked":["Shrug It Off","Seeing Red"],"picked":"Juggernaut","floor":10.0},{"not_picked":["Shrug It Off","Sword Boomerang"],"picked":"Clothesline","floor":11.0},{"not_picked":["Limit Break","Bludgeon"],"picked":"Demon Form","floor":16.0},{"not_picked":["Twin Strike","Havoc","Armaments"],"picked":"SKIP","floor":18},{"not_picked":["Headbutt","Clash+1"],"picked":"Clothesline","floor":19},{"not_picked":["Flame Barrier","Dual Wield"],"picked":"Perfected Strike+1","floor":22},{"not_picked":["Anger","Cleave"],"picked":"Inflame+1","floor":25},{"not_picked":["Second Wind","Warcry"],"picked":"Disarm+1","floor":30},{"not_picked":["Shrug It Off","Armaments"],"picked":"Perfected Strike","floor":31}],"player_experience":5091073,"relics_obtained":[{"floor":6.0,"key":"Bottled Flame"},{"floor":9.0,"key":"Old Coin"},{"floor":10.0,"key":"Torii"},{"floor":26,"key":"Bottled Tornado"}],"event_choices":[{"damage_healed":0.0,"max_hp_gain":0.0,"max_hp_loss":0.0,"gold_gain":0.0,"event_name":"Shining Light","player_choice":"Entered Light","floor":5.0,"gold_loss":0.0,"damage_taken":17.0,"cards_upgraded":["Defend_R","Strike_R"]},{"damage_healed":0.0,"max_hp_gain":0.0,"max_hp_loss":0.0,"gold_gain":54.0,"event_name":"Golden Wing","player_choice":"Gained Gold","floor":13.0,"gold_loss":0.0,"damage_taken":0.0},{"damage_healed":0,"gold_gain":0,"player_choice":"Inject Mutagens","damage_taken":0,"relics_obtained":["MutagenicStrength"],"max_hp_gain":0,"max_hp_loss":0,"event_name":"Drug Dealer","floor":21,"gold_loss":0},{"damage_healed":0,"gold_gain":0,"player_choice":"Ignored","damage_taken":0,"max_hp_gain":0,"max_hp_loss":0,"event_name":"Vampires","floor":27,"gold_loss":0},{"damage_healed":0,"gold_gain":0,"player_choice":"Read","damage_taken":0,"max_hp_gain":0,"max_hp_loss":0,"event_name":"The Library","floor":28,"gold_loss":0,"cards_obtained":["Fire Breathing"]}],"is_beta":false,"boss_relics":[{"not_picked":["Ectoplasm","Sozu"],"picked":"Black Star"}],"items_purged_floors":[],"is_endless":false,"potions_floor_spawned":[1,2,10,16,18,19],"killed_by":"Automaton","ascension_level":0}}