{"host":"3jjxuhjpio8e4zkv","time":1609235108,"event":{"mods":["BaseMod","Colored Map","Highlight Path","Minty Spire (QoL Compilation)","Permanent Neow","Relic Stats","StSLib"],"gold_per_floor":[109,124,124,141,151,151,182,182,182,182,182,201,216,231,231,322,322,345,369,30,63,78,78,118,118,165,290,5,40,40,63,63,156,156,175,175,195,417,417,417,435,451,475,514,535,579,579,2,2,2,2,2],"floor_reached":51,"playtime":2187,"items_purged":["Defend_G","Strike_G"],"score":1569,"play_id":"94b9147a-fa5f-40e3-b9ec-8eaa8ecb3d5a","local_time":"20201229044508","is_ascension_mode":true,"campfire_choices":[{"data":"Blade Dance","floor":6.0,"key":"SMITH"},{"data":"Unload","floor":8.0,"key":"SMITH"},{"data":"Sucker Punch","floor":10.0,"key":"SMITH"},{"data":"Leg Sweep","floor":15.0,"key":"SMITH"},{"data":"Accuracy","floor":23.0,"key":"SMITH"},{"data":"Corpse Explosion","floor":30.0,"key":"SMITH"},{"data":"After Image","floor":32.0,"key":"SMITH"},{"data":"Malaise","floor":40.0,"key":"SMITH"},{"floor":47.0,"key":"REST"},{"floor":49.0,"key":"RECALL"}],"circlet_count":0,"master_deck":["AscendersBane","Strike_G","Strike_G","Defend_G","Defend_G","Defend_G","Survivor","Neutralize","Blade Dance+1","Dagger Spray+1","Sucker Punch+1","Accuracy+1","Unload+1","Blur","Backflip","Leg Sweep+1","After Image+1","Unload+1","Deadly Poison+1","Slice+1","Calculated Gamble","Dagger Throw+1","Blade Dance","Well Laid Plans+1","Noxious Fumes+1","Corpse Explosion+1","Malaise+1","PiercingWail","Finisher+1","Leg Sweep+1","Accuracy+1"],"relics":["Ring of the Snake","Strawberry","The Courier","HornCleat","Golden Idol","Astrolabe","Anchor","Shuriken","Red Mask","Frozen Egg 2","Tingsha","InkBottle","Ornamental Fan","PreservedInsect","Busted Crown","Bottled Tornado","Orichalcum","Bag of Preparation","Bronze Scales","TwistedFunnel","Vajra","Blood Vial"],"acts_visited":["Exordium","TheCity","TheBeyond"],"potions_floor_usage":[51],"damage_taken":[{"damage":1.0,"enemies":"2 Louse","floor":1.0,"turns":3.0},{"damage":0.0,"enemies":"Jaw Worm","floor":2.0,"turns":5.0},{"damage":0.0,"enemies":"Cultist","floor":4.0,"turns":4.0},{"damage":0.0,"enemies":"Looter","floor":5.0,"turns":3.0},{"damage":6.0,"enemies":"Gremlin Nob","floor":7.0,"turns":3.0},{"damage":2.0,"enemies":"Blue Slaver","floor":12.0,"turns":4.0},{"damage":0.0,"enemies":"Exordium Thugs","floor":13.0,"turns":4.0},{"damage":5.0,"enemies":"Gremlin Gang","floor":14.0,"turns":2.0},{"damage":11.0,"enemies":"The Guardian","floor":16.0,"turns":14.0},{"damage":0.0,"enemies":"3 Byrds","floor":18.0,"turns":5.0},{"damage":0.0,"enemies":"2 Thieves","floor":19.0,"turns":4.0},{"damage":0.0,"enemies":"Masked Bandits","floor":21.0,"turns":4.0},{"damage":0.0,"enemies":"Centurion and Healer","floor":22.0,"turns":5.0},{"damage":8.0,"enemies":"Slavers","floor":24.0,"turns":4.0},{"damage":2.0,"enemies":"Colosseum Slavers","floor":27.0,"turns":4.0},{"damage":0.0,"enemies":"Colosseum Nobs","floor":27.0,"turns":5.0},{"damage":0.0,"enemies":"Gremlin Leader","floor":29.0,"turns":5.0},{"damage":0.0,"enemies":"Snecko","floor":31.0,"turns":4.0},{"damage":9.0,"enemies":"Champ","floor":33.0,"turns":8.0},{"damage":0.0,"enemies":"Orb Walker","floor":35.0,"turns":4.0},{"damage":0.0,"enemies":"3 Darklings","floor":37.0,"turns":2.0},{"damage":15.0,"enemies":"Sphere and 2 Shapes","floor":41.0,"turns":4.0},{"damage":0.0,"enemies":"Jaw Worm Horde","floor":42.0,"turns":3.0},{"damage":29.0,"enemies":"Reptomancer","floor":44.0,"turns":7.0},{"damage":14.0,"enemies":"Transient","floor":45.0,"turns":6.0},{"damage":0.0,"enemies":"Giant Head","floor":46.0,"turns":5.0},{"damage":2.0,"enemies":"Donu and Deca","floor":50.0,"turns":5.0},{"damage":33,"enemies":"Awakened One","floor":51,"turns":10}],"seed_played":"-948024016343781886","potions_obtained":[{"floor":2.0,"key":"FearPotion"},{"floor":4.0,"key":"DuplicationPotion"},{"floor":7.0,"key":"SkillPotion"},{"floor":12.0,"key":"LiquidBronze"},{"floor":19.0,"key":"Regen Potion"},{"floor":22.0,"key":"SteroidPotion"},{"floor":24.0,"key":"BlessingOfTheForge"},{"floor":33.0,"key":"Fire Potion"},{"floor":46.0,"key":"SpeedPotion"}],"is_trial":false,"path_per_floor":["M","M","?","M","M","R","E","R","T","R","?","M","M","M","R","B",null,"M","M","$","?","M","R","E","?","T","?","$","E","R","M","R","B",null,"M","?","M","?","T","R","M","M","T","E","M","E","R","$","R","B","B"],"character_chosen":"THE_SILENT","items_purchased":["Anchor","Shuriken","Ornamental Fan","TwistedFunnel","Vajra","Accuracy+1","Blood Vial","SteroidPotion"],"campfire_rested":1,"item_purchase_floors":[20,20,28,48,48,48,48,48],"current_hp_per_floor":[65,65,65,65,65,65,59,59,59,59,34,32,32,27,27,16,59,59,59,59,71,71,71,63,63,63,61,61,61,61,61,61,52,68,68,64,64,64,64,64,49,49,49,20,6,6,27,27,27,27,0,0],"gold":2,"neow_bonus":"RANDOM_COMMON_RELIC","is_daily":false,"chose_seed":false,"campfire_upgraded":8,"win_rate":0.0,"timestamp":1609235108,"path_taken":["M","M","?","M","M","R","E","R","T","R","?","M","M","M","R","BOSS","M","M","$","?","M","R","E","?","T","?","$","E","R","M","R","BOSS","M","?","?","?","?","R","M","?","T","E","M","E","R","$","R","BOSS","BOSS"],"items_purchased_type":["Relic","Relic","Relic","Relic","Relic","Card","Relic","Potion"],"build_version":"2020-12-22","purchased_purges":2,"victory":false,"max_hp_per_floor":[73,73,73,73,73,73,73,73,73,73,73,73,73,73,73,73,73,73,73,73,73,73,73,73,73,73,73,73,73,73,73,73,73,73,73,73,73,73,73,73,73,73,73,73,73,73,73,73,73,73,73,73],"relic_stats":{"counters":[28,136],"Golden Idol":167,"Astrolabe":["Unload","Deadly Poison","Slice"],"Tingsha":[224],"PreservedInsect":191,"Bag of Preparation":[8],"Orichalcum":[6],"Blood Vial":4,"Busted Crown":14,"Shuriken":[66],"Ornamental Fan":[200],"Bronze Scales":[51],"obtain_stats":[{"TwistedFunnel":48,"Golden Idol":11,"Astrolabe":17,"Vajra":48,"Tingsha":27,"The Courier":7,"PreservedInsect":29,"Bag of Preparation":44,"Frozen Egg 2":24,"Bottled Tornado":39,"Orichalcum":43,"Blood Vial":48,"Anchor":20,"HornCleat":9,"Busted Crown":34,"Shuriken":20,"Ornamental Fan":28,"Strawberry":0,"Bronze Scales":46,"Red Mask":21,"InkBottle":27,"Ring of the Snake":0},{"TwistedFunnel":26,"Golden Idol":5,"Astrolabe":9,"Vajra":26,"Tingsha":16,"The Courier":5,"PreservedInsect":17,"Bag of Preparation":24,"Frozen Egg 2":14,"Bottled Tornado":21,"Orichalcum":23,"Blood Vial":26,"Anchor":11,"HornCleat":5,"Busted Crown":19,"Shuriken":11,"Ornamental Fan":16,"Strawberry":0,"Bronze Scales":26,"Red Mask":12,"InkBottle":16,"Ring of the Snake":0},{"TwistedFunnel":121,"Golden Idol":18,"Astrolabe":42,"Vajra":121,"Tingsha":73,"The Courier":18,"PreservedInsect":78,"Bag of Preparation":110,"Frozen Egg 2":64,"Bottled Tornado":96,"Orichalcum":103,"Blood Vial":121,"Anchor":51,"HornCleat":18,"Busted Crown":90,"Shuriken":51,"Ornamental Fan":73,"Strawberry":0,"Bronze Scales":121,"Red Mask":55,"InkBottle":73,"Ring of the Snake":0}],"InkBottle":[33],"Ring of the Snake":[56]},"card_choices":[{"not_picked":["Skewer","Finisher"],"picked":"Blade Dance","floor":1.0},{"not_picked":["Underhanded Strike","Riddle With Holes"],"picked":"Dagger Spray","floor":2.0},{"not_picked":["Bane","Poisoned Stab"],"picked":"Sucker Punch","floor":4.0},{"not_picked":["Bane","Deflect"],"picked":"Accuracy","floor":5.0},{"not_picked":["Deadly Poison","Quick Slash"],"picked":"Unload","floor":7.0},{"not_picked":["Catalyst","Dodge and Roll"],"picked":"Blur","floor":12.0},{"not_picked":["Outmaneuver","Skewer"],"picked":"Backflip","floor":13.0},{"not_picked":["Terror","Poisoned Stab"],"picked":"Leg Sweep","floor":14.0},{"not_picked":["Wraith Form v2","Doppelganger"],"picked":"After Image","floor":16.0},{"not_picked":["Cloak And Dagger","Sucker Punch+1"],"picked":"Calculated Gamble","floor":18.0},{"not_picked":["Dash","Predator"],"picked":"Dagger Throw+1","floor":19.0},{"not_picked":["Slice","Dodge and Roll"],"picked":"Blade Dance","floor":21.0},{"not_picked":["Cloak And Dagger","Poisoned Stab","Flying Knee"],"picked":"SKIP","floor":22.0},{"not_picked":["Bane","Dash"],"picked":"Well Laid Plans+1","floor":24.0},{"not_picked":["Choke","Flying Knee"],"picked":"Noxious Fumes+1","floor":27.0},{"not_picked":["Cloak And Dagger+1","Heel Hook"],"picked":"Corpse Explosion","floor":29.0},{"not_picked":["Cloak And Dagger","Dodge and Roll","Heel Hook"],"picked":"SKIP","floor":31.0},{"not_picked":["Bullet Time","Grand Finale"],"picked":"Malaise","floor":33.0},{"not_picked":["Dodge and Roll"],"picked":"SKIP","floor":35.0},{"not_picked":[],"picked":"PiercingWail","floor":37.0},{"not_picked":["Backstab"],"picked":"SKIP","floor":41.0},{"not_picked":["Reflex"],"picked":"SKIP","floor":42.0},{"not_picked":["Acrobatics"],"picked":"SKIP","floor":44.0},{"not_picked":[],"picked":"Finisher+1","floor":45.0},{"not_picked":[],"picked":"Leg Sweep+1","floor":46.0}],"player_experience":1135219,"relics_obtained":[{"floor":7.0,"key":"The Courier"},{"floor":9.0,"key":"HornCleat"},{"floor":21.0,"key":"Red Mask"},{"floor":24.0,"key":"Frozen Egg 2"},{"floor":27.0,"key":"Tingsha"},{"floor":27.0,"key":"InkBottle"},{"floor":29.0,"key":"PreservedInsect"},{"floor":39.0,"key":"Bottled Tornado"},{"floor":43.0,"key":"Orichalcum"},{"floor":44.0,"key":"Bag of Preparation"},{"floor":46.0,"key":"Bronze Scales"}],"event_choices":[{"damage_healed":0.0,"max_hp_gain":0.0,"max_hp_loss":0.0,"gold_gain":0.0,"event_name":"Living Wall","player_choice":"Grow","floor":3.0,"gold_loss":0.0,"damage_taken":0.0,"cards_upgraded":["Dagger Spray"]},{"damage_healed":0.0,"max_hp_gain":0.0,"max_hp_loss":0.0,"gold_gain":0.0,"event_name":"Golden Idol","player_choice":"Take Damage","floor":11.0,"gold_loss":0.0,"damage_taken":25.0,"relics_obtained":["Golden Idol"]},{"damage_healed":0.0,"max_hp_gain":0.0,"max_hp_loss":0.0,"gold_gain":0.0,"event_name":"Masked Bandits","player_choice":"Fought Bandits","floor":21.0,"gold_loss":0.0,"damage_taken":0.0},{"damage_healed":0.0,"max_hp_gain":0.0,"max_hp_loss":0.0,"gold_gain":0.0,"event_name":"Cursed Tome","player_choice":"Ignored","floor":25.0,"gold_loss":0.0,"damage_taken":0.0},{"damage_healed":0.0,"max_hp_gain":0.0,"max_hp_loss":0.0,"gold_gain":0.0,"event_name":"Colosseum","player_choice":"Fight","floor":27.0,"gold_loss":0.0,"damage_taken":0.0},{"damage_healed":0.0,"max_hp_gain":0.0,"max_hp_loss":0.0,"gold_gain":0.0,"event_name":"Colosseum","player_choice":"Fought Nobs","floor":27.0,"gold_loss":0.0,"damage_taken":0.0},{"damage_healed":0.0,"max_hp_gain":0.0,"max_hp_loss":0.0,"gold_gain":0.0,"event_name":"The Woman in Blue","player_choice":"Bought 0 Potions","floor":36.0,"gold_loss":0.0,"damage_taken":0.0},{"damage_healed":0.0,"max_hp_gain":0.0,"max_hp_loss":0.0,"gold_gain":222.0,"event_name":"Tomb of Lord Red Mask","player_choice":"Wore Mask","floor":38.0,"gold_loss":0.0,"damage_taken":0.0}],"is_beta":false,"boss_relics":[{"not_picked":["SacredBark","Fusion Hammer"],"picked":"Astrolabe"},{"not_picked":["Tiny House","Cursed Key"],"picked":"Busted Crown"}],"items_purged_floors":[28,48],"is_endless":false,"potions_floor_spawned":[2,4,7,12,19,22,24,27,33,35,37,46],"killed_by":"Awakened One","ascension_level":20}}