{"host":"x039aayur7qovk2d","time":1609235351,"event":{"mods":["AchievementEnabler","BaseMod","Block Reminder","Colored Map","Colored Powertips","DeckTracker","Highlight Path","Minty Spire (QoL Compilation)","Permanent Neow","Quick Restart","Rare Cards Sparkle","Relic Sorter","Relic Stats"],"gold_per_floor":[10,24,35,49,62,97,110,60,60,70,70,88,121,140,140,244,244,257,257,257,33,308,322,322,78,105,105,105,119,153,169,169,265,265,281,281,295,312,329,355,355,385,412,425,442,23,35,53,53,53,53],"floor_reached":50,"playtime":4789,"items_purged":["Strike_G","Regret","Pain"],"score":667,"play_id":"84bc38fc-c449-4f3e-9d9e-77b713804893","local_time":"20201229014911","is_ascension_mode":false,"campfire_choices":[{"floor":11.0,"key":"REST"},{"floor":15,"key":"REST"},{"data":"After Image","floor":24,"key":"SMITH"},{"data":"Noxious Fumes","floor":32,"key":"SMITH"},{"data":"Blade Dance","floor":41,"key":"SMITH"},{"floor":49,"key":"REST"}],"circlet_count":0,"master_deck":["Defend_G","Defend_G","Defend_G","Survivor","Neutralize","After Image+1","Poisoned Stab","Blade Dance","Noxious Fumes+1","Backflip","Deadly Poison","Outmaneuver","Quick Slash","Dagger Throw","Endless Agony","Noxious Fumes","Acrobatics","Corpse Explosion","Dagger Throw","Blade Dance+1","Bite","Bite","Bite","Bite","Bite","Cloak And Dagger","Dagger Spray+1","Die Die Die","After Image+1","Dagger Spray+1","Backflip+1","Deadly Poison+1","Noxious Fumes+1","Slice+1","Infinite Blades+1"],"relics":["Ring of the Snake","Darkstone Periapt","Pantograph","Mummified Hand","Empty Cage","Enchiridion","Bag of Preparation","Sling","Pen Nib","Gremlin Horn","Cursed Key","Anchor","Molten Egg 2","Omamori","Happy Flower","DollysMirror"],"acts_visited":["Exordium","TheCity","TheBeyond"],"potions_floor_usage":[13,13,16,29,30,33,33,35,40,42,44,50],"damage_taken":[{"damage":0.0,"enemies":"2 Louse","floor":1.0,"turns":4.0},{"damage":0.0,"enemies":"Jaw Worm","floor":2.0,"turns":5.0},{"damage":1.0,"enemies":"Cultist","floor":3.0,"turns":4.0},{"damage":0.0,"enemies":"2 Fungi Beasts","floor":4.0,"turns":4.0},{"damage":8.0,"enemies":"Exordium Thugs","floor":5.0,"turns":6.0},{"damage":2.0,"enemies":"Lagavulin","floor":6.0,"turns":6.0},{"damage":4.0,"enemies":"Blue Slaver","floor":7.0,"turns":4.0},{"damage":24.0,"enemies":"Gremlin Gang","floor":10.0,"turns":3.0},{"damage":11.0,"enemies":"3 Louse","floor":12.0,"turns":3.0},{"damage":0,"enemies":"3 Sentries","floor":13,"turns":7},{"damage":8,"enemies":"Exordium Thugs","floor":14,"turns":5},{"damage":43,"enemies":"Slime Boss","floor":16,"turns":10},{"damage":0,"enemies":"Chosen","floor":18,"turns":4},{"damage":9,"enemies":"Shell Parasite","floor":23,"turns":5},{"damage":18,"enemies":"3 Cultists","floor":29,"turns":6},{"damage":0,"enemies":"Slavers","floor":30,"turns":4},{"damage":3,"enemies":"Centurion and Healer","floor":31,"turns":2},{"damage":47,"enemies":"Champ","floor":33,"turns":10},{"damage":0,"enemies":"Orb Walker","floor":35,"turns":1},{"damage":0,"enemies":"3 Shapes","floor":37,"turns":2},{"damage":6,"enemies":"Sphere and 2 Shapes","floor":38,"turns":4},{"damage":0,"enemies":"4 Shapes","floor":39,"turns":1},{"damage":3,"enemies":"Giant Head","floor":40,"turns":7},{"damage":0,"enemies":"Reptomancer","floor":42,"turns":4},{"damage":20,"enemies":"Maw","floor":44,"turns":6},{"damage":42,"enemies":"Transient","floor":45,"turns":5},{"damage":8,"enemies":"3 Darklings","floor":47,"turns":3},{"damage":9,"enemies":"Sphere and 2 Shapes","floor":48,"turns":3},{"damage":70,"enemies":"Time Eater","floor":50,"turns":5}],"seed_played":"-5833184659322854922","potions_obtained":[{"floor":3.0,"key":"PowerPotion"},{"floor":6.0,"key":"Poison Potion"},{"floor":7.0,"key":"SpeedPotion"},{"floor":10.0,"key":"LiquidMemories"},{"floor":12,"key":"EssenceOfSteel"},{"floor":14,"key":"BlessingOfTheForge"},{"floor":29,"key":"Energy Potion"},{"floor":30,"key":"Strength Potion"},{"floor":31,"key":"Fire Potion"},{"floor":33,"key":"SteroidPotion"},{"floor":39,"key":"PowerPotion"},{"floor":40,"key":"SpeedPotion"},{"floor":42,"key":"DistilledChaos"},{"floor":48,"key":"DuplicationPotion"}],"is_trial":false,"path_per_floor":["M","M","M","M","M","E","M","?","T","M","R","M","E","M","R","B",null,"M","?","?","$","?","M","R","$","T","?","$","M","E","M","R","B",null,"M","?","M","M","M","E","R","E","T","M","M","$","M","M","R","B"],"character_chosen":"THE_SILENT","items_purchased":["Bag of Preparation","Sling","Happy Flower","DollysMirror"],"campfire_rested":3,"item_purchase_floors":[21,25,46,46],"current_hp_per_floor":[70,70,69,69,61,59,55,55,55,31,52,41,41,33,54,27,70,70,70,54,54,60,51,51,51,51,51,51,41,45,46,46,12,53,53,53,53,51,53,53,53,53,59,53,19,19,13,10,27,0,0],"gold":53,"neow_bonus":"THREE_RARE_CARDS","is_daily":false,"chose_seed":false,"campfire_upgraded":3,"win_rate":0.0,"timestamp":1609235351,"path_taken":["M","M","M","M","M","E","M","?","T","M","R","M","E","M","R","BOSS","M","?","?","$","?","?","R","$","T","?","?","M","E","M","R","BOSS","M","?","M","M","M","E","R","E","T","M","M","$","M","?","R","BOSS"],"items_purchased_type":["Relic","Relic","Relic","Relic"],"build_version":"2020-12-22","purchased_purges":3,"victory":false,"max_hp_per_floor":[70,70,70,70,70,70,70,70,70,70,70,70,70,70,70,70,70,70,70,70,70,76,76,76,76,76,53,53,53,53,53,53,53,53,53,53,53,53,53,53,53,53,59,59,59,59,59,59,59,59,59],"relic_stats":{"Darkstone Periapt":12,"Gremlin Horn":[13,12],"Happy Flower":[3],"counters":[29,133],"Mummified Hand":[83],"Pantograph":48,"Pen Nib":[26],"Bag of Preparation":[28],"Cursed Key":1,"obtain_stats":[{"Darkstone Periapt":6,"Gremlin Horn":30,"Happy Flower":46,"Enchiridion":20,"Pen Nib":26,"Bag of Preparation":21,"Omamori":43,"Empty Cage":17,"Sling":25,"Cursed Key":34,"Anchor":40,"Mummified Hand":13,"DollysMirror":46,"Pantograph":9,"Molten Egg 2":42,"Ring of the Snake":0},{"Darkstone Periapt":6,"Gremlin Horn":16,"Happy Flower":26,"Enchiridion":13,"Pen Nib":14,"Bag of Preparation":13,"Omamori":24,"Empty Cage":12,"Sling":14,"Cursed Key":18,"Anchor":23,"Mummified Hand":10,"DollysMirror":26,"Pantograph":7,"Molten Egg 2":24,"Ring of the Snake":0},{"Darkstone Periapt":29,"Gremlin Horn":80,"Happy Flower":122,"Enchiridion":65,"Pen Nib":70,"Bag of Preparation":65,"Omamori":111,"Empty Cage":61,"Sling":70,"Cursed Key":92,"Anchor":107,"Mummified Hand":46,"DollysMirror":122,"Pantograph":33,"Molten Egg 2":111,"Ring of the Snake":0}],"Ring of the Snake":[63]},"card_choices":[{"not_picked":["Venomology","Corpse Explosion"],"picked":"After Image","floor":0.0},{"not_picked":["Slice","Well Laid Plans"],"picked":"Poisoned Stab","floor":1.0},{"not_picked":["All Out Attack","Flechettes"],"picked":"Blade Dance","floor":2.0},{"not_picked":["Poisoned Stab","Quick Slash"],"picked":"Noxious Fumes","floor":3.0},{"not_picked":["Concentrate","Noxious Fumes"],"picked":"Backflip","floor":4.0},{"not_picked":["Riddle With Holes","Expertise"],"picked":"Deadly Poison","floor":5.0},{"not_picked":["PiercingWail","Eviscerate"],"picked":"Outmaneuver","floor":6.0},{"not_picked":["Outmaneuver","Wraith Form v2"],"picked":"Quick Slash","floor":7.0},{"not_picked":["All Out Attack","Eviscerate"],"picked":"Dagger Throw","floor":10.0},{"not_picked":["Blur","Setup"],"picked":"Endless Agony","floor":12},{"not_picked":["Finisher","Expertise"],"picked":"Noxious Fumes","floor":13},{"not_picked":["Dagger Throw","Sucker Punch"],"picked":"Acrobatics","floor":14},{"not_picked":["Venomology","Phantasmal Killer"],"picked":"Corpse Explosion","floor":16},{"not_picked":["Deflect","Slice"],"picked":"Dagger Throw","floor":18},{"not_picked":["Deflect","Dagger Spray","Reflex"],"picked":"SKIP","floor":23},{"not_picked":["Slice+1","Setup"],"picked":"Cloak And Dagger","floor":29},{"not_picked":["Slice+1","Flying Knee"],"picked":"Dagger Spray+1","floor":30},{"not_picked":["Catalyst","Cloak And Dagger","After Image"],"picked":"SKIP","floor":31},{"not_picked":["Venomology","Adrenaline"],"picked":"Die Die Die","floor":33},{"not_picked":["Dodge and Roll","Outmaneuver","Caltrops"],"picked":"SKIP","floor":35},{"not_picked":["Acrobatics","Dodge and Roll","Heel Hook"],"picked":"SKIP","floor":37},{"not_picked":["Burst","Deadly Poison+1"],"picked":"Dagger Spray+1","floor":38},{"not_picked":["Deflect+1","Dagger Throw+1"],"picked":"Backflip+1","floor":39},{"not_picked":["Underhanded Strike","Dodge and Roll"],"picked":"Deadly Poison+1","floor":40},{"not_picked":["Dagger Spray+1","Heel Hook+1","Prepared"],"picked":"SKIP","floor":42},{"not_picked":["Deadly Poison","Backflip+1","Dagger Spray+1"],"picked":"SKIP","floor":44},{"not_picked":["Eviscerate+1","Dodge and Roll","Cloak And Dagger+1"],"picked":"SKIP","floor":45},{"not_picked":["Tactician","Setup"],"picked":"Slice+1","floor":47},{"not_picked":["Caltrops+1","Dagger Throw+1"],"picked":"Infinite Blades+1","floor":48}],"player_experience":93343,"relics_obtained":[{"floor":6.0,"key":"Darkstone Periapt"},{"floor":9.0,"key":"Pantograph"},{"floor":13,"key":"Mummified Hand"},{"floor":20,"key":"Enchiridion"},{"floor":26,"key":"Pen Nib"},{"floor":30,"key":"Gremlin Horn"},{"floor":40,"key":"Anchor"},{"floor":42,"key":"Molten Egg 2"},{"floor":43,"key":"Omamori"}],"event_choices":[{"cards_removed":["Defend_G"],"damage_healed":0.0,"max_hp_gain":0.0,"max_hp_loss":0.0,"gold_gain":0.0,"event_name":"The Cleric","player_choice":"Card Removal","floor":8.0,"gold_loss":50.0,"damage_taken":0.0},{"damage_healed":0,"gold_gain":0,"player_choice":"Read","damage_taken":0,"max_hp_gain":0,"max_hp_loss":0,"event_name":"The Library","floor":19,"gold_loss":0,"cards_obtained":["Blade Dance"]},{"damage_healed":0,"gold_gain":0,"player_choice":"Obtained Book","damage_taken":16,"max_hp_gain":0,"max_hp_loss":0,"event_name":"Cursed Tome","floor":20,"gold_loss":0},{"damage_healed":0,"gold_gain":275,"player_choice":"Desecrate","damage_taken":0,"max_hp_gain":0,"max_hp_loss":0,"event_name":"Golden Shrine","floor":22,"gold_loss":0,"cards_obtained":["Regret"]},{"damage_healed":0,"gold_gain":0,"player_choice":"Became a vampire","damage_taken":0,"max_hp_gain":0,"max_hp_loss":23,"event_name":"Vampires","floor":27,"gold_loss":0,"cards_obtained":["Bite","Bite","Bite","Bite","Bite"]},{"damage_healed":0,"gold_gain":0,"player_choice":"Copied","damage_taken":0,"max_hp_gain":0,"max_hp_loss":0,"event_name":"Duplicator","floor":36,"gold_loss":0,"cards_obtained":["After Image"]}],"is_beta":false,"boss_relics":[{"not_picked":["Pandora\u0027s Box","SacredBark"],"picked":"Empty Cage"},{"not_picked":["Runic Dome","Black Star"],"picked":"Cursed Key"}],"items_purged_floors":[21,25,46],"is_endless":false,"potions_floor_spawned":[3,6,7,10,12,14,29,30,31,33,39,40,42,48],"killed_by":"Time Eater","ascension_level":0}}