{"host":"b0hh64pqctf46s8m","time":1609277093,"event":{"mods":["Act Like it!","BaseMod","Bestiary","CCEM","CapriCore","ChefMod","Conspire","Curses Come First","Displayed Cursed Tome","Dota2Spire","Downfall","Ekko","Elementarium","Fireblade Mod","Hallownest","Hermit","Hubris","Infinite Spire","Jess\u0027s Bottle","JesterMod","Jorbs\u0027s Wanderer Trilogy","Lobotomy","Luminous","Menagerie","Minty Spire (QoL Compilation)","Pale of the Ancients","Permanent Neow","Relic Stats","Replay The Spire","Robot Space Explorer","Shade Mod","StSLib","The Blue Laboratory","The Dragon Tamer","The Immortal","The Marked","TheLocksmith","TheSwordswoman","TheVacant","TheWitcher","UnlockEverythingMod","Wandering Minibosses","??????REMEMod","????"],"gold_per_floor":[112,60,60,78,91,126,144,144,144,165,188,188,222,222,222,222,222],"floor_reached":16,"playtime":835,"items_purged":[],"score":102,"play_id":"1e63dd96-30dc-40ae-9741-dab57bc9ed67","local_time":"20201229132453","is_ascension_mode":false,"campfire_choices":[{"data":"chefmod:FullBurn","floor":8,"key":"SMITH"},{"floor":12,"key":"REST"},{"floor":15,"key":"REST"}],"circlet_count":0,"master_deck":["chefmod:Strike","chefmod:Strike","chefmod:Strike","chefmod:Strike","chefmod:Strike","chefmod:Defend","chefmod:Defend","chefmod:Defend","chefmod:QuickThaw","chefmod:TodaysSpecial","champ:Devastate","Alriune","chefmod:IcePick","chefmod:FireUp","chefmod:FullBurn+1","chefmod:SliceAndDice","chefmod:DinoKale","chefmod:FiveAlarmChili","chefmod:Gelato"],"relics":["chefmod:TrustyPot","REME_ComplimentaryCards","CogitoBucket","Golden Idol","CCEMRelics:PorcelainBowl","Du-Vu Doll","TreeSap","Dead Branch","Replay:Bottled Flurry"],"acts_visited":["Menagerie:Menagerie"],"potions_floor_usage":[13],"damage_taken":[{"damage":5,"enemies":"Menagerie:2_RABBITS","floor":1,"turns":5},{"damage":3,"enemies":"Menagerie:MonstrousExperiment","floor":4,"turns":4},{"damage":1,"enemies":"Menagerie:StygianBoar","floor":5,"turns":3},{"damage":11,"enemies":"Menagerie:Hydra","floor":6,"turns":6},{"damage":5,"enemies":"Menagerie:EntropyWarlock","floor":7,"turns":3},{"damage":32,"enemies":"Menagerie:MENAGERIE_WILDLIFE","floor":10,"turns":5},{"damage":17,"enemies":"Menagerie:RedMage","floor":11,"turns":5},{"damage":19,"enemies":"Hallownest:eliteCrystalGuardian","floor":13,"turns":7},{"damage":26,"enemies":"Menagerie:Suneater","floor":16,"turns":10}],"seed_played":"-794068561194492529","potions_obtained":[{"floor":1,"key":"blueLaboratory:BubblePotion"},{"floor":11,"key":"blueLaboratory:BottleOfVodka"}],"is_trial":false,"path_per_floor":["M","$","?","M","M","E","M","R","T","M","M","R","?","T","R","B"],"character_chosen":"THE_CHEF","items_purchased":["chefmod:FireUp"],"campfire_rested":2,"item_purchase_floors":[2],"current_hp_per_floor":[71,71,70,67,66,55,50,50,50,18,1,22,3,3,24,0,0],"gold":222,"neow_bonus":"","is_daily":false,"chose_seed":false,"campfire_upgraded":1,"win_rate":0.0,"timestamp":1609277093,"path_taken":["M","$","?","M","M","E","M","R","T","M","?","R","?","?","R","BOSS"],"items_purchased_type":["Card"],"build_version":"2020-12-22","purchased_purges":0,"victory":false,"max_hp_per_floor":[76,76,70,70,70,70,70,70,70,70,70,70,70,70,70,70,70],"relic_stats":{"counters":[10,49],"Golden Idol":34,"Dead Branch":[13],"obtain_stats":[{"Du-Vu Doll":9,"chefmod:TrustyPot":0,"CogitoBucket":0,"CCEMRelics:PorcelainBowl":6,"Golden Idol":3,"TreeSap":10,"Dead Branch":13,"Replay:Bottled Flurry":14,"REME_ComplimentaryCards":0},{"Du-Vu Doll":5,"chefmod:TrustyPot":0,"CogitoBucket":0,"CCEMRelics:PorcelainBowl":4,"Golden Idol":1,"TreeSap":7,"Dead Branch":9,"Replay:Bottled Flurry":9,"REME_ComplimentaryCards":0},{"Du-Vu Doll":21,"chefmod:TrustyPot":0,"CogitoBucket":0,"CCEMRelics:PorcelainBowl":18,"Golden Idol":5,"TreeSap":27,"Dead Branch":39,"Replay:Bottled Flurry":39,"REME_ComplimentaryCards":0}]},"card_choices":[{"not_picked":["BigBadWolf","FairyFestival"],"picked":"Alriune","floor":1},{"not_picked":["chefmod:LocoMoco","chefmod:ZaruSoba"],"picked":"chefmod:IcePick","floor":1},{"not_picked":["chefmod:BaoBuns","chefmod:ZaruSoba"],"picked":"chefmod:FullBurn","floor":4},{"not_picked":["chefmod:SushiPlatter","chefmod:DoubleChop"],"picked":"chefmod:SliceAndDice","floor":5},{"not_picked":["chefmod:Defrost","chefmod:Chop"],"picked":"chefmod:DinoKale","floor":6},{"not_picked":["chefmod:BaoBuns","chefmod:FreshProduce","chefmod:SearedScallops"],"picked":"SKIP","floor":7},{"not_picked":["chefmod:HotSoup","chefmod:DeepFreeze"],"picked":"chefmod:FiveAlarmChili","floor":10},{"not_picked":["chefmod:Chop","chefmod:HotSoup"],"picked":"chefmod:Gelato","floor":11}],"player_experience":1411369,"relics_obtained":[{"floor":6,"key":"CCEMRelics:PorcelainBowl"},{"floor":9,"key":"Du-Vu Doll"},{"floor":13,"key":"Dead Branch"},{"floor":14,"key":"Replay:Bottled Flurry"}],"event_choices":[{"damage_healed":0,"gold_gain":0,"player_choice":"Lose Max HP","damage_taken":0,"relics_obtained":["Golden Idol"],"max_hp_gain":0,"max_hp_loss":6,"event_name":"Golden Idol","floor":3,"gold_loss":0},{"damage_healed":0,"gold_gain":0,"player_choice":"Release","damage_taken":0,"max_hp_gain":0,"max_hp_loss":0,"event_name":"Menagerie:StasisChamber","floor":13,"gold_loss":0}],"is_beta":false,"boss_relics":[],"items_purged_floors":[],"is_endless":false,"potions_floor_spawned":[1,11],"killed_by":"Menagerie:Suneater","ascension_level":0}}