{"host":"lvhfn8l5bvc4nolx","time":1609246360,"event":{"mods":["AchievementEnabler","BaseMod","Colored Map","Keyboard Shortcuts","Minty Spire (QoL Compilation)","Permanent Neow","Quick Restart","SuperFastMode"],"gold_per_floor":[111,41,41,57,68,99,99,111,134,210,285,319,334,346,346,425,425,440,440,214,226,240,272,285,300,300,312,312,42,72,87,87,161,161,177,177,197,211,222,251,57,91,103,156,13,113,122,136,136,136],"floor_reached":51,"playtime":1674,"items_purged":["Writhe","Strike_R","Strike_R","Defend_R"],"score":1484,"play_id":"d670d8f1-86b5-415f-a149-e5578265d8af","local_time":"20201229215240","is_ascension_mode":true,"campfire_choices":[{"data":"Apotheosis","floor":7.0,"key":"SMITH"},{"data":"Evolve","floor":15,"key":"SMITH"},{"floor":28,"key":"REST"},{"floor":32,"key":"REST"},{"floor":47,"key":"REST"},{"floor":49,"key":"REST"}],"circlet_count":0,"master_deck":["AscendersBane","Strike_R","Defend_R","Body Slam","Warcry","Power Through","Feed","Apotheosis+1","Power Through","Headbutt","Evolve+1","Body Slam","Dark Embrace","Shrug It Off","Dark Shackles","Dual Wield","Second Wind","Brutality","Seeing Red","PanicButton","Battle Trance+1","Entrench","Shrug It Off","Madness","Dark Embrace","Shrug It Off","Evolve"],"relics":["Burning Blood","Membership Card","Oddly Smooth Stone","Bottled Lightning","Ancient Tea Set","Omamori","Nunchaku","Fusion Hammer","Pantograph","Orichalcum","Kunai","Ice Cream","Art of War","Empty Cage","Ornamental Fan","Vajra","MawBank","Dream Catcher","CeramicFish","Calipers"],"acts_visited":["Exordium","TheCity","TheBeyond"],"potions_floor_usage":[],"damage_taken":[{"damage":11.0,"enemies":"Cultist","floor":1.0,"turns":4.0},{"damage":10.0,"enemies":"2 Louse","floor":5.0,"turns":3.0},{"damage":31.0,"enemies":"Lagavulin","floor":6.0,"turns":7.0},{"damage":10.0,"enemies":"Small Slimes","floor":8.0,"turns":2.0},{"damage":21.0,"enemies":"3 Sentries","floor":12.0,"turns":5.0},{"damage":14.0,"enemies":"3 Louse","floor":13.0,"turns":5.0},{"damage":0.0,"enemies":"Exordium Thugs","floor":14.0,"turns":4.0},{"damage":4,"enemies":"Hexaghost","floor":16,"turns":7},{"damage":17,"enemies":"3 Byrds","floor":18,"turns":5},{"damage":5,"enemies":"Shell Parasite","floor":21,"turns":3},{"damage":0,"enemies":"Centurion and Healer","floor":22,"turns":4},{"damage":33,"enemies":"Slavers","floor":23,"turns":5},{"damage":3,"enemies":"Cultist and Chosen","floor":24,"turns":5},{"damage":13,"enemies":"Snecko","floor":25,"turns":6},{"damage":9,"enemies":"Snake Plant","floor":27,"turns":4},{"damage":60,"enemies":"Gremlin Leader","floor":30,"turns":5},{"damage":8,"enemies":"Chosen and Byrds","floor":31,"turns":4},{"damage":4,"enemies":"Collector","floor":33,"turns":6},{"damage":10,"enemies":"Orb Walker","floor":35,"turns":4},{"damage":0,"enemies":"3 Shapes","floor":37,"turns":2},{"damage":23,"enemies":"Spire Growth","floor":38,"turns":4},{"damage":1,"enemies":"Sphere and 2 Shapes","floor":39,"turns":3},{"damage":12,"enemies":"Reptomancer","floor":40,"turns":4},{"damage":2,"enemies":"Nemesis","floor":42,"turns":3},{"damage":40,"enemies":"Reptomancer","floor":44,"turns":4},{"damage":0,"enemies":"Maw","floor":48,"turns":3},{"damage":12,"enemies":"Awakened One","floor":50,"turns":5}],"seed_played":"3452165912882012398","potions_obtained":[{"floor":3.0,"key":"Energy Potion"},{"floor":3.0,"key":"Fire Potion"},{"floor":8.0,"key":"SkillPotion"},{"floor":12.0,"key":"EssenceOfSteel"},{"floor":16,"key":"EssenceOfSteel"}],"is_trial":false,"path_per_floor":["M","$","?","$","M","E","R","M","T","?","?","E","M","M","R","B",null,"M","?","$","M","M","E","M","M","T","M","R","$","E","M","R","B",null,"M","?","M","M","M","E","$","E","T","E","$","?","R","M","R","B",null],"character_chosen":"IRONCLAD","items_purchased":["Feed","Membership Card","Oddly Smooth Stone","Bottled Lightning","Pantograph","Dark Shackles","Ice Cream","PanicButton","Vajra","Madness","Calipers","Shrug It Off"],"campfire_rested":4,"item_purchase_floors":[2,4,4,4,20,20,29,29,41,41,45,45],"current_hp_per_floor":[67,67,67,67,67,42,42,38,38,38,27,12,8,14,14,16,70,59,59,59,60,66,43,46,39,39,36,63,63,9,11,39,66,89,85,85,91,74,79,73,73,77,77,43,43,43,71,77,96,90],"gold":136,"neow_bonus":"TRANSFORM_TWO_CARDS","is_daily":false,"chose_seed":false,"campfire_upgraded":2,"win_rate":0.0,"timestamp":1609246360,"path_taken":["M","$","?","?","?","E","R","M","T","?","?","E","M","M","R","BOSS","M","?","$","M","M","E","M","M","T","M","R","$","E","M","R","BOSS","M","?","M","M","M","E","$","E","T","E","$","?","R","?","R","BOSS"],"items_purchased_type":["Card","Relic","Relic","Relic","Relic","Card","Relic","Card","Relic","Card","Relic","Card"],"build_version":"2020-12-22","purchased_purges":4,"victory":true,"max_hp_per_floor":[80,80,80,80,84,84,84,84,84,84,84,84,88,88,88,88,88,88,88,88,88,88,92,92,92,92,92,92,92,92,96,96,96,96,96,96,96,96,96,96,96,96,96,96,96,96,96,96,96,96],"card_choices":[{"not_picked":["Pummel","Warcry"],"picked":"Power Through","floor":1.0},{"not_picked":["Metallicize","Heavy Blade"],"picked":"Power Through","floor":5.0},{"not_picked":["Sword Boomerang","Immolate"],"picked":"Headbutt","floor":6.0},{"not_picked":["Metallicize","True Grit"],"picked":"Evolve","floor":8.0},{"not_picked":["True Grit","Clash"],"picked":"Body Slam","floor":12.0},{"not_picked":["Body Slam","Twin Strike"],"picked":"Dark Embrace","floor":13.0},{"not_picked":["Havoc","Perfected Strike"],"picked":"Shrug It Off","floor":14.0},{"not_picked":["Limit Break","Corruption"],"picked":"Barricade","floor":16},{"not_picked":["Perfected Strike","Armaments","True Grit"],"picked":"SKIP","floor":18},{"not_picked":["Flex","Armaments"],"picked":"Dual Wield","floor":21},{"not_picked":["Cleave","Clash","Sword Boomerang"],"picked":"SKIP","floor":22},{"not_picked":["Havoc","Heavy Blade"],"picked":"Second Wind","floor":23},{"not_picked":["Rupture+1","Rage","Headbutt+1"],"picked":"SKIP","floor":24},{"not_picked":["Armaments","Searing Blow+1"],"picked":"Brutality","floor":25},{"not_picked":["Iron Wave","Clothesline"],"picked":"Seeing Red","floor":27},{"not_picked":["Rampage","Limit Break","Perfected Strike"],"picked":"SKIP","floor":30},{"not_picked":["Headbutt","Clothesline+1"],"picked":"Battle Trance+1","floor":31},{"not_picked":["Warcry","Flex","Heavy Blade"],"picked":"SKIP","floor":35},{"not_picked":["Blood for Blood+1","Warcry","Perfected Strike"],"picked":"SKIP","floor":37},{"not_picked":["Pommel Strike","Thunderclap+1"],"picked":"Entrench","floor":38},{"not_picked":["Flex","Feed","Havoc"],"picked":"SKIP","floor":39},{"not_picked":["Uppercut","Rupture"],"picked":"Shrug It Off","floor":40},{"not_picked":["Perfected Strike+1","True Grit","Clash"],"picked":"SKIP","floor":42},{"not_picked":["Sword Boomerang","Armaments"],"picked":"Dark Embrace","floor":44},{"not_picked":["Uppercut","Twin Strike"],"picked":"Evolve","floor":47},{"not_picked":["Demon Form","Uppercut","Wild Strike"],"picked":"SKIP","floor":48}],"player_experience":350356,"relics_obtained":[{"floor":6.0,"key":"Ancient Tea Set"},{"floor":9.0,"key":"Omamori"},{"floor":12.0,"key":"Nunchaku"},{"floor":23,"key":"Orichalcum"},{"floor":26,"key":"Kunai"},{"floor":30,"key":"Art of War"},{"floor":40,"key":"Ornamental Fan"},{"floor":42,"key":"MawBank"},{"floor":43,"key":"Dream Catcher"},{"floor":44,"key":"CeramicFish"}],"event_choices":[{"damage_healed":0.0,"max_hp_gain":0.0,"max_hp_loss":0.0,"gold_gain":0.0,"event_name":"Lab","player_choice":"Got Potions","floor":3.0,"gold_loss":0.0,"damage_taken":0.0},{"damage_healed":0.0,"max_hp_gain":0.0,"max_hp_loss":0.0,"gold_gain":76.0,"event_name":"Golden Wing","player_choice":"Gained Gold","floor":10.0,"gold_loss":0.0,"damage_taken":0.0},{"damage_healed":0.0,"max_hp_gain":0.0,"max_hp_loss":0.0,"gold_gain":75.0,"event_name":"World of Goop","player_choice":"Gather Gold","floor":11.0,"gold_loss":0.0,"damage_taken":11.0},{"damage_healed":0,"gold_gain":0,"player_choice":"Forge","damage_taken":0,"max_hp_gain":0,"max_hp_loss":0,"event_name":"Accursed Blacksmith","floor":19,"gold_loss":0,"cards_upgraded":["Barricade"]},{"cards_removed":["Bash"],"damage_healed":0,"gold_gain":0,"player_choice":"Removed Attack","damage_taken":0,"max_hp_gain":0,"max_hp_loss":0,"event_name":"Falling","floor":36,"gold_loss":0},{"damage_healed":0,"gold_gain":100,"player_choice":"Pray","damage_taken":0,"max_hp_gain":0,"max_hp_loss":0,"event_name":"Golden Shrine","floor":46,"gold_loss":0}],"is_beta":false,"boss_relics":[{"not_picked":["Astrolabe","Sozu"],"picked":"Fusion Hammer"},{"not_picked":["Velvet Choker","Calling Bell"],"picked":"Empty Cage"}],"items_purged_floors":[4,20,29,41],"is_endless":false,"potions_floor_spawned":[6,8,12,16,18,24,25,27,35,38,40,48],"ascension_level":13}}