{"host":"zpql4quw4g2j1hsh","time":1609235351,"event":{"mods":["Act Like it!","BaseMod","Better-Laid Plans","Challenge The Spire","Decade(王小明)","Lobotomy","LobotomyExtend","Minty Spire (QoL Compilation)","Permanent Neow","Quick Restart","Relic Stats","Spicy Shops","StSLib","SuperFastMode","【遗物卡牌】REMEMod","篝火指南"],"gold_per_floor":[269,269,280,105,105,105,115,135,162,178,191,211,239,259,259,355,355,374,99,117,117,117,117,147,160,160,160,10,43,55,71,71,175,175,222,222,233,282,294,323,323,323,323,148,148,148,248,248,48,48],"floor_reached":51,"playtime":1992,"items_purged":["Decade_Attack","Decade_Attack","RideBooker","REME_BattleFury","Parasite","Decade_Defend"],"score":892,"play_id":"9523afb9-d7cc-4b5c-bc94-fde024f4ae5e","local_time":"20201229174911","is_ascension_mode":false,"campfire_choices":[{"data":"KamenRide","floor":6,"key":"SMITH"},{"data":"RideBooker","floor":15,"key":"SMITH"},{"data":"RideBooker_Skill_3","floor":23,"key":"SMITH"},{"data":"Blade_Metal","floor":32,"key":"SMITH"},{"data":"DecadeViolentEmotion","floor":42,"key":"SMITH"}],"circlet_count":0,"master_deck":["Decade_Attack","KamenRide+1","Decade_SpecialSkill+1","Decade_Defend","Decade_Defend","Decade_Defend+1","RideBooker+1","RideBooker_Skill_3+1","DecadeViolentEmotion+1","REME_HeartOfCthun+1","Blade_Metal+1"],"relics":["Decadriver","TOEIDeficitBill","REME_ComplimentaryCards","LetterFromLob","REME_PuzzleBoxRelic","Happy Flower","REME_LowDesire","Bag of Preparation","Orichalcum","Juzu Bracelet","Frozen Egg 2","Pocketwatch","MutagenicStrength","Letter Opener","Philosopher\u0027s Stone","Torii","Boot","Meat on the Bone","Bag of Marbles"],"acts_visited":["Exordium","TheCity","TheBeyond"],"potions_floor_usage":[16,16,35,51,51,51],"damage_taken":[{"damage":0,"enemies":"Small Slimes","floor":1,"turns":1},{"damage":0,"enemies":"Jaw Worm","floor":3,"turns":1},{"damage":0,"enemies":"2 Louse","floor":7,"turns":2},{"damage":0,"enemies":"2 Fungi Beasts","floor":8,"turns":2},{"damage":0,"enemies":"Exordium Thugs","floor":10,"turns":2},{"damage":0,"enemies":"Large Slime","floor":11,"turns":3},{"damage":0,"enemies":"Lots of Slimes","floor":12,"turns":2},{"damage":0,"enemies":"Gremlin Nob","floor":13,"turns":2},{"damage":0,"enemies":"2 Fungi Beasts","floor":14,"turns":1},{"damage":46,"enemies":"The Guardian","floor":16,"turns":5},{"damage":0,"enemies":"Spheric Guardian","floor":18,"turns":2},{"damage":0,"enemies":"Shell Parasite","floor":20,"turns":1},{"damage":9,"enemies":"Slavers","floor":24,"turns":5},{"damage":0,"enemies":"Cultist and Chosen","floor":25,"turns":2},{"damage":2,"enemies":"Book of Stabbing","floor":29,"turns":2},{"damage":0,"enemies":"Shelled Parasite and Fungi","floor":30,"turns":1},{"damage":0,"enemies":"Centurion and Healer","floor":31,"turns":2},{"damage":26,"enemies":"Automaton","floor":33,"turns":7},{"damage":0,"enemies":"Orb Walker","floor":35,"turns":1},{"damage":0,"enemies":"3 Shapes","floor":37,"turns":1},{"damage":0,"enemies":"2 Orb Walkers","floor":38,"turns":2},{"damage":10,"enemies":"Writhing Mass","floor":39,"turns":5},{"damage":24,"enemies":"Reptomancer","floor":40,"turns":3},{"damage":60,"enemies":"Time Eater","floor":50,"turns":8},{"damage":15,"enemies":"Malkuth","floor":51,"turns":10},{"damage":19,"enemies":"Hod","floor":51,"turns":13},{"damage":54,"enemies":"Geburah","floor":51,"turns":13},{"damage":12,"enemies":"Binah","floor":51,"turns":10}],"seed_played":"7300468597564457465","potions_obtained":[{"floor":1,"key":"SneckoOil"},{"floor":3,"key":"Fire Potion"},{"floor":8,"key":"Energy Potion"},{"floor":12,"key":"LiquidBronze"},{"floor":30,"key":"REME_GoldPotion"},{"floor":33,"key":"Energy Potion"}],"is_trial":false,"path_per_floor":["M","?","M","$","?","R","M","M","T","M","M","M","E","M","R","B",null,"M","$","M","?","$","R","E","M","T","?","$","E","M","M","R","B",null,"M","?","M","?","M","E","?","R","T","$","?","?","?","?","R","B",null],"character_chosen":"Decade","items_purchased":["Juzu Bracelet"],"campfire_rested":0,"item_purchase_floors":[19],"current_hp_per_floor":[70,75,75,75,60,60,65,65,65,65,65,65,65,73,73,42,75,75,75,75,75,75,75,66,66,66,66,66,69,69,69,69,46,75,75,75,75,75,60,36,36,36,36,36,36,36,36,53,53,17],"gold":48,"neow_bonus":"","is_daily":false,"chose_seed":false,"campfire_upgraded":5,"win_rate":0.0,"timestamp":1609235351,"path_taken":["M","?","M","$","?","R","M","M","T","M","M","M","E","M","R","BOSS","M","$","M","?","$","R","E","M","T","?","?","E","M","M","R","BOSS","M","?","M","?","M","E","?","R","T","$","?","?","?","?","R","BOSS"],"items_purchased_type":["Relic"],"build_version":"2020-12-22","purchased_purges":6,"victory":true,"max_hp_per_floor":[70,75,75,75,75,75,75,75,75,75,75,75,75,75,75,75,75,75,75,75,75,75,75,75,75,75,75,75,75,75,75,75,75,75,75,75,75,75,75,75,75,75,75,72,72,68,68,68,68,68],"relic_stats":{"Happy Flower":[34],"Torii":15,"counters":[29,117],"Bag of Preparation":[38],"Juzu Bracelet":2,"Letter Opener":[650],"Orichalcum":[96],"Boot":[243],"obtain_stats":[{"Happy Flower":13,"Torii":38,"Decadriver":0,"Bag of Preparation":17,"Juzu Bracelet":19,"TOEIDeficitBill":0,"Letter Opener":29,"Orichalcum":17,"Frozen Egg 2":24,"Boot":40,"CogitoBucket":0,"MutagenicStrength":27,"Philosopher\u0027s Stone":34,"LetterFromLob":1,"Bag of Marbles":51,"REME_PuzzleBoxRelic":9,"REME_LowDesire":17,"REME_ComplimentaryCards":0,"Pocketwatch":26,"Meat on the Bone":43},{"Happy Flower":8,"Torii":21,"Decadriver":0,"Bag of Preparation":10,"Juzu Bracelet":11,"TOEIDeficitBill":0,"Letter Opener":15,"Orichalcum":10,"Frozen Egg 2":13,"Boot":23,"CogitoBucket":0,"MutagenicStrength":14,"Philosopher\u0027s Stone":18,"LetterFromLob":1,"Bag of Marbles":28,"REME_PuzzleBoxRelic":4,"REME_LowDesire":10,"REME_ComplimentaryCards":0,"Pocketwatch":14,"Meat on the Bone":23},{"Happy Flower":15,"Torii":47,"Decadriver":0,"Bag of Preparation":21,"Juzu Bracelet":23,"TOEIDeficitBill":0,"Letter Opener":33,"Orichalcum":21,"Frozen Egg 2":29,"Boot":55,"CogitoBucket":0,"MutagenicStrength":31,"Philosopher\u0027s Stone":43,"LetterFromLob":1,"Bag of Marbles":103,"REME_PuzzleBoxRelic":6,"REME_LowDesire":21,"REME_ComplimentaryCards":0,"Pocketwatch":31,"Meat on the Bone":55}],"Pocketwatch":[15],"Meat on the Bone":24},"card_choices":[{"not_picked":["DenO_Rod","Decade_Defend3"],"picked":"RideBooker","floor":7},{"not_picked":["UnarmedAttack7","KamenRideHibiki"],"picked":"RideBooker","floor":10},{"not_picked":["FormRideAxel","KamenRideDecade"],"picked":"RideBooker_Skill_3","floor":11},{"not_picked":["Kiva_Eat","Kabuto_ClockUp"],"picked":"DecadeViolentEmotion","floor":16},{"not_picked":["PhotonAcceleration+1","Decade_Invisible","DragShield"],"picked":"REME_HeartOfCthun","floor":18},{"not_picked":["UnarmedAttack4+1","Decade_Dash1","REME_HeartOfCthun"],"picked":"RideBooker_Skill_1","floor":29},{"not_picked":["UnarmedAttack5","RideBooker+1","Purity"],"picked":"Blade_Metal","floor":30}],"player_experience":30997,"relics_obtained":[{"floor":1,"key":"LetterFromLob"},{"floor":9,"key":"REME_PuzzleBoxRelic"},{"floor":13,"key":"Happy Flower"},{"floor":17,"key":"Bag of Preparation"},{"floor":17,"key":"Orichalcum"},{"floor":24,"key":"Frozen Egg 2"},{"floor":26,"key":"Pocketwatch"},{"floor":29,"key":"Letter Opener"},{"floor":38,"key":"Torii"},{"floor":40,"key":"Boot"},{"floor":43,"key":"Meat on the Bone"}],"event_choices":[{"damage_healed":0,"gold_gain":0,"player_choice":"Donut","damage_taken":0,"max_hp_gain":5,"max_hp_loss":0,"event_name":"Big Fish","floor":2,"gold_loss":0},{"damage_healed":0,"gold_gain":0,"player_choice":"Entered Light","damage_taken":15,"max_hp_gain":0,"max_hp_loss":0,"event_name":"Shining Light","floor":5,"gold_loss":0,"cards_upgraded":["Decade_Defend","Decade_SpecialSkill"]},{"damage_healed":0,"gold_gain":0,"player_choice":"Ignored","damage_taken":0,"max_hp_gain":0,"max_hp_loss":0,"event_name":"Ghosts","floor":21,"gold_loss":0},{"damage_healed":0,"gold_gain":0,"player_choice":"Inject Mutagens","damage_taken":0,"relics_obtained":["MutagenicStrength"],"max_hp_gain":0,"max_hp_loss":0,"event_name":"Drug Dealer","floor":27,"gold_loss":0},{"cards_removed":["Decade_Attack"],"damage_healed":0,"gold_gain":0,"player_choice":"Removed Attack","damage_taken":0,"max_hp_gain":0,"max_hp_loss":0,"event_name":"Falling","floor":36,"gold_loss":0},{"damage_healed":0,"gold_gain":0,"player_choice":"Fight","damage_taken":0,"max_hp_gain":0,"max_hp_loss":0,"event_name":"Mysterious Sphere","floor":38,"gold_loss":0},{"cards_removed":["RideBooker_Skill_1"],"damage_healed":0,"gold_gain":0,"player_choice":"Purged","damage_taken":0,"max_hp_gain":0,"max_hp_loss":0,"event_name":"Purifier","floor":45,"gold_loss":0},{"damage_healed":0,"gold_gain":0,"player_choice":"Max HP","damage_taken":0,"max_hp_gain":0,"max_hp_loss":4,"event_name":"Winding Halls","floor":46,"gold_loss":0},{"damage_healed":0,"gold_gain":100,"player_choice":"Pray","damage_taken":0,"max_hp_gain":0,"max_hp_loss":0,"event_name":"Golden Shrine","floor":47,"gold_loss":0}],"is_beta":false,"boss_relics":[{"not_picked":["SacredBark","REME_ChargedStone"],"picked":"REME_LowDesire"},{"not_picked":["SlaversCollar","REME_DuelDisc"],"picked":"Philosopher\u0027s Stone"}],"items_purged_floors":[4,4,19,28,44,49],"is_endless":false,"potions_floor_spawned":[1,3,8,10,12,25,30,33],"ascension_level":0}}