{"host":"tb9sfv97irhb8jsq","time":1609264710,"event":{"mods":["Aspiration","BaseMod","Better Altar","Better Match","Better Note","Better Skull","Better Third Choice","BetterRewards","Colored Powertips","Colorless Booster Pack","Conspire","Dota2Spire","Energized Spire","Exacting","GifTheSpireLib","Halation","Hubris","Infinite Spire","Minty Spire (QoL Compilation)","RatMod","Replay The Spire","Shop Mod","Spicy Shops","Spikes Relics","StSLib","Stuff the Spire","SuperFastMode","Trackpad","vexMod"],"gold_per_floor":[134,152,169,183,195,229,229,264,264,264,317,317,350,365,365,365,365],"floor_reached":16,"playtime":821,"items_purged":[],"score":197,"play_id":"a9fb340d-7e26-4599-b2b5-ddf32291d266","local_time":"20201229205830","is_ascension_mode":true,"campfire_choices":[{"floor":7,"key":"REST"},{"data":"Zap","floor":12,"key":"SMITH"},{"data":"Genetic Algorithm","floor":15,"key":"SMITH"}],"circlet_count":0,"master_deck":["Strike_B","Strike_B","Strike_B","Defend_B","Defend_B","Defend_B","Defend_B","Zap+1","Dualcast","StuffTheSpire:PlasmaPulse","Conserve Battery","Redo","Reinforced Body","Doom and Gloom","Rebound","Streamline","Turbo","Cold Snap+1","Redo","Genetic Algorithm+1","Turbo"],"relics":["Cracked Core","ReplayTheSpireMod:Shallot","conspire:TopHat","trackpad:AdjectivePendant"],"acts_visited":["Exordium"],"potions_floor_usage":[6,11,11,16,16],"damage_taken":[{"damage":0,"enemies":"conspire:RoseBush","floor":1,"turns":3},{"damage":0,"enemies":"Cultist","floor":2,"turns":4},{"damage":3,"enemies":"2 Louse","floor":3,"turns":3},{"damage":6,"enemies":"Exordium Wildlife","floor":4,"turns":6},{"damage":8,"enemies":"Large Slime","floor":5,"turns":6},{"damage":26,"enemies":"Gremlin Nob","floor":6,"turns":4},{"damage":10,"enemies":"Gremlin Gang","floor":8,"turns":4},{"damage":0,"enemies":"Replay:BlueRogue","floor":11,"turns":6},{"damage":3,"enemies":"Lots of Slimes","floor":13,"turns":2},{"damage":0,"enemies":"conspire:2 RoseBushes","floor":14,"turns":5},{"damage":69,"enemies":"Fading Forest","floor":16,"turns":7}],"seed_played":"3443366783020779498","potions_obtained":[{"floor":4,"key":"Cursed Concoction"},{"floor":6,"key":"Strength Potion"},{"floor":8,"key":"SteroidPotion"},{"floor":13,"key":"Strength Potion"},{"floor":14,"key":"EssenceOfDarkness"}],"is_trial":false,"path_per_floor":["M","M","M","M","M","E","R","M","T","?","E","R","M","M","R","B"],"character_chosen":"DEFECT","items_purchased":[],"campfire_rested":1,"item_purchase_floors":[],"current_hp_per_floor":[68,68,65,59,51,25,47,37,37,37,37,37,34,34,34,0,0],"gold":365,"neow_bonus":"RANDOM_COLORLESS","is_daily":false,"chose_seed":false,"campfire_upgraded":2,"win_rate":0.0,"timestamp":1609264710,"path_taken":["M","M","M","M","M","E","R","M","T","?","E","R","M","M","R","BOSS"],"items_purchased_type":[],"build_version":"2020-12-22","purchased_purges":0,"victory":false,"max_hp_per_floor":[75,75,75,75,75,75,75,75,75,75,75,75,75,75,75,75,75],"card_choices":[{"not_picked":["CBP: BitesTheDust","ReplayTheSpireMod:Uncanny Aura"],"picked":"StuffTheSpire:PlasmaPulse","floor":0},{"not_picked":["StuffTheSpire:LoadUp","Leap"],"picked":"Conserve Battery","floor":1},{"not_picked":["Hologram","StuffTheSpire:CleanHardDrive"],"picked":"Redo","floor":2},{"not_picked":["conspire:Rain","Barrage"],"picked":"Reinforced Body","floor":3},{"not_picked":["Conserve Battery","Gash"],"picked":"Doom and Gloom","floor":4},{"not_picked":["Core Surge","StuffTheSpire:Plugnplay"],"picked":"Rebound","floor":5},{"not_picked":["Compile Driver","Barrage"],"picked":"Streamline","floor":6},{"not_picked":["Cold Snap","Steam"],"picked":"Turbo","floor":8},{"not_picked":["StuffTheSpire:LaunchingStrike","Gash"],"picked":"Redo","floor":11},{"not_picked":["Recycle","Static Discharge"],"picked":"Genetic Algorithm","floor":13},{"not_picked":["BootSequence","Redo"],"picked":"Turbo","floor":14}],"player_experience":400660,"relics_obtained":[{"floor":6,"key":"ReplayTheSpireMod:Shallot"},{"floor":9,"key":"conspire:TopHat"},{"floor":11,"key":"trackpad:AdjectivePendant"}],"event_choices":[],"is_beta":false,"boss_relics":[],"items_purged_floors":[],"is_endless":false,"potions_floor_spawned":[4,6,8,13,14],"killed_by":"Fading Forest","ascension_level":8}}