{"host":"7mrmd33mpx7q5wx9","time":1609208717,"event":{"mods":["AchievementEnabler","BaseMod","BetterRewards","Card Forge","Colored Map","Defuse TimeMaze Blight","Minty Spire (QoL Compilation)","Permanent Neow","Quick Restart","StSLib"],"gold_per_floor":[111,211,227,242,255,255,268,278,328,363,382,411,411,411,411,411,411,411,411,411,411,411,411,411,411,411,411,411,411,411,411,411,510,510,510,510],"floor_reached":35,"playtime":679,"items_purged":[],"score":655,"play_id":"7a64a263-446a-428c-b5e5-e5c8104226af","local_time":"20201228202517","is_ascension_mode":false,"campfire_choices":[{"floor":15,"key":"RECALL"},{"floor":24,"key":"REST"},{"floor":32,"key":"REST"}],"circlet_count":0,"master_deck":["Anger","Armaments","Barricade","Berserk","Blood for Blood","Bloodletting","Bash","Bludgeon","Battle Trance","Body Slam","Cleave","Clash","Carnage","Burning Pact","Brutality","Clothesline","Combust","Corruption","Dark Embrace","Defend_R","Dual Wield","Dropkick","Double Tap","Disarm","Demon Form","Entrench","Evolve","Exhume","Feed","Feel No Pain","Ghostly Armor","Flex","Flame Barrier","Fire Breathing","Fiend Fire","Havoc","Headbutt","Heavy Blade","Hemokinesis","Immolate","Iron Wave","Intimidate","Inflame","Infernal Blade","Impervious","Juggernaut","Limit Break","Metallicize","Offering","Perfected Strike","Rampage","Rage","Pummel","Power Through","Pommel Strike","Reaper","Reckless Charge","Rupture","Searing Blow","Second Wind","Shrug It Off","Shockwave","Sever Soul","Sentinel","Seeing Red","Spot Weakness","Strike_R","Sword Boomerang","Thunderclap","True Grit","Wild Strike","Whirlwind","Warcry","Uppercut","Twin Strike","A Thousand Cuts","Accuracy","Acrobatics","Adrenaline","After Image","Bane","Backflip","All Out Attack","Venomology","Blade Dance","Blur","Bouncing Flask","Bullet Time","Burst","Choke","Catalyst","Cloak And Dagger","Caltrops","Calculated Gamble","Mind Blast+1","Mind Blast+1","Mind Blast+1","Bludgeon","Body Slam","Cleave","Clash","Carnage","Corruption","Dark Embrace","Defend_R","Dual Wield","Dropkick","Double Tap","Combust","Disarm","Demon Form","Clothesline","Entrench","Evolve","Exhume","Feed","Feel No Pain","Ghostly Armor","Flex","Flame Barrier","Fire Breathing","Fiend Fire","Havoc","Headbutt","Heavy Blade","Hemokinesis","Immolate","Iron Wave","Intimidate","Inflame","Infernal Blade","Impervious","Juggernaut","Limit Break","Metallicize","Offering","Perfected Strike","Rampage","Rage","Pummel","Power Through","Pommel Strike","Reaper","Reckless Charge","Rupture","Searing Blow","Second Wind"],"relics":["Burning Blood","Hammer of Thor","Seething Fire","Anvil of the Gods","Toy Ornithopter","Strawberry","Sozu","Runic Dome"],"acts_visited":["Exordium","TheCity","TheBeyond"],"potions_floor_usage":[3],"damage_taken":[{"damage":6,"enemies":"2 Louse","floor":1,"turns":2},{"damage":6,"enemies":"Cultist","floor":3,"turns":3},{"damage":0,"enemies":"Jaw Worm","floor":4,"turns":1},{"damage":0,"enemies":"3 Louse","floor":5,"turns":1},{"damage":9,"enemies":"Gremlin Gang","floor":7,"turns":2},{"damage":0,"enemies":"Exordium Wildlife","floor":8,"turns":1},{"damage":0,"enemies":"Lagavulin","floor":10,"turns":1},{"damage":0,"enemies":"Exordium Thugs","floor":11,"turns":1},{"damage":0,"enemies":"3 Sentries","floor":12,"turns":1},{"damage":0,"enemies":"Blue Slaver","floor":13,"turns":1},{"damage":0,"enemies":"2 Fungi Beasts","floor":14,"turns":1},{"damage":0,"enemies":"Slime Boss","floor":16,"turns":1},{"damage":0,"enemies":"2 Thieves","floor":18,"turns":1},{"damage":0,"enemies":"Spheric Guardian","floor":19,"turns":1},{"damage":0,"enemies":"3 Cultists","floor":20,"turns":1},{"damage":0,"enemies":"Centurion and Healer","floor":21,"turns":1},{"damage":0,"enemies":"Snake Plant","floor":22,"turns":1},{"damage":0,"enemies":"Slavers","floor":23,"turns":1},{"damage":0,"enemies":"Snecko","floor":25,"turns":1},{"damage":0,"enemies":"Cultist and Chosen","floor":27,"turns":1},{"damage":0,"enemies":"Sentry and Sphere","floor":28,"turns":1},{"damage":0,"enemies":"Chosen and Byrds","floor":29,"turns":1},{"damage":0,"enemies":"Snake Plant","floor":30,"turns":1},{"damage":0,"enemies":"Snecko","floor":31,"turns":1},{"damage":0,"enemies":"Automaton","floor":33,"turns":1},{"damage":0,"enemies":"3 Shapes","floor":35,"turns":1}],"seed_played":"-7695816029915260228","potions_obtained":[{"floor":4,"key":"LiquidBronze"},{"floor":5,"key":"Energy Potion"},{"floor":8,"key":"PowerPotion"}],"is_trial":false,"path_per_floor":["M","?","M","M","M","?","M","M","T","E","M","E","M","M","R","B",null,"M","M","M","M","M","E","R","M","T","M","M","M","M","M","R","B",null,"M"],"character_chosen":"IRONCLAD","items_purchased":[],"campfire_rested":2,"item_purchase_floors":[],"current_hp_per_floor":[80,80,80,80,80,80,77,80,80,87,87,87,87,87,87,87,87,87,87,87,87,87,87,87,87,87,87,87,87,87,87,87,87,87,87,87],"gold":510,"neow_bonus":"UPGRADE_CARD","is_daily":false,"chose_seed":false,"campfire_upgraded":0,"win_rate":0.0,"timestamp":1609208717,"path_taken":["M","?","M","M","?","?","M","M","T","E","M","E","M","M","R","BOSS","M","M","M","M","M","E","R","M","T","M","M","M","M","M","R","BOSS","M"],"items_purchased_type":[],"build_version":"2020-12-22","purchased_purges":0,"victory":false,"max_hp_per_floor":[80,80,80,80,80,80,80,80,80,87,87,87,87,87,87,87,87,87,87,87,87,87,87,87,87,87,87,87,87,87,87,87,87,87,87,87],"card_choices":[{"not_picked":["True Grit","Shrug It Off","Armaments"],"picked":"SKIP","floor":1},{"not_picked":["Searing Blow","Cleave","Fire Breathing"],"picked":"SKIP","floor":3},{"not_picked":["Armaments","Burning Pact","Twin Strike"],"picked":"SKIP","floor":4},{"not_picked":["Clothesline","Armaments","Seeing Red"],"picked":"SKIP","floor":5},{"not_picked":["Second Wind","Reckless Charge","Uppercut"],"picked":"SKIP","floor":7},{"not_picked":["Clash","Heavy Blade","Spot Weakness"],"picked":"SKIP","floor":8},{"not_picked":["Clash","Anger","True Grit"],"picked":"SKIP","floor":10},{"not_picked":["Havoc","Rampage","Body Slam"],"picked":"SKIP","floor":11},{"not_picked":["Whirlwind","Evolve","Sever Soul"],"picked":"SKIP","floor":12},{"not_picked":["Pommel Strike","Twin Strike","Anger"],"picked":"SKIP","floor":13},{"not_picked":["Ghostly Armor","Spot Weakness","Flex"],"picked":"SKIP","floor":14},{"not_picked":["Infernal Blade","Cleave","Entrench+1"],"picked":"SKIP","floor":18},{"not_picked":["Cleave+1","Sever Soul","Ghostly Armor+1"],"picked":"SKIP","floor":19},{"not_picked":["Wild Strike","Entrench+1","Feel No Pain"],"picked":"SKIP","floor":20},{"not_picked":["Dual Wield+1","Thunderclap+1","Cleave+1"],"picked":"SKIP","floor":21},{"not_picked":["Seeing Red","Burning Pact","True Grit"],"picked":"SKIP","floor":22},{"not_picked":["Disarm","Twin Strike","Armaments"],"picked":"SKIP","floor":23},{"not_picked":["Wild Strike","Shrug It Off","Twin Strike"],"picked":"SKIP","floor":25},{"not_picked":["Body Slam","Thunderclap","Armaments"],"picked":"SKIP","floor":27},{"not_picked":["Heavy Blade+1","Clothesline","Cleave"],"picked":"SKIP","floor":28},{"not_picked":["Inflame","Power Through","True Grit+1"],"picked":"SKIP","floor":29},{"not_picked":["Pummel","Berserk","Iron Wave"],"picked":"SKIP","floor":30},{"not_picked":["Intimidate","Clothesline+1","Thunderclap+1"],"picked":"SKIP","floor":31}],"player_experience":380449,"relics_obtained":[{"floor":9,"key":"Toy Ornithopter"},{"floor":10,"key":"Strawberry"}],"event_choices":[{"damage_healed":0,"gold_gain":100,"player_choice":"Pray","damage_taken":0,"max_hp_gain":0,"max_hp_loss":0,"event_name":"Golden Shrine","floor":2,"gold_loss":0},{"damage_healed":0,"gold_gain":0,"player_choice":"Fled","damage_taken":0,"max_hp_gain":0,"max_hp_loss":0,"event_name":"Scrap Ooze","floor":6,"gold_loss":0}],"is_beta":false,"boss_relics":[{"not_picked":["Fusion Hammer","Coffee Dripper"],"picked":"Sozu"},{"not_picked":["Runic Pyramid","Astrolabe"],"picked":"Runic Dome"}],"items_purged_floors":[],"is_endless":false,"potions_floor_spawned":[4,5,8,10,12,14,19,20,21,27,29,30,31],"killed_by":"3 Shapes","ascension_level":0}}