{"host":"7vidw0fny0glz923","time":1609264458,"event":{"mods":["ATMod(阿瑾Mod)","Act Like it!","BaseMod","Challenge The Spire","Downfall","Friendly Minions","HololiveMod","KinomotoSakuraMod(木之本樱)","Kiyohime（清姬）","KomeijiMod","Lobotomy","LobotomyExtend","Marisa（F雨　魔理沙）","Minty Spire (QoL Compilation)","MostiFishMod","Pale of the Ancients","READ ME - Guardian Mod","Reimu（博丽灵梦）","Remilia（蕾米莉亚）","Replay The Spire","RumiaBox-露米娅的神秘盒子","Shop Mod","StSLib","TestMod","The Cursed","The Hierophant","The Jungle","The Poker Player","The Servant 0.9.4","Yakumo Yukari mod","Youmu（魂魄妖梦）","[地精首领爬塔]The Maniac","【遗物卡牌】REMEMod"],"gold_per_floor":[110,123,135,145,165,165,177,577,648,663,678,712,712,588,588,624,624,624,624],"floor_reached":18,"playtime":970,"items_purged":[],"score":191,"play_id":"39441031-6964-4bd0-b4eb-d43734fb353b","local_time":"20201229175418","is_ascension_mode":false,"campfire_choices":[{"data":"TerribleSouvenir","floor":6,"key":"SMITH"},{"data":"CENSORED_ego","floor":13,"key":"SMITH"},{"data":"REME_FirmDetermination","floor":15,"key":"SMITH"}],"circlet_count":0,"master_deck":["SpecialBullet","SpecialBullet","SpecialBullet","SpecialBullet","SpecialBullet","SpecialBullet","SpecialBullet","SpecialBullet","SecurityCode","WelfareCode","ControlCode","AT_FamilyPortrait","TerribleSouvenir+1","CENSORED_ego+1","DespairKnight","Harmony","Hornet","TodaysExpression","WristCuter","BearPaw+1","MostiFishMod:StoryBook+1","REME_PuzzleBox","REME_FirmDetermination+1","CentralCode"],"relics":["CogitoBucket","RabbitCall","testmod-TestBox","REME_ComplimentaryCards","AT_ATBox","testmod-BouquetWithThorns","BloodWine","SynthV:TestCard","LetterFromLob","REME_HandOfSuture","ReplayTheSpireMod:ShopPack","DiscerningMonocle","Moonlight_r"],"acts_visited":["Exordium","TheCity"],"potions_floor_usage":[16,16],"damage_taken":[{"damage":0,"enemies":"Cultist","floor":1,"turns":3},{"damage":5,"enemies":"2 Louse","floor":2,"turns":2},{"damage":0,"enemies":"Small Slimes","floor":3,"turns":2},{"damage":6,"enemies":"Exordium Wildlife","floor":4,"turns":4},{"damage":30,"enemies":"2 Fungi Beasts","floor":5,"turns":2},{"damage":26,"enemies":"Lots of Slimes","floor":7,"turns":4},{"damage":10,"enemies":"Exordium Thugs","floor":10,"turns":3},{"damage":7,"enemies":"3 Louse","floor":11,"turns":2},{"damage":0,"enemies":"Lagavulin","floor":12,"turns":5},{"damage":12,"enemies":"Fading Forest","floor":16,"turns":11}],"seed_played":"5363997968490669004","potions_obtained":[{"floor":2,"key":"Reflective Coating"},{"floor":3,"key":"Strength Potion"},{"floor":10,"key":"Reflective Coating"}],"is_trial":false,"path_per_floor":["M","M","M","M","M","R","M","?","T","M","M","E","R","$","R","B",null,"M"],"character_chosen":"Angela","items_purchased":["ReplayTheSpireMod:ShopPack"],"campfire_rested":0,"item_purchase_floors":[14],"current_hp_per_floor":[70,70,70,70,58,58,46,46,46,50,70,70,70,70,70,70,70,0,0],"gold":624,"neow_bonus":"ONE_RANDOM_RARE_CARD","is_daily":false,"chose_seed":false,"campfire_upgraded":3,"win_rate":0.0,"timestamp":1609264458,"path_taken":["M","M","M","M","?","R","M","?","T","M","M","E","R","$","R","BOSS","M"],"items_purchased_type":["Relic"],"build_version":"2020-12-22","purchased_purges":0,"victory":false,"max_hp_per_floor":[70,70,70,70,70,70,70,70,70,70,70,70,70,70,70,70,70,70,70],"card_choices":[{"not_picked":["OldLady","UniverseFragment"],"picked":"DespairKnight","floor":1},{"not_picked":["Lantern"],"picked":"Harmony","floor":1},{"not_picked":["SwordSharpenedByTears","Diffraction","Penitence"],"picked":"Hornet","floor":2},{"not_picked":["SomewhereSpear","MagicBullet","CherryBlossom"],"picked":"TodaysExpression","floor":3},{"not_picked":["Soda","Pinks","Harvest","BloodyDesire"],"picked":"SKIP","floor":4},{"not_picked":["RapturousDream","Lantern","Horn","RedEyes"],"picked":"SKIP","floor":5},{"not_picked":["Beak","LifeForTheDareDevil","Pinks"],"picked":"WristCuter","floor":7},{"not_picked":["WristCuter","Beak","RapturousDream","LifeForTheDareDevil"],"picked":"SKIP","floor":10},{"not_picked":["Soda","CENSORED_ego","Wingbeat"],"picked":"BearPaw","floor":11},{"not_picked":["FourthMatchFlame","Amita","Horn","Lamp"],"picked":"SKIP","floor":12},{"not_picked":["Secret Weapon","AT_FalsePromise","testmod-Recap"],"picked":"MostiFishMod:StoryBook","floor":14},{"not_picked":["Muse","ReplayTheSpireMod:Brewmster","testmod-SubstituteBySubterfuge"],"picked":"REME_PuzzleBox","floor":14},{"not_picked":["expansioncontent:FaceSlap","REME_MagicPocketWatch","HandOfGreed"],"picked":"REME_FirmDetermination","floor":14}],"player_experience":914958,"relics_obtained":[{"floor":1,"key":"SynthV:TestCard"},{"floor":1,"key":"LetterFromLob"},{"floor":12,"key":"REME_HandOfSuture"}],"event_choices":[{"damage_healed":0,"gold_gain":400,"player_choice":"Sell","damage_taken":0,"max_hp_gain":0,"max_hp_loss":0,"event_name":"恩洛斯的盘子","floor":8,"relics_lost":["DaveBox"],"gold_loss":0}],"is_beta":false,"boss_relics":[{"not_picked":["testmod-Nine","Replay:Wanted Poster"],"picked":"DiscerningMonocle"}],"items_purged_floors":[],"is_endless":false,"potions_floor_spawned":[2,3,10,11],"ascension_level":0}}