{"host":"wprg2kxo540uzszc","time":1609267751,"event":{"mods":["BaseMod","Beaked The Cultist","Bestiary","Better Third Choice","BetterRewards","CapriCore","Conspire","Custom Start","Emptier Cage","Energized Spire","Minty Spire (QoL Compilation)","Permanent Neow","Relic Stats","Shop Mod","Spicy Shops","StSLib","Transform Curses","Uncapped"],"gold_per_floor":[117,127,127,140,153,187,187,197,197,216,227,241,241,191,191,293,293,313,102,102,114,133,133,164,94,94,94,112,123,123,123],"floor_reached":30,"playtime":3627,"items_purged":["beaked:Strike_Y"],"score":256,"play_id":"18f53437-545c-4472-8a1c-665923d4384f","local_time":"20201229134911","is_ascension_mode":false,"campfire_choices":[{"data":"beaked:HuntressSpirit","floor":7.0,"key":"SMITH"},{"data":"beaked:Ceremony","floor":13.0,"key":"SMITH"},{"data":"beaked:Ceremony","floor":15.0,"key":"SMITH"},{"data":"beaked:RitualOfBody","floor":23.0,"key":"SMITH"},{"data":"beaked:Ceremony","floor":27.0,"key":"SMITH"}],"circlet_count":0,"master_deck":["beaked:Strike_Y","beaked:Strike_Y","beaked:Strike_Y","beaked:Defend_Y","beaked:Defend_Y","beaked:Defend_Y","beaked:Defend_Y","beaked:Ceremony+1","beaked:Ceremony+1","beaked:Ceremony+1","beaked:HuntressSpirit+1","beaked:Tweet","beaked:DigDeep","beaked:Daydream","beaked:SacrificialDive","beaked:VigorBurst","beaked:MaddeningMurmurs","beaked:BraceForImpact","beaked:BraceForImpact","beaked:ScreechingChant","beaked:Windmill","beaked:RitualOfBody+1","beaked:ScreechingChant","beaked:Insight"],"relics":["beaked:MendingPlumage","Pen Nib","Darkstone Periapt","Sozu","Question Card","beaked:ShinyBauble"],"acts_visited":["Exordium","TheCity"],"potions_floor_usage":[30],"damage_taken":[{"damage":10.0,"enemies":"Cultist","floor":1.0,"turns":4.0},{"damage":1.0,"enemies":"conspire:RoseBush","floor":2.0,"turns":5.0},{"damage":24.0,"enemies":"Small Slimes","floor":4.0,"turns":6.0},{"damage":48.0,"enemies":"Gremlin Gang","floor":5.0,"turns":12.0},{"damage":23.0,"enemies":"Lagavulin","floor":6.0,"turns":8.0},{"damage":12.0,"enemies":"2 Fungi Beasts","floor":8.0,"turns":5.0},{"damage":32.0,"enemies":"Exordium Thugs","floor":10.0,"turns":6.0},{"damage":9.0,"enemies":"Large Slime","floor":11.0,"turns":9.0},{"damage":14.0,"enemies":"2 Fungi Beasts","floor":12.0,"turns":6.0},{"damage":80.0,"enemies":"Hexaghost","floor":16.0,"turns":13.0},{"damage":20.0,"enemies":"conspire:FuzzyDice","floor":18.0,"turns":10.0},{"damage":84.0,"enemies":"3 Byrds","floor":21.0,"turns":15.0},{"damage":64.0,"enemies":"Shelled Parasite and Fungi","floor":22.0,"turns":11.0},{"damage":47.0,"enemies":"conspire:Head Lice","floor":24.0,"turns":13.0},{"damage":47.0,"enemies":"Centurion and Healer","floor":28.0,"turns":7.0},{"damage":23.0,"enemies":"conspire:HollyBat","floor":29.0,"turns":10.0},{"damage":30,"enemies":"3 Cultists","floor":30,"turns":4}],"seed_played":"-6288127775289790713","potions_obtained":[{"floor":2.0,"key":"PowerPotion"},{"floor":5.0,"key":"BlessingOfTheForge"},{"floor":10.0,"key":"Weak Potion"},{"floor":11.0,"key":"beaked:MendingBrew"}],"is_trial":false,"path_per_floor":["M","M","?","M","M","E","R","M","T","M","M","M","R","?","R","B",null,"M","$","?","M","M","R","E","$","T","R","M","M","M"],"character_chosen":"BEAKED_THE_CULTIST","items_purchased":["beaked:RitualOfBody","beaked:Insight"],"campfire_rested":0,"item_purchase_floors":[19,25],"current_hp_per_floor":[45,50,50,49,50,49,49,55,55,54,55,55,55,55,55,29,55,55,55,55,55,55,55,55,55,55,55,48,55,25,25],"gold":123,"neow_bonus":"TRANSFORM_CARD","is_daily":false,"chose_seed":false,"campfire_upgraded":5,"win_rate":0.0,"timestamp":1609267751,"path_taken":["M","M","?","M","?","E","R","M","T","M","M","M","R","?","R","BOSS","M","$","?","M","M","R","E","$","T","R","M","?","M"],"items_purchased_type":["Card","Card"],"build_version":"2020-12-22","purchased_purges":1,"victory":false,"max_hp_per_floor":[50,50,50,50,50,55,55,55,55,55,55,55,55,55,55,55,55,55,55,55,55,55,55,55,55,55,55,55,55,55,55],"relic_stats":{"Darkstone Periapt":0,"Sozu":2,"counters":[17,143],"Pen Nib":[7],"Question Card":2,"obtain_stats":[{"Darkstone Periapt":9,"Sozu":17,"beaked:ShinyBauble":26,"Pen Nib":6,"beaked:MendingPlumage":0,"Question Card":24},{"Darkstone Periapt":6,"Sozu":10,"beaked:ShinyBauble":14,"Pen Nib":5,"beaked:MendingPlumage":0,"Question Card":14},{"Darkstone Periapt":40,"Sozu":74,"beaked:ShinyBauble":123,"Pen Nib":35,"beaked:MendingPlumage":0,"Question Card":123}]},"card_choices":[{"not_picked":["beaked:Flinch","beaked:StunningBlow"],"picked":"beaked:Tweet","floor":1.0},{"not_picked":["beaked:MimicMachine","beaked:Redirect"],"picked":"beaked:DigDeep","floor":2.0},{"not_picked":["beaked:Replenish","beaked:Windmill"],"picked":"beaked:Daydream","floor":4.0},{"not_picked":["beaked:Pecker","beaked:Poke"],"picked":"beaked:SacrificialDive","floor":5.0},{"not_picked":["beaked:Cower","beaked:Brainwash"],"picked":"beaked:VigorBurst","floor":6.0},{"not_picked":["beaked:Devastation","beaked:CrazyRituals"],"picked":"beaked:MaddeningMurmurs","floor":8.0},{"not_picked":["beaked:Flinch","beaked:SurvivalInstinct"],"picked":"beaked:BraceForImpact","floor":10.0},{"not_picked":["beaked:Cower","beaked:HuntressEssence"],"picked":"beaked:BraceForImpact","floor":11.0},{"not_picked":["beaked:FeelMyPain","beaked:DesperateSwing","beaked:HuntressEssence"],"picked":"SKIP","floor":12.0},{"not_picked":["beaked:AwakenedForm","beaked:Brainwash"],"picked":"beaked:ScreechingChant","floor":16.0},{"not_picked":["beaked:Mantra","beaked:Evade"],"picked":"beaked:Windmill","floor":18.0},{"not_picked":["beaked:Tradeoff","beaked:BraceForImpact","beaked:Roost"],"picked":"SKIP","floor":21.0},{"not_picked":["beaked:WarriorEssence","beaked:Struggle+1","beaked:MimicWarrior"],"picked":"SKIP","floor":22.0},{"not_picked":["beaked:Daydream","beaked:TuckingFeathers","beaked:Cower"],"picked":"SKIP","floor":24.0},{"not_picked":["beaked:Evade","beaked:SurvivalInstinct+1","beaked:Tradeoff+1","beaked:BloodForTheGods"],"picked":"SKIP","floor":28.0},{"not_picked":["beaked:DigDeep","beaked:WarriorEssence","beaked:Cower","beaked:DarkPact"],"picked":"SKIP","floor":29.0}],"player_experience":118944,"relics_obtained":[{"floor":6.0,"key":"Pen Nib"},{"floor":9.0,"key":"Darkstone Periapt"},{"floor":24.0,"key":"Question Card"},{"floor":26.0,"key":"beaked:ShinyBauble"}],"event_choices":[{"damage_healed":0.0,"max_hp_gain":0.0,"max_hp_loss":0.0,"gold_gain":0.0,"event_name":"NoteForYourself","player_choice":"Ignored","floor":3.0,"gold_loss":0.0,"damage_taken":0.0},{"cards_removed":["beaked:Strike_Y"],"damage_healed":0.0,"max_hp_gain":0.0,"max_hp_loss":0.0,"gold_gain":0.0,"event_name":"The Cleric","player_choice":"Card Removal","floor":14.0,"gold_loss":50.0,"damage_taken":0.0},{"damage_healed":0.0,"max_hp_gain":0.0,"max_hp_loss":0.0,"gold_gain":0.0,"event_name":"Duplicator","player_choice":"Copied","floor":20.0,"gold_loss":0.0,"damage_taken":0.0,"cards_obtained":["beaked:ScreechingChant"]}],"is_beta":false,"boss_relics":[{"not_picked":["Calling Bell","conspire:SpecialSausage"],"picked":"Sozu"}],"items_purged_floors":[19],"is_endless":false,"potions_floor_spawned":[2,5,10,11,16,22,29],"killed_by":"3 Cultists","ascension_level":0}}