{"host":"q79spna8ofw6hj3r","time":1609256375,"event":{"mods":["Aspiration","Bard","BaseMod","Beaked The Cultist","Bestiary","Better Altar","Better Match","Better Note","Better Sensory Stone","Better Skull","Better Third Choice","Better Vampires","BetterRewards","Block Reminder","Challenge The Spire","Colored Map","Colored Powertips","Conspire","Custom Start","Energized Spire","Friendly Minions","Halation","Hubris","Infinite Spire","Jedi Mod","Mimic Mod","Minty Spire (QoL Compilation)","Permanent Neow","Quick Restart","Relic Filter","Relic Sorter","Replay The Spire","Shop Mod","StSLib","SuperFastMode","Synergy Search","The Cursed","The Hierophant","The Runesmith","slay the spire mod where everything is the same but ironclad has a cowboy hat","vexMod"],"gold_per_floor":[114,114,126,143,160,160,160,160],"floor_reached":7,"playtime":369,"items_purged":[],"score":49,"play_id":"2346ea28-34b9-4ffb-a185-f3aa71e8453a","local_time":"20201229173935","is_ascension_mode":true,"campfire_choices":[{"data":"jedi:forcepush","floor":6,"key":"SMITH"}],"circlet_count":0,"master_deck":["Strike_P","Strike_P","Strike_P","Defend_P","Defend_P","Defend_P","Defend_P","Eruption","Vigilance","Prostrate","jedi:forcepush+1","Evaluate","Worship"],"relics":["PureWater"],"acts_visited":["Exordium"],"potions_floor_usage":[7],"damage_taken":[{"damage":2,"enemies":"Small Slimes","floor":1,"turns":3},{"damage":2,"enemies":"conspire:RoseBush","floor":3,"turns":5},{"damage":1,"enemies":"2 Louse","floor":4,"turns":2},{"damage":7,"enemies":"Blue Slaver","floor":5,"turns":6},{"damage":94,"enemies":"Gremlin Nob","floor":7,"turns":5}],"seed_played":"5855908036179199326","potions_obtained":[{"floor":3,"key":"FearPotion"}],"is_trial":false,"path_per_floor":["M","?","M","M","M","R","E"],"character_chosen":"WATCHER","items_purchased":[],"campfire_rested":0,"item_purchase_floors":[],"current_hp_per_floor":[70,70,68,67,60,60,0,0],"gold":160,"neow_bonus":"RANDOM_EVENT","is_daily":false,"chose_seed":false,"campfire_upgraded":1,"win_rate":0.0,"timestamp":1609256375,"path_taken":["M","?","M","M","M","R","E"],"items_purchased_type":[],"build_version":"2020-12-22","purchased_purges":0,"victory":false,"max_hp_per_floor":[72,72,72,72,72,72,72,72],"card_choices":[{"not_picked":["Replay:ManipulateFuture","PathToVictory"],"picked":"Prostrate","floor":1},{"not_picked":["Dark Shackles","Violence"],"picked":"jedi:forcepush","floor":2},{"not_picked":["Replay:ManipulateFuture","EmptyFist"],"picked":"Evaluate","floor":3},{"not_picked":["Nirvana","Replay:BluntJabs"],"picked":"Worship","floor":4},{"not_picked":["SashWhip","PathToVictory","Replay:AtTheReady"],"picked":"SKIP","floor":5}],"player_experience":212731,"relics_obtained":[],"event_choices":[{"cards_removed":["Strike_P"],"damage_healed":0,"gold_gain":0,"player_choice":"Forget","damage_taken":0,"max_hp_gain":0,"max_hp_loss":0,"event_name":"Living Wall","floor":0,"gold_loss":0},{"damage_healed":0,"gold_gain":1,"player_choice":"1","damage_taken":0,"max_hp_gain":0,"max_hp_loss":0,"event_name":"betterStone:BetterStone","floor":2,"gold_loss":0}],"is_beta":false,"boss_relics":[],"items_purged_floors":[],"is_endless":false,"potions_floor_spawned":[3],"killed_by":"Gremlin Nob","ascension_level":3}}