{"host":"l84l8xigz5v5foa2","time":1609230812,"event":{"mods":["2.2 Compatiblity","AchievementEnabler","BaseMod","Better Note","Better Vampires","Card Filter","Colored Map","DeckTracker","Downfall","Gremlin Skip","Highlight Path","Keyboard Shortcuts","Minty Spire (QoL Compilation)","Permanent Neow","Quick Restart","Relic Filter","Relic Stats","StSLib","SuperFastMode","Transform Curses","Unknown Chances"],"gold_per_floor":[99,109,123,142,142,142,142,142,142,172,182,202,202,61,74,148,148,148,165,179,179,179,179,224,251,263,148,165,178,190,190,204,281,281,281,293,303,303,352,365,391,416,191,221,119,119,131,141,160,160,160,189,108,108,108],"floor_reached":56,"playtime":7302,"items_purged":["champ:Strike","champ:Strike","champ:Defend"],"score":2046,"play_id":"742edf09-0557-43ad-a66b-afae9f64a9b9","local_time":"20201229173332","is_ascension_mode":true,"campfire_choices":[{"data":"champ:Taunt","floor":1.0,"key":"SMITH"},{"data":"champ:CrownThrow","floor":6.0,"key":"SMITH"},{"data":"champ:ViciousMockery","floor":9.0,"key":"SMITH"},{"floor":13.0,"key":"RECALL"},{"data":"champ:HoldFirm","floor":18.0,"key":"SMITH"},{"data":"champ:EnchantShield","floor":23.0,"key":"SMITH"},{"data":"champ:Lariat","floor":35.0,"key":"SMITH"},{"data":"champ:Defend","floor":43.0,"key":"PURGE"},{"data":"champ:IronFortress","floor":54.0,"key":"SMITH"}],"circlet_count":0,"master_deck":["AscendersBane","champ:Taunt+1","champ:CrownThrow+1","champ:ViciousMockery+1","champ:EnchantShield+1","champ:FlashCut","champ:BringItOn","champ:HoldFirm+1","champ:CrookedStrike+1","champ:Duel+1","champ:Lariat+1","champ:BerserkerStyle","champ:BerserkersShout+1","champ:SwordSigil+1","champ:DancingMaster+1","champ:GladiatorStyle","champ:Balance+1","champ:DancingMaster+1","champ:Aggression+1","champ:IronFortress+1"],"relics":["champ:ChampionCrown","Ornamental Fan","Nunchaku","sneckomod:SneckoTalon","Nilry\u0027s Codex","Letter Opener","Tiny Chest","Astrolabe","Peace Pipe","Pen Nib","Oddly Smooth Stone","downfall:HeartBlessingRed","downfall:HeartBlessingGreen","downfall:HeartBlessingBlue","White Beast Statue","DollysMirror","Lantern","Strawberry","InkBottle"],"acts_visited":["Exordium","TheCity","TheBeyond","TheEnding"],"potions_floor_usage":[55],"damage_taken":[{"damage":5.0,"enemies":"Small Slimes","floor":2.0,"turns":3.0},{"damage":13.0,"enemies":"Jaw Worm","floor":3.0,"turns":4.0},{"damage":0.0,"enemies":"2 Louse","floor":4.0,"turns":4.0},{"damage":32.0,"enemies":"Lagavulin","floor":10.0,"turns":9.0},{"damage":10.0,"enemies":"Blue Slaver","floor":11.0,"turns":5.0},{"damage":5.0,"enemies":"3 Louse","floor":12.0,"turns":6.0},{"damage":15.0,"enemies":"downfall:FleeingMerchant","floor":14.0,"turns":4.0},{"damage":11.0,"enemies":"Exordium Thugs","floor":15.0,"turns":5.0},{"damage":38.0,"enemies":"downfall:Silent","floor":16.0,"turns":13.0},{"damage":0.0,"enemies":"Shell Parasite","floor":19.0,"turns":9.0},{"damage":5.0,"enemies":"Spheric Guardian","floor":20.0,"turns":4.0},{"damage":15.0,"enemies":"Gremlin Leader","floor":25.0,"turns":8.0},{"damage":10.0,"enemies":"Snecko","floor":26.0,"turns":4.0},{"damage":20.0,"enemies":"downfall:FleeingMerchant","floor":27.0,"turns":4.0},{"damage":12.0,"enemies":"Sentry and Sphere","floor":28.0,"turns":8.0},{"damage":8.0,"enemies":"Snake Plant","floor":29.0,"turns":6.0},{"damage":11.0,"enemies":"Centurion and Healer","floor":30.0,"turns":7.0},{"damage":18.0,"enemies":"Snecko","floor":32.0,"turns":5.0},{"damage":8.0,"enemies":"downfall:Watcher","floor":33.0,"turns":26.0},{"damage":26.0,"enemies":"3 Darklings","floor":36.0,"turns":7.0},{"damage":42.0,"enemies":"Orb Walker","floor":37.0,"turns":4.0},{"damage":23.0,"enemies":"2 Orb Walkers","floor":39.0,"turns":7.0},{"damage":55.0,"enemies":"4 Shapes","floor":40.0,"turns":5.0},{"damage":34.0,"enemies":"Reptomancer","floor":42.0,"turns":8.0},{"damage":3.0,"enemies":"Giant Head","floor":44.0,"turns":9.0},{"damage":27.0,"enemies":"downfall:FleeingMerchant","floor":45.0,"turns":4.0},{"damage":9.0,"enemies":"3 Darklings","floor":47.0,"turns":3.0},{"damage":45.0,"enemies":"Writhing Mass","floor":48.0,"turns":5.0},{"damage":73.0,"enemies":"Transient","floor":49.0,"turns":5.0},{"damage":30.0,"enemies":"downfall:Ironclad","floor":50.0,"turns":6.0},{"damage":71.0,"enemies":"downfall:CharBossMerchant","floor":52.0,"turns":7.0},{"damage":223,"enemies":"downfall:NeowBoss","floor":55,"turns":25}],"seed_played":"-6794956224849283572","potions_obtained":[{"floor":2.0,"key":"SneckoOil"},{"floor":11.0,"key":"Regen Potion"},{"floor":12.0,"key":"LiquidMemories"},{"floor":19.0,"key":"champ:OpenerPotion"},{"floor":26.0,"key":"ColorlessPotion"},{"floor":28.0,"key":"SteroidPotion"},{"floor":40.0,"key":"SteroidPotion"},{"floor":42.0,"key":"Ancient Potion"},{"floor":48.0,"key":"champ:UltimateStancePotion"},{"floor":49.0,"key":"Weak Potion"}],"is_trial":false,"path_per_floor":["R","M","M","M","?","R","T","?","R","E","M","M","R","$","M","B",null,"R","M","M","?","?","R","T","E","M","$","M","M","M","?","M","B",null,"R","M","M","?","?","M","T","E","R","E","$","T","M","M","M","B",null,"E","$","R","B",null],"character_chosen":"THE_CHAMP","items_purchased":["champ:FlashCut","DollysMirror","Lantern","champ:IronFortress"],"campfire_rested":0,"item_purchase_floors":[14,45,45,53],"current_hp_per_floor":[57,57,49,49,49,49,49,49,49,37,37,47,47,47,46,33,76,76,76,76,60,60,60,60,60,60,60,55,52,52,52,52,49,80,80,80,80,80,72,49,49,18,28,28,28,35,35,35,35,35,89,89,89,89,81],"gold":108,"neow_bonus":"TRANSFORM_TWO_CARDS","is_daily":false,"chose_seed":false,"campfire_upgraded":7,"win_rate":0.0,"timestamp":1609230812,"path_taken":["R","M","M","M","?","R","T","?","R","E","M","M","R","$","M","BOSS","R","M","M","?","?","R","T","E","M","$","M","M","M","?","M","BOSS","R","M","M","?","?","M","T","E","R","E","$","?","?","M","M","BOSS","E","$","R","BOSS"],"items_purchased_type":["Card","Relic","Relic","Card"],"build_version":"2020-12-22","purchased_purges":3,"victory":true,"max_hp_per_floor":[90,90,90,90,90,90,90,90,90,90,90,90,90,90,90,90,90,90,90,90,90,90,90,90,90,90,90,90,90,90,90,90,90,90,90,90,90,90,90,90,90,90,100,100,100,107,107,107,107,107,107,107,107,107,107],"relic_stats":{"Peace Pipe":1,"Nunchaku":[41],"counters":[32,229],"Ornamental Fan":[288],"Astrolabe":["champ:BerserkersShout","champ:SwordSigil","champ:DancingMaster"],"Tiny Chest":1,"Pen Nib":[18],"Letter Opener":[532],"obtain_stats":[{"Lantern":45,"downfall:HeartBlessingRed":43,"Nilry\u0027s Codex":21,"Astrolabe":34,"Oddly Smooth Stone":42,"champ:ChampionCrown":0,"downfall:HeartBlessingGreen":43,"Pen Nib":41,"Letter Opener":22,"sneckomod:SneckoTalon":17,"White Beast Statue":44,"Peace Pipe":39,"Nunchaku":10,"Ornamental Fan":7,"downfall:HeartBlessingBlue":43,"DollysMirror":45,"Strawberry":46,"Tiny Chest":25,"InkBottle":52},{"Lantern":26,"downfall:HeartBlessingRed":24,"Nilry\u0027s Codex":11,"Astrolabe":19,"Oddly Smooth Stone":24,"champ:ChampionCrown":0,"downfall:HeartBlessingGreen":24,"Pen Nib":23,"Letter Opener":11,"sneckomod:SneckoTalon":9,"White Beast Statue":25,"Peace Pipe":22,"Nunchaku":4,"Ornamental Fan":3,"downfall:HeartBlessingBlue":24,"DollysMirror":26,"Strawberry":26,"Tiny Chest":12,"InkBottle":31},{"Lantern":178,"downfall:HeartBlessingRed":165,"Nilry\u0027s Codex":66,"Astrolabe":134,"Oddly Smooth Stone":165,"champ:ChampionCrown":0,"downfall:HeartBlessingGreen":165,"Pen Nib":157,"Letter Opener":66,"sneckomod:SneckoTalon":53,"White Beast Statue":174,"Peace Pipe":152,"Nunchaku":20,"Ornamental Fan":11,"downfall:HeartBlessingBlue":165,"DollysMirror":178,"Strawberry":178,"Tiny Chest":74,"InkBottle":204}],"InkBottle":[18]},"card_choices":[{"not_picked":["champ:TornadoPunch","champ:BladeFlurry","champ:DeathBlow"],"picked":"SKIP","floor":2.0},{"not_picked":["champ:Balance","champ:Haymaker","champ:GladiatorsShout"],"picked":"SKIP","floor":3.0},{"not_picked":["champ:ViciousMockery","champ:Backstep","champ:FightOn"],"picked":"SKIP","floor":4.0},{"not_picked":["champ:CalledShot","champ:TornadoPunch","champ:RapidStrikes"],"picked":"SKIP","floor":10.0},{"not_picked":["champ:EnGarde","champ:FanOfKnives","champ:Haymaker"],"picked":"SKIP","floor":11.0},{"not_picked":["champ:PerfectedStrike","champ:IronFortress","champ:HeartStrike"],"picked":"SKIP","floor":12.0},{"not_picked":["champ:AdrenalArmor","champ:ShieldThrow"],"picked":"champ:EnchantShield","floor":14.0},{"not_picked":["champ:RisingSlash","champ:ArenaPreparation"],"picked":"champ:BringItOn","floor":15.0},{"not_picked":["champ:Improvising","champ:ShieldSlam"],"picked":"champ:HoldFirm","floor":16.0},{"not_picked":["champ:GutPunch","champ:FocusedBerserking"],"picked":"champ:CrookedStrike+1","floor":19.0},{"not_picked":["champ:TornadoPunch","champ:BladeFlurry"],"picked":"champ:Duel+1","floor":20.0},{"not_picked":["champ:CrownThrow","champ:PreciseThrust","champ:GutPunch"],"picked":"SKIP","floor":25.0},{"not_picked":["champ:EndlessRage","champ:GutPunch","champ:FightOn"],"picked":"SKIP","floor":26.0},{"not_picked":["champ:Riposte","champ:ArenaPreparation","champ:Backstep"],"picked":"SKIP","floor":27.0},{"not_picked":["champ:FlashCut","champ:Encircle"],"picked":"champ:Lariat","floor":28.0},{"not_picked":["champ:RecklessLeap","champ:StanceDance","champ:Lariat"],"picked":"SKIP","floor":29.0},{"not_picked":["champ:CrookedStrike","champ:EnragedBash","champ:DefensiveShout"],"picked":"SKIP","floor":30.0},{"not_picked":["champ:IronFortress","champ:BerserkerStyle","champ:FlashCut"],"picked":"SKIP","floor":32.0},{"not_picked":["champ:ShieldSigil","champ:StanceDance","champ:CrookedStrike"],"picked":"SKIP","floor":36.0},{"not_picked":["champ:SkillfulDodge+1","champ:ArenaPreparation"],"picked":"champ:GladiatorStyle","floor":37.0},{"not_picked":["champ:ViciousMockery","champ:CrookedStrike+1","champ:Haymaker"],"picked":"SKIP","floor":40.0},{"not_picked":["champ:BringItOn","champ:RageSigil"],"picked":"champ:Balance+1","floor":42.0},{"not_picked":["champ:Shatter","champ:ShieldSigil+1","champ:BerserkersShout+1"],"picked":"SKIP","floor":44.0},{"not_picked":["champ:ShieldSigil","champ:Circumvent","champ:CheapShot"],"picked":"SKIP","floor":47.0},{"not_picked":["champ:Shatter","champ:GutPunch","champ:BladeFlurry"],"picked":"SKIP","floor":48.0},{"not_picked":["champ:GladiatorsShout","champ:TornadoPunch","champ:FanOfKnives"],"picked":"SKIP","floor":49.0},{"not_picked":["champ:GladiatorsShout","champ:TornadoPunch"],"picked":"champ:Aggression+1","floor":52.0}],"player_experience":2778752,"relics_obtained":[{"floor":7.0,"key":"Ornamental Fan"},{"floor":10.0,"key":"Nunchaku"},{"floor":21.0,"key":"Nilry\u0027s Codex"},{"floor":25.0,"key":"Tiny Chest"},{"floor":39.0,"key":"Peace Pipe"},{"floor":41.0,"key":"Pen Nib"},{"floor":42.0,"key":"Oddly Smooth Stone"},{"floor":44.0,"key":"White Beast Statue"},{"floor":46.0,"key":"Strawberry"},{"floor":52.0,"key":"InkBottle"}],"event_choices":[{"damage_healed":0.0,"max_hp_gain":0.0,"max_hp_loss":0.0,"gold_gain":0.0,"event_name":"The Library","player_choice":"Read","floor":31.0,"gold_loss":0.0,"damage_taken":0.0,"cards_obtained":["champ:BerserkerStyle"]},{"damage_healed":0.0,"max_hp_gain":0.0,"max_hp_loss":0.0,"gold_gain":0.0,"event_name":"Mysterious Sphere","player_choice":"Fight","floor":39.0,"gold_loss":0.0,"damage_taken":0.0}],"is_beta":false,"boss_relics":[{"not_picked":["expansioncontent:StudyCardRelic","Sozu"],"picked":"sneckomod:SneckoTalon"},{"not_picked":["Empty Cage","champ:PowerArmor"],"picked":"Astrolabe"}],"items_purged_floors":[14,27,45],"is_endless":false,"potions_floor_spawned":[2,11,12,19,26,28,30,32,40,42,44,45,48,49,52],"ascension_level":13}}