{"host":"svab9sudlrudptws","time":1609269190,"event":{"mods":["BaseMod","Colored Powertips","Minty Spire (QoL Compilation)","Robot Space Explorer","Shade Mod","StSLib","The Blackbeard","The Marked","The Mystic","The Necromancer","The Poker Player","The Servant 0.9.4","TheFirefly"],"gold_per_floor":[118,137,137,137,137,137,169,169,169,195,206,219,229,255,255,329,329,348,362,362,42,42,70,70,70,96,96,96,96],"floor_reached":28,"playtime":2224,"items_purged":["Strike_W"],"score":488,"play_id":"b0093351-77d1-4cb7-946d-2f463ec7083b","local_time":"20201229211310","is_ascension_mode":true,"campfire_choices":[{"data":"Summon_Vampire_Lady","floor":6,"key":"SMITH"},{"data":"Summon_Death_Knight","floor":8,"key":"SMITH"},{"data":"Cloudkill","floor":15,"key":"SMITH"},{"data":"Cloudkill","floor":24,"key":"SMITH"},{"data":"Summon_Lich","floor":27,"key":"SMITH"}],"circlet_count":0,"master_deck":["AscendersBane","Strike_W","Strike_W","Strike_W","Defend_W","Defend_W","Defend_W","Defend_W","Negative_Energy_Arrows","Bone_Wall","Summon_Death_Knight+1","Flesh_Made_Foul","Bone_Bullets","Summon_Vampire_Lady+1","Negative_Energy_Arrows","Bone_Prison","Uncharnel","Cloudkill+1","Slay_Living","Uncharnel","Vampiric_Strike","Cloudkill+1","Vampiric_Strike","Summon_Lich+1","Stop_Heart"],"relics":["Vampire_Amulet","Meat on the Bone","Kunai","Ancient Tea Set","Omamori","Philosopher\u0027s Stone","Question Card","Mummified Hand","Ice Cream","Dead Branch","Enchiridion","Bronze Scales"],"acts_visited":["Exordium","TheCity"],"potions_floor_usage":[1,10,23,28],"damage_taken":[{"damage":1,"enemies":"Cultist","floor":1,"turns":5},{"damage":3,"enemies":"Jaw Worm","floor":2,"turns":4},{"damage":15,"enemies":"3 Sentries","floor":7,"turns":9},{"damage":11,"enemies":"Gremlin Nob","floor":10,"turns":5},{"damage":4,"enemies":"2 Louse","floor":11,"turns":3},{"damage":3,"enemies":"Blue Slaver","floor":12,"turns":4},{"damage":20,"enemies":"Exordium Thugs","floor":13,"turns":6},{"damage":10,"enemies":"3 Sentries","floor":14,"turns":8},{"damage":44,"enemies":"The Guardian","floor":16,"turns":9},{"damage":6,"enemies":"Chosen","floor":18,"turns":5},{"damage":26,"enemies":"Spheric Guardian","floor":19,"turns":5},{"damage":33,"enemies":"Gremlin Leader","floor":23,"turns":6},{"damage":60,"enemies":"Book of Stabbing","floor":28,"turns":4}],"seed_played":"-3181989196208426829","potions_obtained":[{"floor":1,"key":"Fruit Juice"},{"floor":7,"key":"PowerPotion"},{"floor":11,"key":"Regen Potion"},{"floor":16,"key":"Fire Potion"},{"floor":18,"key":"DuplicationPotion"},{"floor":23,"key":"Explosive Potion"}],"is_trial":false,"path_per_floor":["M","M","$","?","$","R","E","R","T","E","M","M","M","E","R","B",null,"M","M","T","$","?","E","R","?","T","R","E"],"character_chosen":"NECROMANCER","items_purchased":["Mummified Hand"],"campfire_rested":0,"item_purchase_floors":[21],"current_hp_per_floor":[70,69,69,69,69,69,76,76,76,76,76,76,66,76,76,51,70,74,61,61,61,61,63,63,42,42,42,0,0],"gold":96,"neow_bonus":"ONE_RANDOM_RARE_CARD","is_daily":false,"chose_seed":false,"campfire_upgraded":5,"win_rate":0.0,"timestamp":1609269190,"path_taken":["M","M","$","?","$","R","E","R","T","E","M","M","M","E","R","BOSS","M","M","?","$","?","E","R","?","T","R","E"],"items_purchased_type":["Relic"],"build_version":"2020-12-22","purchased_purges":1,"victory":false,"max_hp_per_floor":[76,76,76,76,76,76,76,76,76,76,76,76,76,76,76,76,76,76,76,76,76,76,76,76,76,76,76,76,76],"card_choices":[{"not_picked":["Bone_Spikes","Death_Coil"],"picked":"Flesh_Made_Foul","floor":1},{"not_picked":["Bone_Armor","Life_Tap"],"picked":"Bone_Bullets","floor":2},{"not_picked":["Toxic_Smoke_Screen","Vampiric_Strike"],"picked":"Bone_Prison","floor":7},{"not_picked":["Bone_Armor","Slay_Living"],"picked":"Uncharnel","floor":10},{"not_picked":["Bone_Shift","Finger_Of_Death"],"picked":"Cloudkill","floor":11},{"not_picked":["Scare","Whirlwind_of_Bones"],"picked":"Slay_Living","floor":12},{"not_picked":["Bone_Prison","Scare"],"picked":"Uncharnel","floor":13},{"not_picked":["Plague_Bolt","Negative_Energy_Sphere"],"picked":"Vampiric_Strike","floor":14},{"not_picked":["Requiem","Blood_Magic"],"picked":"Cloudkill","floor":16},{"not_picked":["Negative_Energy_Burst","Death_Coil"],"picked":"Vampiric_Strike","floor":18},{"not_picked":["Summon_Undead_Army","Death_Knell"],"picked":"Summon_Lich","floor":19},{"not_picked":["Chill_Blood","Flesh_Made_Foul","Blood_Curse"],"picked":"Stop_Heart","floor":23}],"player_experience":1685316,"relics_obtained":[{"floor":7,"key":"Meat on the Bone"},{"floor":9,"key":"Kunai"},{"floor":10,"key":"Ancient Tea Set"},{"floor":14,"key":"Omamori"},{"floor":20,"key":"Question Card"},{"floor":23,"key":"Dead Branch"},{"floor":25,"key":"Enchiridion"},{"floor":26,"key":"Bronze Scales"}],"event_choices":[{"damage_healed":0,"gold_gain":0,"player_choice":"2 cards matched","damage_taken":0,"max_hp_gain":0,"max_hp_loss":0,"event_name":"Match and Keep!","floor":4,"gold_loss":0,"cards_obtained":["Summon_Vampire_Lady","Negative_Energy_Arrows"]},{"damage_healed":0,"gold_gain":0,"player_choice":"Stole Relic","damage_taken":0,"relics_obtained":["Ice Cream"],"max_hp_gain":0,"max_hp_loss":0,"event_name":"Addict","floor":22,"gold_loss":0,"cards_obtained":["Shame"]},{"damage_healed":0,"gold_gain":0,"player_choice":"Obtained Book","damage_taken":21,"max_hp_gain":0,"max_hp_loss":0,"event_name":"Cursed Tome","floor":25,"gold_loss":0}],"is_beta":false,"boss_relics":[{"not_picked":["Velvet Choker","Coffee Dripper"],"picked":"Philosopher\u0027s Stone"}],"items_purged_floors":[21],"is_endless":false,"potions_floor_spawned":[1,7,11,16,18,23],"killed_by":"Book of Stabbing","ascension_level":15}}