{"host":"3t6uby4o5waaq95r","time":1609219706,"event":{"mods":["AchievementEnabler","BaseMod","Bestiary","Colored Map","Highlight Path","Minty Spire (QoL Compilation)","Permanent Neow","Quick Restart","Random Character Button","SuperFastMode"],"gold_per_floor":[116,127,127,144,144,144,154,329,377,394,413,267,279,297,297,297,297],"floor_reached":16,"playtime":333,"items_purged":["Doubt"],"score":96,"play_id":"33b8e360-2230-4a4c-9e37-f06cb7ceb509","local_time":"20201228232826","is_ascension_mode":false,"campfire_choices":[{"data":"Multi-Cast","floor":6,"key":"SMITH"},{"floor":15,"key":"REST"}],"circlet_count":0,"master_deck":["Strike_B","Strike_B","Strike_B","Defend_B","Defend_B","Defend_B","Defend_B","Zap","Dualcast","Multi-Cast+1","Go for the Eyes","Doom and Gloom","Rip and Tear","Sweeping Beam","Doom and Gloom","Ball Lightning","Biased Cognition","Sweeping Beam","Sunder"],"relics":["Cracked Core","CultistMask","Centennial Puzzle"],"acts_visited":["Exordium"],"potions_floor_usage":[],"damage_taken":[{"damage":0,"enemies":"2 Louse","floor":1,"turns":1},{"damage":1,"enemies":"Cultist","floor":2,"turns":3},{"damage":3,"enemies":"Jaw Worm","floor":4,"turns":2},{"damage":14,"enemies":"Exordium Thugs","floor":7,"turns":3},{"damage":5,"enemies":"Exordium Wildlife","floor":10,"turns":2},{"damage":5,"enemies":"3 Louse","floor":11,"turns":2},{"damage":6,"enemies":"2 Fungi Beasts","floor":13,"turns":2},{"damage":5,"enemies":"Gremlin Gang","floor":14,"turns":2},{"damage":55,"enemies":"The Guardian","floor":16,"turns":8}],"seed_played":"-5605755868189518127","potions_obtained":[{"floor":1,"key":"Ancient Potion"},{"floor":2,"key":"SmokeBomb"},{"floor":11,"key":"DistilledChaos"}],"is_trial":false,"path_per_floor":["M","M","?","M","?","R","M","?","T","M","M","$","M","M","R","B"],"character_chosen":"DEFECT","items_purchased":["Biased Cognition"],"campfire_rested":1,"item_purchase_floors":[12],"current_hp_per_floor":[75,74,74,71,64,64,50,50,50,45,40,40,34,29,51,0,0],"gold":297,"neow_bonus":"ONE_RANDOM_RARE_CARD","is_daily":false,"chose_seed":false,"campfire_upgraded":1,"win_rate":0.0,"timestamp":1609219706,"path_taken":["M","M","?","?","?","R","M","?","T","M","M","$","M","M","R","BOSS"],"items_purchased_type":["Card"],"build_version":"2020-12-22","purchased_purges":1,"victory":false,"max_hp_per_floor":[75,75,75,75,75,75,75,75,75,75,75,75,75,75,75,75,75],"card_choices":[{"not_picked":["Loop","Coolheaded"],"picked":"Go for the Eyes","floor":1},{"not_picked":["Undo","Conserve Battery"],"picked":"Doom and Gloom","floor":2},{"not_picked":["Cold Snap","Hologram"],"picked":"Rip and Tear","floor":4},{"not_picked":["Conserve Battery","Compile Driver"],"picked":"Sweeping Beam","floor":7},{"not_picked":["Compile Driver","Thunder Strike"],"picked":"Doom and Gloom","floor":10},{"not_picked":["Turbo","Gash"],"picked":"Ball Lightning","floor":11},{"not_picked":["Coolheaded","Streamline"],"picked":"Sweeping Beam","floor":13},{"not_picked":["Glacier","Beam Cell"],"picked":"Sunder","floor":14}],"player_experience":805248,"relics_obtained":[{"floor":9,"key":"Centennial Puzzle"}],"event_choices":[{"damage_healed":0,"gold_gain":0,"player_choice":"Trade","damage_taken":0,"relics_obtained":["CultistMask"],"max_hp_gain":0,"max_hp_loss":0,"event_name":"FaceTrader","floor":3,"gold_loss":0},{"cards_removed":["Strike_B"],"damage_healed":0,"gold_gain":0,"player_choice":"Card Removal","damage_taken":7,"max_hp_gain":0,"max_hp_loss":0,"event_name":"Golden Wing","floor":5,"gold_loss":0},{"damage_healed":0,"gold_gain":175,"player_choice":"AGREE","damage_taken":0,"max_hp_gain":0,"max_hp_loss":0,"event_name":"Liars Game","floor":8,"gold_loss":0,"cards_obtained":["Doubt"]}],"is_beta":false,"boss_relics":[],"items_purged_floors":[12],"is_endless":false,"potions_floor_spawned":[1,2,11,14],"killed_by":"The Guardian","ascension_level":0}}