{"host":"m1168lp3vv5pgdep","time":1609262524,"event":{"mods":["Act Like it!","Aspiration","BaseMod","Better Altar","Better Match","Better Sensory Stone","Better Skull","Better Third Choice","Block Reminder","CCEM","Curses Come First","Elementarium","Gensokyo","GungeonMod","Hallownest","Hermit","Hubris","Menagerie","Minty Spire (QoL Compilation)","Pale of the Ancients","Permanent Neow","Quick Restart","Small Relic Pack","Spicy Shops","StSLib","The Bug Knight","The Forsaken","Wandering Minibosses","WarShipGirlsR/????R mod"],"gold_per_floor":[119,119,235,349,349,376,376,376,376],"floor_reached":8,"playtime":709,"items_purged":[],"score":54,"play_id":"c4b8080c-6ca0-47a4-a42a-f3c0e3428a9e","local_time":"20201229172204","is_ascension_mode":false,"campfire_choices":[{"floor":7,"key":"REST"}],"circlet_count":0,"master_deck":["theForsaken:TheForsaken_Strike","theForsaken:TheForsaken_Strike","theForsaken:TheForsaken_Strike+1","theForsaken:TheForsaken_Strike","theForsaken:TheForsaken_Defend","theForsaken:TheForsaken_Defend","theForsaken:TheForsaken_Defend","theForsaken:TheForsaken_Defend","theForsaken:Smite","theForsaken:Penitence","theForsaken:HymnOfPatience","theForsaken:FuryStrikes"],"relics":["theForsaken:JudgementScales","Orichalcum","hubris:Icosahedron","Bronze Scales","Strawberry","hubris:Zylophone"],"acts_visited":["Gensokyo:Gensokyo"],"potions_floor_usage":[],"damage_taken":[{"damage":5.0,"enemies":"Gensokyo:Python","floor":1.0,"turns":4.0},{"damage":3.0,"enemies":"Gensokyo:Gryphon","floor":4.0,"turns":3.0},{"damage":21.0,"enemies":"Gensokyo:Mamizou","floor":6.0,"turns":11.0},{"damage":54,"enemies":"Gensokyo:Aya","floor":8,"turns":6}],"seed_played":"5597312826272470988","potions_obtained":[],"is_trial":false,"path_per_floor":["M","?","?","M","T","E","R","E"],"character_chosen":"THE_FORSAKEN","items_purchased":[],"campfire_rested":1,"item_purchase_floors":[],"current_hp_per_floor":[63,63,35,35,42,26,47,0,0],"gold":376,"neow_bonus":"RANDOM_COMMON_RELIC","is_daily":false,"chose_seed":false,"campfire_upgraded":0,"win_rate":0.0,"timestamp":1609262524,"path_taken":["M","?","?","?","?","E","R","E"],"items_purchased_type":[],"build_version":"2020-12-22","purchased_purges":0,"victory":false,"max_hp_per_floor":[65,65,65,65,72,72,72,72,72],"card_choices":[{"not_picked":["theForsaken:ScorchingSunlight","theForsaken:ShieldCharge","theForsaken:Tranquility"],"picked":"SKIP","floor":1.0},{"not_picked":["theForsaken:Eulogy","theForsaken:StoreUp"],"picked":"theForsaken:HymnOfPatience","floor":4.0},{"not_picked":["theForsaken:WordsOfPestilence","theForsaken:StoreUp"],"picked":"theForsaken:FuryStrikes","floor":6}],"player_experience":221220,"relics_obtained":[{"floor":5.0,"key":"Strawberry"},{"floor":6,"key":"hubris:Zylophone"}],"event_choices":[{"damage_healed":0.0,"max_hp_gain":0.0,"max_hp_loss":0.0,"gold_gain":116.0,"event_name":"betterSkull:BetterSkull","player_choice":"UP RE GO ","floor":3.0,"gold_loss":0.0,"damage_taken":33.0,"cards_upgraded":["theForsaken:TheForsaken_Strike"],"relics_obtained":["Bronze Scales"]}],"is_beta":false,"boss_relics":[],"items_purged_floors":[],"is_endless":false,"potions_floor_spawned":[],"killed_by":"Gensokyo:Aya","ascension_level":0}}