{"host":"rqd50iigewdjy74u","time":1609263134,"event":{"mods":["AchievementEnabler","BaseMod","BetterRewards","Custom Start","Minty Spire (QoL Compilation)","StSLib"],"gold_per_floor":[113,132,151,161,179,206,206,226,250,250,267,284,30,55,55,55,55],"floor_reached":16,"playtime":1784,"items_purged":[],"score":114,"play_id":"a74985be-f96a-421a-8e19-995f92390f0f","local_time":"20201229113214","is_ascension_mode":false,"campfire_choices":[{"floor":10,"key":"REST"},{"floor":15,"key":"REST"}],"circlet_count":0,"master_deck":["Strike_G","Strike_G","Strike_G","Strike_G","Strike_G","Defend_G","Defend_G","Defend_G","Defend_G","Defend_G","Survivor","Neutralize","Glass Knife","Deadly Poison","Quick Slash","Deadly Poison","Corpse Explosion","Riddle With Holes","Eviscerate","Tactician","Concentrate","Prepared","Skewer","Slice"],"relics":["Ring of the Snake","Bag of Preparation","Odd Mushroom","Centennial Puzzle","Meat on the Bone","Dream Catcher"],"acts_visited":["Exordium"],"potions_floor_usage":[6,14,16,16],"damage_taken":[{"damage":4,"enemies":"Cultist","floor":1,"turns":4},{"damage":11,"enemies":"Jaw Worm","floor":2,"turns":5},{"damage":3,"enemies":"2 Louse","floor":3,"turns":2},{"damage":1,"enemies":"Exordium Thugs","floor":4,"turns":4},{"damage":17,"enemies":"Looter","floor":5,"turns":4},{"damage":17,"enemies":"Gremlin Nob","floor":6,"turns":4},{"damage":12,"enemies":"The Mushroom Lair","floor":8,"turns":2},{"damage":1,"enemies":"Exordium Wildlife","floor":11,"turns":3},{"damage":8,"enemies":"Gremlin Gang","floor":12,"turns":2},{"damage":28,"enemies":"Lagavulin","floor":14,"turns":4},{"damage":48,"enemies":"Slime Boss","floor":16,"turns":10}],"seed_played":"-7500691912432299367","potions_obtained":[{"floor":4,"key":"GamblersBrew"},{"floor":5,"key":"CunningPotion"},{"floor":6,"key":"Poison Potion"},{"floor":8,"key":"Energy Potion"},{"floor":14,"key":"Explosive Potion"}],"is_trial":false,"path_per_floor":["M","M","M","M","M","E","?","?","T","R","M","M","$","E","R","B"],"character_chosen":"THE_SILENT","items_purchased":["Meat on the Bone"],"campfire_rested":2,"item_purchase_floors":[13],"current_hp_per_floor":[66,55,52,51,34,17,40,28,28,49,48,40,40,24,45,0,0],"gold":55,"neow_bonus":"ONE_RANDOM_RARE_CARD","is_daily":false,"chose_seed":false,"campfire_upgraded":0,"win_rate":0.0,"timestamp":1609263134,"path_taken":["M","?","M","M","M","E","?","?","T","R","?","M","$","E","R","BOSS"],"items_purchased_type":["Relic"],"build_version":"2020-12-22","purchased_purges":0,"victory":false,"max_hp_per_floor":[70,70,70,70,70,70,70,70,70,70,70,70,70,70,70,70,70],"card_choices":[{"not_picked":["Sucker Punch","Backflip"],"picked":"Deadly Poison","floor":1},{"not_picked":["Acrobatics","All Out Attack"],"picked":"Quick Slash","floor":2},{"not_picked":["Underhanded Strike","Slice"],"picked":"Deadly Poison","floor":3},{"not_picked":["Infinite Blades","Poisoned Stab"],"picked":"Corpse Explosion","floor":4},{"not_picked":["Outmaneuver","Sucker Punch"],"picked":"Riddle With Holes","floor":5},{"not_picked":["Accuracy","Masterful Stab"],"picked":"Eviscerate","floor":6},{"not_picked":["Underhanded Strike","Flechettes"],"picked":"Tactician","floor":8},{"not_picked":["Predator","Setup"],"picked":"Concentrate","floor":11},{"not_picked":["Reflex","Quick Slash"],"picked":"Prepared","floor":12},{"not_picked":["Expertise","Tactician"],"picked":"Skewer","floor":14},{"not_picked":["Flechettes","Well Laid Plans"],"picked":"Slice","floor":15}],"player_experience":127687,"relics_obtained":[{"floor":6,"key":"Bag of Preparation"},{"floor":8,"key":"Odd Mushroom"},{"floor":9,"key":"Centennial Puzzle"},{"floor":14,"key":"Dream Catcher"}],"event_choices":[{"damage_healed":23,"gold_gain":0,"player_choice":"Banana","damage_taken":0,"max_hp_gain":0,"max_hp_loss":0,"event_name":"Big Fish","floor":7,"gold_loss":0},{"damage_healed":0,"gold_gain":0,"player_choice":"Fought Mushrooms","damage_taken":0,"max_hp_gain":0,"max_hp_loss":0,"event_name":"Mushrooms","floor":8,"gold_loss":0}],"is_beta":false,"boss_relics":[],"items_purged_floors":[],"is_endless":false,"potions_floor_spawned":[4,5,6,8,14],"killed_by":"Slime Boss","ascension_level":0}}