{"host":"iy58fyt9wsbv4cf1","time":1609217975,"event":{"mods":["BaseMod","Better Altar","Better Match","Better Skull","Better Third Choice","BetterRewards","Conspire","Custom Start","Defuse TimeMaze Blight","Hubris","Infinite Spire","Minty Spire (QoL Compilation)","Permanent Neow","Quick Restart","Spicy Shops","StSLib","Thieving Mod"],"gold_per_floor":[111,61,61,61,81,81,81],"floor_reached":6,"playtime":193,"items_purged":["Amplify","Pride"],"score":34,"play_id":"20d4fbb9-1557-4978-9253-4843c43a827b","local_time":"20201228235935","is_ascension_mode":false,"campfire_choices":[],"circlet_count":0,"master_deck":["Amplify","Strike_B","Strike_B","Strike_B","Defend_B","Defend_B","Defend_B","Defend_B","Zap","Dualcast","Amplify","Defragment","Storm","White Noise","Conserve Battery","hubris:Ukulele","Auto Shields"],"relics":["Cracked Core","DollysMirror","hubris:BottledRain","Lantern"],"acts_visited":["Exordium"],"potions_floor_usage":[],"damage_taken":[{"damage":0.0,"enemies":"Small Slimes","floor":1.0,"turns":3.0},{"damage":6.0,"enemies":"Jaw Worm","floor":5.0,"turns":2.0},{"damage":32,"enemies":"Nightmare","floor":6,"turns":7}],"seed_played":"651907234243034588","potions_obtained":[{"floor":1.0,"key":"Fire Potion"}],"is_trial":false,"path_per_floor":["M","?","?","$","M","NM"],"character_chosen":"DEFECT","items_purchased":["DollysMirror","Defragment","Storm","hubris:BottledRain","White Noise","Conserve Battery"],"campfire_rested":0,"item_purchase_floors":[0,0,0,0,0,0],"current_hp_per_floor":[31,31,31,31,25,0,0],"gold":81,"neow_bonus":"","is_daily":false,"chose_seed":false,"campfire_upgraded":0,"win_rate":0.0,"timestamp":1609217975,"path_taken":["M","?","?","$","M","E"],"items_purchased_type":["Relic","Card","Card","Relic","Card","Card"],"build_version":"2020-12-22","purchased_purges":2,"victory":false,"max_hp_per_floor":[75,75,75,75,75,75,75],"card_choices":[{"not_picked":["Beam Cell","Conserve Battery"],"picked":"hubris:Ukulele","floor":1.0},{"not_picked":["Melter","Hologram"],"picked":"Auto Shields","floor":5.0}],"player_experience":37786,"relics_obtained":[],"event_choices":[{"cards_removed":["Strike_B"],"damage_healed":0.0,"max_hp_gain":0.0,"max_hp_loss":0.0,"gold_gain":0.0,"event_name":"The Cleric","player_choice":"Card Removal","floor":2.0,"gold_loss":50.0,"damage_taken":0.0},{"damage_healed":0.0,"max_hp_gain":0.0,"max_hp_loss":0.0,"gold_gain":0.0,"event_name":"WeMeetAgain","player_choice":"Gave Potion","floor":3.0,"gold_loss":0.0,"damage_taken":0.0,"relics_obtained":["Lantern"]}],"is_beta":false,"boss_relics":[],"items_purged_floors":[0,0],"is_endless":false,"potions_floor_spawned":[1],"killed_by":"Nightmare","ascension_level":0}}