{"host":"ypphcgdomtfqpc2w","time":1609250598,"event":{"mods":["BaseMod","Minty Spire (QoL Compilation)","StSLib"],"gold_per_floor":[361,361,371,3,3,3,14,64,64,64,80,100,128,138,138,211,211,228,67,87,104,123,123,154,174,174,174,174,192,226,226,226],"floor_reached":31,"playtime":2703,"items_purged":[],"score":568,"play_id":"be3ea488-6785-435c-8883-a14ce97ce3ac","local_time":"20201229230318","is_ascension_mode":true,"campfire_choices":[{"data":"Burning Pact","floor":6,"key":"SMITH"},{"floor":10,"key":"REST"},{"floor":15,"key":"REST"},{"floor":23,"key":"REST"},{"data":"Barricade","floor":27,"key":"SMITH"}],"circlet_count":0,"master_deck":["AscendersBane","Bash","Armaments+1","Burning Pact+1","Feel No Pain","Feed","Dual Wield","Flame Barrier","Fire Breathing","Shrug It Off","Exhume","Impervious","Pummel","Body Slam","Demon Form","Brutality","Hemokinesis","Intimidate","Sever Soul","Barricade+1","Juggernaut","Second Wind","Intimidate","Headbutt","Rage+1","Havoc"],"relics":["Burning Blood","PreservedInsect","Dead Branch","Unceasing Top","Pandora\u0027s Box","OrangePellets","Bag of Preparation","Eternal Feather","Red Mask"],"acts_visited":["Exordium","TheCity"],"potions_floor_usage":[12,16,20,22,24,24,30,30],"damage_taken":[{"damage":16,"enemies":"Jaw Worm","floor":1,"turns":5},{"damage":6,"enemies":"Small Slimes","floor":3,"turns":5},{"damage":22,"enemies":"Cultist","floor":7,"turns":7},{"damage":6,"enemies":"Looter","floor":11,"turns":4},{"damage":9,"enemies":"Lots of Slimes","floor":12,"turns":4},{"damage":5,"enemies":"Gremlin Nob","floor":13,"turns":3},{"damage":21,"enemies":"Exordium Wildlife","floor":14,"turns":8},{"damage":23,"enemies":"The Guardian","floor":16,"turns":15},{"damage":24,"enemies":"2 Thieves","floor":18,"turns":4},{"damage":24,"enemies":"Shell Parasite","floor":20,"turns":10},{"damage":21,"enemies":"Centurion and Healer","floor":21,"turns":8},{"damage":3,"enemies":"Chosen and Byrds","floor":22,"turns":5},{"damage":11,"enemies":"Book of Stabbing","floor":24,"turns":7},{"damage":19,"enemies":"3 Cultists","floor":25,"turns":6},{"damage":24,"enemies":"Centurion and Healer","floor":29,"turns":8},{"damage":42,"enemies":"Masked Bandits","floor":30,"turns":8},{"damage":19,"enemies":"Shelled Parasite and Fungi","floor":31,"turns":6}],"seed_played":"-1581730110342264103","potions_obtained":[{"floor":3,"key":"LiquidBronze"},{"floor":7,"key":"SkillPotion"},{"floor":12,"key":"Block Potion"},{"floor":18,"key":"EntropicBrew"},{"floor":21,"key":"DistilledChaos"},{"floor":25,"key":"Ancient Potion"},{"floor":29,"key":"Energy Potion"}],"is_trial":false,"path_per_floor":["M","?","M","$","?","R","M","?","T","R","M","M","E","M","R","B",null,"M","$","M","M","M","R","E","M","T","R","?","M","?","M"],"character_chosen":"IRONCLAD","items_purchased":["Feel No Pain","Feed","PreservedInsect","OrangePellets"],"campfire_rested":3,"item_purchase_floors":[4,4,4,19],"current_hp_per_floor":[58,35,35,35,35,35,23,16,16,39,39,40,41,30,56,39,75,57,57,39,27,33,60,55,48,48,60,60,46,16,0,0],"gold":226,"neow_bonus":"TWO_FIFTY_GOLD","is_daily":false,"chose_seed":false,"campfire_upgraded":2,"win_rate":0.0,"timestamp":1609250598,"path_taken":["M","?","M","$","?","R","?","?","T","R","M","M","E","M","R","BOSS","M","$","?","M","M","R","E","M","T","R","?","M","?","M"],"items_purchased_type":["Card","Card","Relic","Relic"],"build_version":"2020-12-22","purchased_purges":0,"victory":false,"max_hp_per_floor":[75,75,75,75,75,75,79,79,79,79,79,83,83,87,87,87,87,87,87,87,90,93,93,93,99,99,99,99,103,109,112,112],"card_choices":[{"not_picked":["Searing Blow","Clash"],"picked":"Armaments","floor":1},{"not_picked":["Iron Wave","Blood for Blood"],"picked":"Burning Pact","floor":3},{"not_picked":["Cleave","Sentinel"],"picked":"Dual Wield","floor":7},{"not_picked":["Searing Blow","Shockwave"],"picked":"Flame Barrier","floor":11},{"not_picked":["Pummel","Searing Blow"],"picked":"Fire Breathing","floor":12},{"not_picked":["Warcry","Anger"],"picked":"Shrug It Off","floor":13},{"not_picked":["Warcry","Perfected Strike"],"picked":"Exhume","floor":14},{"not_picked":["Double Tap","Brutality"],"picked":"Impervious","floor":16},{"not_picked":["Rage","Headbutt","Combust+1"],"picked":"SKIP","floor":18},{"not_picked":["Shrug It Off","Clash"],"picked":"Second Wind","floor":20},{"not_picked":["Perfected Strike+1","Hemokinesis"],"picked":"Intimidate","floor":21},{"not_picked":["Dropkick","Spot Weakness"],"picked":"Headbutt","floor":22},{"not_picked":["Cleave","Whirlwind","Armaments"],"picked":"SKIP","floor":24},{"not_picked":["Hemokinesis","Perfected Strike+1","Pommel Strike"],"picked":"SKIP","floor":25},{"not_picked":["Pommel Strike","Rampage"],"picked":"Rage+1","floor":29},{"not_picked":["Blood for Blood","Thunderclap"],"picked":"Havoc","floor":30}],"player_experience":1964036,"relics_obtained":[{"floor":9,"key":"Dead Branch"},{"floor":13,"key":"Unceasing Top"},{"floor":24,"key":"Bag of Preparation"},{"floor":26,"key":"Eternal Feather"},{"floor":30,"key":"Red Mask"}],"event_choices":[{"damage_healed":0,"gold_gain":0,"player_choice":"Entered Light","damage_taken":23,"max_hp_gain":0,"max_hp_loss":0,"event_name":"Shining Light","floor":2,"gold_loss":0,"cards_upgraded":["Defend_R","Armaments"]},{"cards_removed":["Injury"],"damage_healed":0,"gold_gain":0,"player_choice":"Purged","damage_taken":0,"max_hp_gain":0,"max_hp_loss":0,"event_name":"Purifier","floor":5,"gold_loss":0},{"damage_healed":0,"gold_gain":50,"player_choice":"Touch","damage_taken":7,"max_hp_gain":0,"max_hp_loss":0,"event_name":"FaceTrader","floor":8,"gold_loss":0},{"damage_healed":0,"gold_gain":0,"player_choice":"Ignored","damage_taken":0,"max_hp_gain":0,"max_hp_loss":0,"event_name":"Vampires","floor":28,"gold_loss":0},{"damage_healed":0,"gold_gain":0,"player_choice":"Fought Bandits","damage_taken":0,"max_hp_gain":0,"max_hp_loss":0,"event_name":"Masked Bandits","floor":30,"gold_loss":0}],"is_beta":false,"boss_relics":[{"not_picked":["Runic Cube","Mark of Pain"],"picked":"Pandora\u0027s Box"}],"items_purged_floors":[],"is_endless":false,"potions_floor_spawned":[3,7,12,13,18,21,25,29],"killed_by":"Shelled Parasite and Fungi","ascension_level":20}}