{"host":"A Jargain","time":1609235000,"event":{"mods":["Act Like it!","Aspiration","BaseMod","Downfall","Halation","Hubris","Infinite Spire","Marisa????????","Minty Spire (QoL Compilation)","Replay The Spire","StSLib","The Servant 0.9.4","Waifu the Spire"],"gold_per_floor":[109,109,126,7,7,7,7,21,47,47,47,81,94,110,110,207,207,232,232,260,260,33,74,74,74,154,174,1,25,25,54,54,171,171,197,197,224,19,47,47,89,89,89,137,226,226,226,126,126,126,126],"floor_reached":50,"playtime":3448,"items_purged":["Parasite"],"score":771,"play_id":"59ef37db-e63b-46eb-941d-ce73cd955da8","local_time":"20201229204320","is_ascension_mode":true,"campfire_choices":[{"data":"ShootingEcho","floor":6,"key":"SMITH"},{"data":"Pain","floor":15,"key":"PURGE"},{"floor":24,"key":"REST"},{"floor":30,"key":"REST"},{"floor":32,"key":"REST"},{"floor":40,"key":"REST"},{"floor":42,"key":"REST"},{"floor":49,"key":"REST"}],"circlet_count":0,"master_deck":["Strike_MRS","Strike_MRS","Strike_MRS","Defend_MRS","Defend_MRS","Defend_MRS","Defend_MRS","MasterSpark","MagicChant","SuperPerseids","ShootingEcho+1","DragonMeteor+1","BigCrunch","DC","Guardian:FloatingOrbs","EscapeVelocity","hubris:Greed","Injury","ShootingEcho","hubris:Greed","ShootingEcho","BigCrunch+1","hubris:NaturalOne","EscapeVelocity","IllusionStar","GravityBeat","WitchLeyline","MagicChant","EarthLightRay","hubris:Greed","BinaryStars","GravityBeat","SprinkleStarSeal","CollectingQuirk","expansioncontent:BronzeBeam","BlazeAway+1","SuperNova","StarlightTyphoon","StarlightTyphoon","MagicAbsorber+1","OneTimeOff","hubris:Greed","CollectingQuirk","Wraith"],"relics":["sneckomod:SneckoSoul","aspiration:Nostalgia","m_GuardianBlood","halation:PinkSoulGem","infinitespire:Cubic Diamond","Whetstone","WarpedTongs","Replay:Wax Seal","Replay:Ancient Bell","hubris:OldNail","HandmadeGrimoire","Replay:Towering Pillar of Hats","hubris:Icosahedron","Happy Flower","Singing Bowl","Black Star","aspiration:PocketMushroom","infinitespire:BottledMercury","Durian","aspiration:HiddenCompartment","hubris:MobiusCoin"],"acts_visited":["Exordium","TheCity","TheBeyond"],"potions_floor_usage":[12,16,16,20,20,23,33,33,45],"damage_taken":[{"damage":2,"enemies":"2 Louse","floor":1,"turns":2},{"damage":1,"enemies":"Jaw Worm","floor":3,"turns":3},{"damage":0,"enemies":"Cultist","floor":8,"turns":2},{"damage":12,"enemies":"Replay:BlueRogue","floor":12,"turns":2},{"damage":0,"enemies":"Exordium Wildlife","floor":13,"turns":2},{"damage":2,"enemies":"Large Slime","floor":14,"turns":4},{"damage":33,"enemies":"Hexaghost","floor":16,"turns":6},{"damage":22,"enemies":"3 Byrds","floor":18,"turns":4},{"damage":27,"enemies":"Shell Parasite","floor":20,"turns":3},{"damage":32,"enemies":"Gremlin Leader","floor":23,"turns":6},{"damage":18,"enemies":"Centurion and Healer","floor":27,"turns":4},{"damage":21,"enemies":"Snake Plant","floor":29,"turns":3},{"damage":17,"enemies":"Sentry and Sphere","floor":31,"turns":4},{"damage":14,"enemies":"Collector","floor":33,"turns":3},{"damage":25,"enemies":"Orb Walker","floor":35,"turns":4},{"damage":32,"enemies":"3 Darklings","floor":37,"turns":4},{"damage":4,"enemies":"4 Shapes","floor":39,"turns":4},{"damage":27,"enemies":"Reptomancer","floor":41,"turns":4},{"damage":10,"enemies":"R_Hoarder","floor":44,"turns":3},{"damage":64,"enemies":"Writhing Mass","floor":45,"turns":5},{"damage":87,"enemies":"Awakened One","floor":50,"turns":5}],"seed_played":"-128247583218320684","potions_obtained":[{"floor":1,"key":"Adrenaline Potion"},{"floor":3,"key":"Death Potion"},{"floor":12,"key":"Block Potion"},{"floor":16,"key":"Ancient Potion"},{"floor":18,"key":"Regen Potion"},{"floor":20,"key":"champ:CounterPotion"},{"floor":27,"key":"Ancient Potion"},{"floor":31,"key":"BlessingOfTheForge"},{"floor":44,"key":"Energy Potion"}],"is_trial":false,"path_per_floor":["M","?","M","$","?","R","$","M","T","?","?","E","M","M","R","B",null,"M","?","M","?","$","E","R","?","T","M","$","M","R","M","R","B",null,"M","?","M","$","M","R","E","R","T","E","M","?","?","NS","R","B"],"character_chosen":"MARISA","items_purchased":["ShootingEcho","DragonMeteor","ShootingEcho","BigCrunch+1","GravityBeat","WitchLeyline","MagicChant","SuperNova","StarlightTyphoon"],"campfire_rested":6,"item_purchase_floors":[4,4,22,22,28,28,28,38,38],"current_hp_per_floor":[75,75,75,75,75,75,75,75,75,75,75,69,75,75,75,48,75,59,59,47,47,47,21,42,42,42,30,30,17,39,28,50,42,74,59,59,37,37,43,65,46,68,73,73,21,21,21,21,45,0,0],"gold":126,"neow_bonus":"NOSTALGIA","is_daily":false,"chose_seed":false,"campfire_upgraded":1,"win_rate":0.0,"timestamp":1609235000,"path_taken":["M","?","M","$","?","R","?","?","T","?","?","E","M","M","R","BOSS","M","?","M","?","$","E","R","?","T","M","$","M","R","?","R","BOSS","M","?","M","$","?","R","E","R","T","E","?","?","?","NS","R","BOSS"],"items_purchased_type":["Card","Card","Card","Card","Card","Card","Card","Card","Card"],"build_version":"2020-12-18","purchased_purges":1,"victory":false,"max_hp_per_floor":[75,75,75,75,75,75,75,75,75,75,75,75,75,75,75,75,75,75,75,75,75,72,72,72,72,72,72,72,74,74,74,74,74,74,74,74,74,74,74,74,76,76,81,81,81,81,81,81,81,81,81],"card_choices":[{"not_picked":["NonDirectionalLaser","OneTimeOff"],"picked":"MagicChant","floor":1},{"not_picked":["EarthLightRay","Robbery"],"picked":"SuperPerseids","floor":3},{"not_picked":["UnstableBomb","DC","PowerUp"],"picked":"SKIP","floor":8},{"not_picked":["MagicAbsorber","OortCloud"],"picked":"BigCrunch","floor":12},{"not_picked":["ShootTheMoon","Body Slam"],"picked":"DC","floor":13},{"not_picked":["Entrench","Massacre"],"picked":"Guardian:FloatingOrbs","floor":14},{"not_picked":["StarDustReverie","Guardian:HyperBeam_Guardian"],"picked":"EscapeVelocity","floor":16},{"not_picked":["Doubt","Delirium"],"picked":"Parasite","floor":17},{"not_picked":["ReplayTheSpireMod:Splinters","Replay:Sluggish"],"picked":"hubris:Greed","floor":17},{"not_picked":["Delirium","Writhe"],"picked":"Injury","floor":17},{"not_picked":["AsteroidBelt","GalacticHalo+1"],"picked":"ShootingEcho","floor":18},{"not_picked":["DeepEcoloBomb","OortCloud+1","WitchOfGreed+1"],"picked":"SKIP","floor":20},{"not_picked":["Acceleration","DC"],"picked":"EscapeVelocity","floor":23},{"not_picked":["Occultation","WitchOfGreed"],"picked":"IllusionStar","floor":27},{"not_picked":["GrandCross+1","DC","LuminesStrike"],"picked":"Singing Bowl","floor":29},{"not_picked":["Acceleration","EnergyRecoil+1"],"picked":"EarthLightRay","floor":31},{"not_picked":["UltimateShortwave","ManaRampage"],"picked":"BinaryStars","floor":33},{"not_picked":["RefractionSpark+1","WitchLeyline"],"picked":"GravityBeat","floor":35},{"not_picked":["LuminesStrike+1","SprinkleStarSeal"],"picked":"BlazeAway+1","floor":37},{"not_picked":["MysteriousBeam+1","PowerUp+1"],"picked":"MagicAbsorber+1","floor":39},{"not_picked":["EnergyRecoil+1","MysteriousBeam","LuminesStrike"],"picked":"Singing Bowl","floor":41},{"not_picked":["Acceleration","PowerUp+1"],"picked":"OneTimeOff","floor":44},{"not_picked":["BlazeAway","PowerUp+1"],"picked":"CollectingQuirk","floor":45}],"player_experience":261931,"relics_obtained":[{"floor":9,"key":"Whetstone"},{"floor":12,"key":"Replay:Wax Seal"},{"floor":23,"key":"Happy Flower"},{"floor":26,"key":"Singing Bowl"},{"floor":41,"key":"aspiration:PocketMushroom"},{"floor":41,"key":"infinitespire:BottledMercury"},{"floor":43,"key":"Durian"},{"floor":44,"key":"aspiration:HiddenCompartment"},{"floor":44,"key":"hubris:MobiusCoin"}],"event_choices":[{"damage_healed":0,"gold_gain":0,"player_choice":"Rummage","damage_taken":0,"relics_obtained":["WarpedTongs"],"max_hp_gain":0,"max_hp_loss":0,"event_name":"Accursed Blacksmith","floor":11,"gold_loss":0,"cards_obtained":["Pain"]},{"damage_healed":0,"gold_gain":0,"player_choice":"3 cards matched","damage_taken":0,"max_hp_gain":0,"max_hp_loss":0,"event_name":"Match and Keep!","floor":36,"gold_loss":0,"cards_obtained":["SprinkleStarSeal","CollectingQuirk","expansioncontent:BronzeBeam"]},{"damage_healed":0,"gold_gain":0,"player_choice":"Ignored","damage_taken":0,"max_hp_gain":0,"max_hp_loss":0,"event_name":"OrinTheCat","floor":46,"gold_loss":0},{"damage_healed":0,"gold_gain":0,"player_choice":"Upgraded","damage_taken":0,"max_hp_gain":0,"max_hp_loss":0,"event_name":"Upgrade Shrine","floor":47,"gold_loss":0,"cards_upgraded":["DragonMeteor"]}],"is_beta":true,"boss_relics":[{"not_picked":["hubris:GrandSneckoEye","halation:PinkAlligatorPlush"],"picked":"Replay:Ancient Bell"},{"not_picked":["Tiny Chest","halation:LettersToHer"],"picked":"hubris:OldNail"},{"not_picked":["infinitespire:Broken Mirror","Pantograph"],"picked":"HandmadeGrimoire"},{"not_picked":["Replay:Multitool","Gambling Chip"],"picked":"Replay:Towering Pillar of Hats"},{"not_picked":["Ring of Chaos","aspiration:WatcherSkillbook"],"picked":"Black Star"}],"items_purged_floors":[22],"is_endless":false,"potions_floor_spawned":[1,3,12,16,18,20,27,31,44],"killed_by":"Awakened One","ascension_level":1}}