{"host":"9blctju11f5snuyr","time":1609201325,"event":{"mods":["2.2 Compatiblity","AchievementEnabler","BaseMod","BetterRewards","Colored Map","Colored Powertips","Highlight Path","Minty Spire (QoL Compilation)","Quick Restart","Rare Cards Sparkle","Shop Mod","Spicy Shops","StSLib","Synergy Search"],"gold_per_floor":[117,292,217,228,238,238,238,313,313,263,276,293,51,69,69,167,167,186,203,203,216,216,229,229,229,229,245,245,262,262,281,281,281,281],"floor_reached":33,"playtime":798,"items_purged":["Doubt"],"score":241,"play_id":"7ccf814e-6733-4d8d-9e64-eefbc03ae7e8","local_time":"20201228162205","is_ascension_mode":false,"campfire_choices":[{"data":"Armaments","floor":6.0,"key":"SMITH"},{"data":"Limit Break","floor":15.0,"key":"SMITH"},{"floor":28,"key":"REST"},{"floor":30,"key":"REST"},{"floor":32,"key":"REST"}],"circlet_count":0,"master_deck":["Strike_R","Strike_R","Strike_R","Strike_R","Defend_R","Defend_R","Defend_R","Defend_R","Bash","Flex","Sword Boomerang","Armaments+1","Flex","Iron Wave","Inflame","Limit Break+1","Heavy Blade","Spot Weakness","Double Tap","Twin Strike","Cleave"],"relics":["Burning Blood"],"acts_visited":["Exordium","TheCity"],"potions_floor_usage":[21,29],"damage_taken":[{"damage":0.0,"enemies":"Small Slimes","floor":1.0,"turns":3.0},{"damage":1.0,"enemies":"Jaw Worm","floor":4.0,"turns":3.0},{"damage":0.0,"enemies":"2 Louse","floor":5.0,"turns":3.0},{"damage":2.0,"enemies":"2 Fungi Beasts","floor":11.0,"turns":3.0},{"damage":9.0,"enemies":"Blue Slaver","floor":12.0,"turns":3.0},{"damage":5.0,"enemies":"Looter","floor":14.0,"turns":2.0},{"damage":63.0,"enemies":"Hexaghost","floor":16.0,"turns":8.0},{"damage":5.0,"enemies":"Chosen","floor":18.0,"turns":3.0},{"damage":14.0,"enemies":"Shell Parasite","floor":19.0,"turns":4.0},{"damage":37,"enemies":"3 Cultists","floor":21,"turns":6},{"damage":30,"enemies":"Snake Plant","floor":23,"turns":4},{"damage":27,"enemies":"Chosen and Byrds","floor":27,"turns":5},{"damage":34,"enemies":"Cultist and Chosen","floor":29,"turns":5},{"damage":35,"enemies":"Snecko","floor":31,"turns":7},{"damage":1,"enemies":"Automaton","floor":33,"turns":3}],"seed_played":"-5709490317340172234","potions_obtained":[{"floor":1.0,"key":"Explosive Potion"},{"floor":4.0,"key":"Strength Potion"},{"floor":12.0,"key":"LiquidMemories"},{"floor":23,"key":"DuplicationPotion"},{"floor":27,"key":"Swift Potion"}],"is_trial":false,"path_per_floor":["M","?","$","M","M","R","?","?","T","?","M","M","$","M","R","B",null,"M","M","?","M","$","M","?","$","T","M","R","M","R","M","R","B"],"character_chosen":"IRONCLAD","items_purchased":["Flex","Sword Boomerang","Armaments","Flex","Iron Wave","Limit Break","Heavy Blade","Spot Weakness"],"campfire_rested":3,"item_purchase_floors":[0,0,0,0,0,13,13,13],"current_hp_per_floor":[78,78,78,80,80,80,80,69,69,69,73,70,70,71,71,14,80,80,72,72,41,41,17,43,43,43,22,46,18,42,13,37,36,36],"gold":281,"neow_bonus":"","is_daily":false,"chose_seed":false,"campfire_upgraded":2,"win_rate":0.0,"timestamp":1609201325,"path_taken":["M","?","$","M","M","R","?","?","T","?","M","M","$","M","R","BOSS","M","M","?","M","$","M","?","$","T","M","R","M","R","M","R","BOSS"],"items_purchased_type":["Card","Card","Card","Card","Card","Card","Card","Card"],"build_version":"2020-12-22","purchased_purges":1,"victory":false,"max_hp_per_floor":[80,80,80,80,80,80,80,80,80,80,80,80,80,80,80,80,80,80,80,80,80,80,80,80,80,80,80,80,80,80,80,80,80,80],"card_choices":[{"not_picked":["Sword Boomerang","Flex","Ghostly Armor"],"picked":"SKIP","floor":1.0},{"not_picked":["Seeing Red","Armaments"],"picked":"Inflame","floor":4.0},{"not_picked":["Sword Boomerang","Rupture","Shrug It Off"],"picked":"SKIP","floor":5.0},{"not_picked":["Inflame","Evolve","Wild Strike"],"picked":"SKIP","floor":11.0},{"not_picked":["Searing Blow","Body Slam","Armaments"],"picked":"SKIP","floor":12.0},{"not_picked":["Thunderclap","Armaments","Body Slam"],"picked":"SKIP","floor":14.0},{"not_picked":["Limit Break","Immolate"],"picked":"Double Tap","floor":16.0},{"not_picked":["Blood for Blood+1","Wild Strike+1","Havoc"],"picked":"SKIP","floor":18.0},{"not_picked":["Thunderclap","Iron Wave"],"picked":"Twin Strike","floor":19.0},{"not_picked":["Shockwave","Body Slam","Armaments+1"],"picked":"SKIP","floor":21},{"not_picked":["Combust","Armaments+1","Havoc"],"picked":"SKIP","floor":23},{"not_picked":["Havoc+1","Rampage","Hemokinesis"],"picked":"SKIP","floor":27},{"not_picked":["True Grit","Armaments+1"],"picked":"Cleave","floor":29},{"not_picked":["Cleave","Clash","Perfected Strike+1"],"picked":"SKIP","floor":31}],"player_experience":190735,"relics_obtained":[],"event_choices":[{"damage_healed":0.0,"max_hp_gain":0.0,"max_hp_loss":0.0,"gold_gain":175.0,"event_name":"Liars Game","player_choice":"AGREE","floor":2.0,"gold_loss":0.0,"damage_taken":0.0,"cards_obtained":["Doubt"]},{"damage_healed":0.0,"max_hp_gain":0.0,"max_hp_loss":0.0,"gold_gain":0.0,"event_name":"Dead Adventurer","player_choice":"Searched \u00270\u0027 times","floor":7.0,"gold_loss":0.0,"damage_taken":0.0},{"damage_healed":0.0,"max_hp_gain":0.0,"max_hp_loss":0.0,"gold_gain":75.0,"event_name":"World of Goop","player_choice":"Gather Gold","floor":8.0,"gold_loss":0.0,"damage_taken":11.0},{"cards_removed":["Strike_R"],"damage_healed":0.0,"max_hp_gain":0.0,"max_hp_loss":0.0,"gold_gain":0.0,"event_name":"The Cleric","player_choice":"Card Removal","floor":10.0,"gold_loss":50.0,"damage_taken":0.0},{"damage_healed":26,"gold_gain":0,"player_choice":"Heal","damage_taken":0,"max_hp_gain":0,"max_hp_loss":0,"event_name":"The Library","floor":24,"gold_loss":0}],"is_beta":false,"boss_relics":[{"not_picked":["Runic Pyramid","Coffee Dripper","Runic Dome"]}],"items_purged_floors":[3],"is_endless":false,"potions_floor_spawned":[1,4,12,16,23,27],"killed_by":"Automaton","ascension_level":0}}