{"host":"ayh4nqhr0ddw4ozv","time":1609208661,"event":{"mods":["BaseMod","Minty Spire (QoL Compilation)","Relic Stats","Robot Space Explorer","StSLib"],"gold_per_floor":[115,135,148,168,343,343,343,119,119,139,171,182,182,216,216,319,319,334,351,251,268,286,286,286],"floor_reached":23,"playtime":1296,"items_purged":["RobotSpaceExplorer:Defend","RobotSpaceExplorer:Strike"],"score":448,"play_id":"f4b1bde0-63c9-4cba-b62f-97907930e6c5","local_time":"20201228182421","is_ascension_mode":true,"campfire_choices":[{"data":"RobotSpaceExplorer:MiniBoosters","floor":6,"key":"SMITH"},{"floor":13,"key":"REST"},{"data":"RobotSpaceExplorer:Multitool","floor":15,"key":"SMITH"}],"circlet_count":0,"master_deck":["AscendersBane","RobotSpaceExplorer:Strike","RobotSpaceExplorer:Strike","RobotSpaceExplorer:Strike","RobotSpaceExplorer:Defend","RobotSpaceExplorer:Defend","RobotSpaceExplorer:Defend","RobotSpaceExplorer:Scan","RobotSpaceExplorer:MiniLasers","RobotSpaceExplorer:LuckyStrike","RobotSpaceExplorer:MiniBoosters+1","RobotSpaceExplorer:LuckyStrike","RobotSpaceExplorer:ShovelStrike","RobotSpaceExplorer:ScrapShield","RobotSpaceExplorer:Multitool+1","RobotSpaceExplorer:LuckyStrike","RobotSpaceExplorer:IronShell","RobotSpaceExplorer:Blaster","RobotSpaceExplorer:FranticSearch+1"],"relics":["RobotSpaceExplorer:RoboCore","Kunai","Happy Flower","RobotSpaceExplorer:RingOfTheNewt","Black Star"],"acts_visited":["Exordium","TheCity"],"potions_floor_usage":[11,11,21,23],"damage_taken":[{"damage":1,"enemies":"2 Louse","floor":1,"turns":3},{"damage":1,"enemies":"Jaw Worm","floor":2,"turns":4},{"damage":5,"enemies":"Cultist","floor":3,"turns":3},{"damage":4,"enemies":"3 Louse","floor":4,"turns":3},{"damage":12,"enemies":"Exordium Thugs","floor":10,"turns":4},{"damage":7,"enemies":"Gremlin Nob","floor":11,"turns":3},{"damage":12,"enemies":"Exordium Wildlife","floor":12,"turns":3},{"damage":0,"enemies":"3 Sentries","floor":14,"turns":5},{"damage":0,"enemies":"The Guardian","floor":16,"turns":8},{"damage":0,"enemies":"3 Byrds","floor":18,"turns":4},{"damage":0,"enemies":"Shell Parasite","floor":19,"turns":4},{"damage":13,"enemies":"Centurion and Healer","floor":21,"turns":6},{"damage":6,"enemies":"Cultist and Chosen","floor":22,"turns":6},{"damage":53,"enemies":"Slavers","floor":23,"turns":5}],"seed_played":"227382897800851486","potions_obtained":[{"floor":1,"key":"SpeedPotion"},{"floor":2,"key":"AttackPotion"},{"floor":10,"key":"RobotSpaceExplorer:RecyclePotion"},{"floor":12,"key":"EssenceOfSteel"},{"floor":14,"key":"LiquidMemories"}],"is_trial":false,"path_per_floor":["M","M","M","M","?","R","?","$","T","M","E","M","R","E","R","B",null,"M","M","$","M","M","E"],"character_chosen":"RobotSpaceExplorer","items_purchased":["RobotSpaceExplorer:ScrapShield","RobotSpaceExplorer:Multitool"],"campfire_rested":1,"item_purchase_floors":[8,8],"current_hp_per_floor":[67,66,61,57,57,57,57,57,57,45,38,26,48,48,48,48,68,68,68,68,55,49,0,0],"gold":286,"neow_bonus":"THREE_CARDS","is_daily":false,"chose_seed":false,"campfire_upgraded":2,"win_rate":0.0,"timestamp":1609208661,"path_taken":["M","M","M","M","?","R","?","$","T","M","E","M","R","E","R","BOSS","M","M","$","?","M","E"],"items_purchased_type":["Card","Card"],"build_version":"2020-12-22","purchased_purges":2,"victory":false,"max_hp_per_floor":[75,75,75,75,75,75,75,75,75,75,75,75,75,75,75,75,75,75,75,75,75,75,75,75],"relic_stats":{"Happy Flower":[13],"counters":[14,61],"Black Star":0,"Kunai":[40],"obtain_stats":[{"Happy Flower":11,"RobotSpaceExplorer:RoboCore":0,"RobotSpaceExplorer:RingOfTheNewt":14,"Black Star":17,"Kunai":9},{"Happy Flower":6,"RobotSpaceExplorer:RoboCore":0,"RobotSpaceExplorer:RingOfTheNewt":8,"Black Star":9,"Kunai":4},{"Happy Flower":20,"RobotSpaceExplorer:RoboCore":0,"RobotSpaceExplorer:RingOfTheNewt":28,"Black Star":36,"Kunai":13}]},"card_choices":[{"not_picked":["RobotSpaceExplorer:ShockKick","RobotSpaceExplorer:Probe"],"picked":"RobotSpaceExplorer:LuckyStrike","floor":0},{"not_picked":["RobotSpaceExplorer:Fix","RobotSpaceExplorer:ShockKick"],"picked":"RobotSpaceExplorer:MiniBoosters","floor":1},{"not_picked":["RobotSpaceExplorer:GearShield","RobotSpaceExplorer:TurboDodge"],"picked":"RobotSpaceExplorer:LuckyStrike","floor":2},{"not_picked":["RobotSpaceExplorer:FranticSearch","RobotSpaceExplorer:ImprovisedAttack"],"picked":"RobotSpaceExplorer:ShovelStrike","floor":3},{"not_picked":["RobotSpaceExplorer:ImprovisedAttack","RobotSpaceExplorer:ShovelStrike","RobotSpaceExplorer:SurgingStrike"],"picked":"SKIP","floor":4},{"not_picked":["RobotSpaceExplorer:Explosion","RobotSpaceExplorer:ShockKick","RobotSpaceExplorer:LaserBurst"],"picked":"SKIP","floor":10},{"not_picked":["RobotSpaceExplorer:MetalStrike","RobotSpaceExplorer:GlueShot"],"picked":"RobotSpaceExplorer:LuckyStrike","floor":11},{"not_picked":["RobotSpaceExplorer:Probe","RobotSpaceExplorer:SurgingShield"],"picked":"RobotSpaceExplorer:IronShell","floor":12},{"not_picked":["RobotSpaceExplorer:SurgingStrike","RobotSpaceExplorer:GlueSpray","RobotSpaceExplorer:FrostMissile"],"picked":"SKIP","floor":14},{"not_picked":["RobotSpaceExplorer:Exploration","RobotSpaceExplorer:Arsenal"],"picked":"RobotSpaceExplorer:Blaster","floor":16},{"not_picked":["RobotSpaceExplorer:SwiftStep","RobotSpaceExplorer:IronShell","RobotSpaceExplorer:SurgingShield"],"picked":"SKIP","floor":18},{"not_picked":["RobotSpaceExplorer:MetalStrike","RobotSpaceExplorer:GlueShot"],"picked":"RobotSpaceExplorer:FranticSearch+1","floor":19},{"not_picked":["RobotSpaceExplorer:FranticSearch","RobotSpaceExplorer:Electroshield","RobotSpaceExplorer:Pulsar"],"picked":"SKIP","floor":21},{"not_picked":["RobotSpaceExplorer:Probe","RobotSpaceExplorer:ImprovisedAttack","RobotSpaceExplorer:ToxicBomb"],"picked":"SKIP","floor":22}],"player_experience":260692,"relics_obtained":[{"floor":9,"key":"Kunai"},{"floor":11,"key":"Happy Flower"},{"floor":14,"key":"RobotSpaceExplorer:RingOfTheNewt"}],"event_choices":[{"damage_healed":0,"gold_gain":175,"player_choice":"AGREE","damage_taken":0,"max_hp_gain":0,"max_hp_loss":0,"event_name":"Liars Game","floor":5,"gold_loss":0,"cards_obtained":["Doubt"]},{"cards_removed":["Doubt"],"damage_healed":0,"gold_gain":0,"player_choice":"Removed Curses","damage_taken":0,"max_hp_gain":0,"max_hp_loss":0,"event_name":"Fountain of Cleansing","floor":7,"gold_loss":0}],"is_beta":false,"boss_relics":[{"not_picked":["Busted Crown","Ectoplasm"],"picked":"Black Star"}],"items_purged_floors":[8,20],"is_endless":false,"potions_floor_spawned":[1,2,10,12,14,18],"killed_by":"Slavers","ascension_level":12}}