{"host":"8g198xe1n7br41jb","time":1609271797,"event":{"mods":["BaseMod","Downfall","Minty Spire (QoL Compilation)","StSLib","SuperFastMode"],"gold_per_floor":[99,99,99,99,99,99,122,122,26,55,1,1,19,45,56,56,56,56],"floor_reached":16,"playtime":1222,"items_purged":[],"score":104,"play_id":"8c558a6a-be59-4fd5-884f-67036176cf39","local_time":"20201229205637","is_ascension_mode":false,"campfire_choices":[{"data":"champ:Taunt","floor":1.0,"key":"SMITH"},{"floor":12.0,"key":"REST"}],"circlet_count":0,"master_deck":["champ:Strike","champ:Strike","champ:Strike","champ:Strike","champ:Defend","champ:Defend","champ:Defend","champ:Execute","champ:Taunt+1","champ:RapidStrikes","champ:SwordThrow","champ:ViciousMockery","champ:ShieldWall","Pain","champ:Haymaker","champ:IronFortress","champ:DeathBlow","champ:EndlessRage","champ:RecklessLeap","champ:FanOfKnives","champ:CrookedStrike","champ:BringItOn"],"relics":["champ:ChampionCrown","downfall:HeartsMalice","downfall:ShatteredFragment","Happy Flower","WarpedTongs","Oddly Smooth Stone","Mango"],"acts_visited":["Exordium"],"potions_floor_usage":[],"damage_taken":[{"damage":0.0,"enemies":"Small Slimes","floor":2.0,"turns":1.0},{"damage":0.0,"enemies":"Cultist","floor":5.0,"turns":1.0},{"damage":0.0,"enemies":"2 Louse","floor":6.0,"turns":1.0},{"damage":5.0,"enemies":"downfall:FleeingMerchant","floor":9.0,"turns":4.0},{"damage":20.0,"enemies":"Gremlin Nob","floor":10.0,"turns":4.0},{"damage":16.0,"enemies":"downfall:FleeingMerchant","floor":11.0,"turns":4.0},{"damage":20.0,"enemies":"Exordium Thugs","floor":13.0,"turns":2.0},{"damage":23.0,"enemies":"3 Sentries","floor":14.0,"turns":4.0},{"damage":57.0,"enemies":"Gremlin Gang","floor":15.0,"turns":4.0},{"damage":36,"enemies":"downfall:Ironclad","floor":16,"turns":3}],"seed_played":"-4169997635305844817","potions_obtained":[{"floor":10.0,"key":"Fire Potion"},{"floor":13.0,"key":"Fire Potion"},{"floor":15.0,"key":"sneckomod:MuddlingPotion"}],"is_trial":false,"path_per_floor":["R","M","?","?","M","M","T","?","$","E","$","R","M","E","M","B"],"character_chosen":"THE_CHAMP","items_purchased":["champ:IronFortress","champ:RecklessLeap"],"campfire_rested":1,"item_purchase_floors":[9,11],"current_hp_per_floor":[90,90,63,63,63,63,63,63,58,38,27,54,44,51,30,0,0,0],"gold":56,"neow_bonus":"THREE_ENEMY_KILL","is_daily":false,"chose_seed":false,"campfire_upgraded":1,"win_rate":0.0,"timestamp":1609271797,"path_taken":["R","M","?","?","?","M","T","?","$","E","?","R","?","E","M","BOSS"],"items_purchased_type":["Card","Card"],"build_version":"2020-12-22","purchased_purges":0,"victory":false,"max_hp_per_floor":[90,90,90,90,90,90,90,90,90,90,90,90,90,104,104,104,104,104],"card_choices":[{"not_picked":["champ:BerserkersShout","champ:Haymaker"],"picked":"champ:RapidStrikes","floor":2.0},{"not_picked":["champ:BerserkersShout","champ:Encircle"],"picked":"champ:ViciousMockery","floor":5.0},{"not_picked":["champ:Backstep","champ:DefensiveStyle"],"picked":"champ:ShieldWall","floor":6.0},{"not_picked":["champ:StanceDance","champ:DefensiveShout"],"picked":"champ:Haymaker","floor":9.0},{"not_picked":["champ:ViciousMockery","champ:CrookedStrike"],"picked":"champ:DeathBlow","floor":10.0},{"not_picked":["champ:DefensiveShout","champ:FightOn"],"picked":"champ:EndlessRage","floor":11.0},{"not_picked":["champ:PerfectedStrike","champ:Riposte"],"picked":"champ:FanOfKnives","floor":13.0},{"not_picked":["champ:Riposte","champ:PerfectedStrike"],"picked":"champ:CrookedStrike","floor":14.0},{"not_picked":["champ:PerfectedStrike","champ:CrookedStrike"],"picked":"champ:BringItOn","floor":15.0}],"player_experience":1191793,"relics_obtained":[{"floor":7.0,"key":"Happy Flower"},{"floor":10.0,"key":"Oddly Smooth Stone"},{"floor":14.0,"key":"Mango"}],"event_choices":[{"damage_healed":0.0,"max_hp_gain":0.0,"max_hp_loss":0.0,"gold_gain":0.0,"cards_transformed":["champ:Defend"],"event_name":"Transmorgrifier","player_choice":"Transformed","floor":4.0,"gold_loss":0.0,"damage_taken":0.0,"cards_obtained":["champ:SwordThrow"]},{"damage_healed":0.0,"max_hp_gain":0.0,"max_hp_loss":0.0,"gold_gain":0.0,"event_name":"Accursed Blacksmith","player_choice":"Rummage","floor":8.0,"gold_loss":0.0,"damage_taken":0.0,"relics_obtained":["WarpedTongs"],"cards_obtained":["Pain"]}],"is_beta":false,"boss_relics":[],"items_purged_floors":[],"is_endless":false,"potions_floor_spawned":[10,13,15],"killed_by":"downfall:Ironclad","ascension_level":0}}