{"host":"49c2zf0lajbcs427","time":1609232244,"event":{"mods":["AchievementEnabler","BaseMod","Colored Map","Colored Powertips","Highlight Path","Key Reminder","Minty Spire (QoL Compilation)","Relic Stats","StSLib"],"gold_per_floor":[117,217,230,248,260,260,273,273,326,351,38,64,76,121,133,250,262,290,44,77,77,91,91,116,116,168,25,25,43,43,54,54,159,159,169,169,187,200,200,225,235,235,235,250,280,300,327,549,549,549,549,549,69,101,101,101],"floor_reached":55,"playtime":3847,"items_purged":[],"score":1208,"play_id":"811b3691-8ddb-4d8b-a316-fce36443ec81","local_time":"20201229215724","is_ascension_mode":true,"campfire_choices":[{"data":"Bash","floor":6,"key":"SMITH"},{"data":"Armaments","floor":8,"key":"SMITH"},{"data":"Inflame","floor":13,"key":"SMITH"},{"data":"Iron Wave","floor":15,"key":"SMITH"},{"data":"Offering","floor":23,"key":"SMITH"},{"floor":25,"key":"REST"},{"data":"Double Tap","floor":30,"key":"SMITH"},{"floor":32,"key":"REST"},{"data":"Barricade","floor":42,"key":"SMITH"},{"floor":49,"key":"RECALL"},{"data":"Pommel Strike","floor":52,"key":"SMITH"}],"circlet_count":0,"master_deck":["Strike_R","Strike_R","Defend_R","Defend_R","Defend_R","Bash+1","Limit Break+1","True Grit+1","Body Slam+1","Iron Wave+1","Armaments+1","Headbutt","Sentinel","Double Tap+1","Inflame+1","Offering+1","Body Slam","Iron Wave","Pommel Strike+1","Anger","Limit Break+1","Anger","Armaments","Brutality","Headbutt","Barricade+1","Rage+1","Pommel Strike","Pummel+1","Shrug It Off+1","Body Slam","Secret Technique","Inflame+1"],"relics":["Astrolabe","Boot","Shuriken","Ornamental Fan","MawBank","Strawberry","Sozu","Kunai","Red Mask","Nunchaku","HornCleat","Anchor","DollysMirror","Runic Pyramid","Red Skull","Oddly Smooth Stone","Regal Pillow","Incense Burner","Centennial Puzzle"],"acts_visited":["Exordium","TheCity","TheBeyond","TheEnding"],"potions_floor_usage":[5,12,54,55],"damage_taken":[{"damage":0,"enemies":"Small Slimes","floor":1,"turns":3},{"damage":0,"enemies":"Cultist","floor":3,"turns":4},{"damage":1,"enemies":"Jaw Worm","floor":4,"turns":5},{"damage":2,"enemies":"Exordium Wildlife","floor":5,"turns":6},{"damage":1,"enemies":"Looter","floor":7,"turns":4},{"damage":30,"enemies":"Gremlin Nob","floor":10,"turns":5},{"damage":6,"enemies":"3 Sentries","floor":12,"turns":7},{"damage":16,"enemies":"Lagavulin","floor":14,"turns":6},{"damage":6,"enemies":"Hexaghost","floor":16,"turns":7},{"damage":9,"enemies":"Chosen","floor":18,"turns":3},{"damage":28,"enemies":"Masked Bandits","floor":20,"turns":4},{"damage":0,"enemies":"Spheric Guardian","floor":22,"turns":3},{"damage":8,"enemies":"Book of Stabbing","floor":24,"turns":4},{"damage":6,"enemies":"Snecko","floor":29,"turns":4},{"damage":0,"enemies":"Snake Plant","floor":31,"turns":3},{"damage":6,"enemies":"Automaton","floor":33,"turns":5},{"damage":0,"enemies":"Orb Walker","floor":35,"turns":3},{"damage":0,"enemies":"3 Darklings","floor":37,"turns":5},{"damage":19,"enemies":"Spire Growth","floor":38,"turns":5},{"damage":16,"enemies":"Reptomancer","floor":40,"turns":5},{"damage":6,"enemies":"4 Shapes","floor":41,"turns":5},{"damage":0,"enemies":"3 Darklings","floor":44,"turns":5},{"damage":0,"enemies":"Giant Head","floor":45,"turns":5},{"damage":0,"enemies":"Spire Growth","floor":46,"turns":4},{"damage":14,"enemies":"Reptomancer","floor":47,"turns":6},{"damage":13,"enemies":"Time Eater","floor":50,"turns":6},{"damage":47,"enemies":"Shield and Spear","floor":54,"turns":10},{"damage":38,"enemies":"The Heart","floor":55,"turns":5}],"seed_played":"7213029863386479199","potions_obtained":[{"floor":3,"key":"Block Potion"},{"floor":5,"key":"BloodPotion"},{"floor":7,"key":"Explosive Potion"},{"floor":16,"key":"SkillPotion"}],"is_trial":false,"path_per_floor":["M","?","M","M","M","R","M","R","T","E","$","E","R","E","R","B",null,"M","$","?","T","M","R","E","R","T","$","?","M","R","M","R","B",null,"M","?","M","M","?","E","M","R","T","M","E","M","E","?","R","B",null,"R","$","E","B"],"character_chosen":"IRONCLAD","items_purchased":["Inflame","Ornamental Fan","Kunai","DollysMirror","Secret Technique","Incense Burner"],"campfire_rested":2,"item_purchase_floors":[11,11,19,27,53,53],"current_hp_per_floor":[72,72,72,71,69,69,68,68,68,38,38,32,32,23,23,17,70,61,61,33,33,33,33,25,51,51,51,51,45,45,45,71,65,82,82,82,82,63,63,47,41,41,41,41,41,41,27,27,27,14,66,66,66,19,0,0],"gold":101,"neow_bonus":"BOSS_RELIC","is_daily":false,"chose_seed":false,"campfire_upgraded":8,"win_rate":0.0,"timestamp":1609232244,"path_taken":["M","?","M","M","?","R","M","R","T","E","?","E","R","E","R","BOSS","M","$","?","?","M","R","E","R","T","?","?","M","R","M","R","BOSS","M","?","M","M","?","E","M","R","T","M","E","?","E","?","R","BOSS","R","$","E","BOSS"],"items_purchased_type":["Card","Relic","Relic","Relic","Card","Relic"],"build_version":"2020-12-22","purchased_purges":0,"victory":false,"max_hp_per_floor":[80,80,80,80,80,80,80,80,80,80,80,80,80,87,87,87,87,87,87,87,87,87,87,87,87,87,87,87,87,87,87,87,87,87,87,83,83,83,83,83,83,83,83,83,83,83,83,83,83,83,83,83,83,83,83,83],"relic_stats":{"Sozu":8,"Nunchaku":[19],"Regal Pillow":0,"Centennial Puzzle":[0],"counters":[28,137],"Shuriken":[47],"Ornamental Fan":[188],"Astrolabe":["Limit Break","True Grit","Body Slam"],"Kunai":[42],"Boot":[13],"MawBank":84,"obtain_stats":[{"Regal Pillow":47,"Astrolabe":0,"Oddly Smooth Stone":45,"Incense Burner":53,"Boot":9,"MawBank":12,"Burning Blood":0,"Sozu":17,"keyreminder:keyreminder":43,"Nunchaku":21,"Anchor":26,"Centennial Puzzle":54,"HornCleat":24,"Shuriken":10,"Ornamental Fan":11,"DollysMirror":27,"Strawberry":14,"Red Mask":20,"Kunai":19,"Red Skull":40,"Runic Pyramid":34},{"Regal Pillow":25,"Astrolabe":0,"Oddly Smooth Stone":23,"Incense Burner":26,"Boot":5,"MawBank":7,"Burning Blood":0,"Sozu":9,"keyreminder:keyreminder":21,"Nunchaku":11,"Anchor":13,"Centennial Puzzle":27,"HornCleat":13,"Shuriken":6,"Ornamental Fan":6,"DollysMirror":13,"Strawberry":8,"Red Mask":11,"Kunai":10,"Red Skull":20,"Runic Pyramid":16},{"Regal Pillow":116,"Astrolabe":0,"Oddly Smooth Stone":106,"Incense Burner":122,"Boot":22,"MawBank":34,"Burning Blood":0,"Sozu":47,"keyreminder:keyreminder":96,"Nunchaku":54,"Anchor":61,"Centennial Puzzle":132,"HornCleat":61,"Shuriken":27,"Ornamental Fan":27,"DollysMirror":61,"Strawberry":40,"Red Mask":54,"Kunai":50,"Red Skull":91,"Runic Pyramid":73}]},"card_choices":[{"not_picked":["Reckless Charge","Power Through"],"picked":"Iron Wave","floor":1},{"not_picked":["Second Wind","Wild Strike"],"picked":"Armaments","floor":3},{"not_picked":["Perfected Strike","Flex"],"picked":"Headbutt","floor":4},{"not_picked":["Infernal Blade","Intimidate"],"picked":"Sentinel","floor":5},{"not_picked":["Wild Strike","Thunderclap","Perfected Strike"],"picked":"SKIP","floor":7},{"not_picked":["Havoc","Dropkick"],"picked":"Double Tap","floor":10},{"not_picked":["Clash","Dual Wield","Rampage"],"picked":"SKIP","floor":12},{"not_picked":["Double Tap","Clothesline","Havoc"],"picked":"SKIP","floor":14},{"not_picked":["Corruption","Feed"],"picked":"Offering","floor":16},{"not_picked":["Burning Pact","Evolve"],"picked":"Body Slam","floor":18},{"not_picked":["Seeing Red","Twin Strike"],"picked":"Iron Wave","floor":20},{"not_picked":["Infernal Blade","Shockwave"],"picked":"Pommel Strike","floor":22},{"not_picked":["Burning Pact","Flex"],"picked":"Anger","floor":24},{"not_picked":["Blood for Blood","Cleave"],"picked":"Anger","floor":29},{"not_picked":["Havoc+1","Fiend Fire"],"picked":"Armaments","floor":31},{"not_picked":["Impervious","Bludgeon"],"picked":"Brutality","floor":33},{"not_picked":["Sever Soul+1","Flex"],"picked":"Headbutt","floor":35},{"not_picked":["Carnage","Entrench","Cleave+1"],"picked":"SKIP","floor":37},{"not_picked":["True Grit","Clothesline+1","Havoc"],"picked":"SKIP","floor":38},{"not_picked":["Warcry","True Grit"],"picked":"Rage+1","floor":40},{"not_picked":["Intimidate+1","Metallicize"],"picked":"Pommel Strike","floor":41},{"not_picked":["Clash+1","Cleave+1"],"picked":"Pummel+1","floor":44},{"not_picked":["Barricade","Thunderclap+1"],"picked":"Shrug It Off+1","floor":45},{"not_picked":["Clash+1","Sentinel+1"],"picked":"Body Slam","floor":46},{"not_picked":["Shockwave+1","Thunderclap","Intimidate"],"picked":"SKIP","floor":47},{"not_picked":["Exhume","Flex"],"picked":"Inflame+1","floor":54}],"player_experience":2196642,"relics_obtained":[{"floor":9,"key":"Boot"},{"floor":10,"key":"Shuriken"},{"floor":12,"key":"MawBank"},{"floor":14,"key":"Strawberry"},{"floor":20,"key":"Red Mask"},{"floor":21,"key":"Nunchaku"},{"floor":24,"key":"HornCleat"},{"floor":26,"key":"Anchor"},{"floor":40,"key":"Red Skull"},{"floor":45,"key":"Oddly Smooth Stone"},{"floor":47,"key":"Regal Pillow"},{"floor":54,"key":"Centennial Puzzle"}],"event_choices":[{"damage_healed":0,"gold_gain":100,"player_choice":"Gold","damage_taken":0,"max_hp_gain":0,"max_hp_loss":0,"event_name":"Wheel of Change","floor":2,"gold_loss":0},{"damage_healed":0,"gold_gain":0,"player_choice":"Fought Bandits","damage_taken":0,"max_hp_gain":0,"max_hp_loss":0,"event_name":"Masked Bandits","floor":20,"gold_loss":0},{"damage_healed":0,"gold_gain":0,"player_choice":"Max HP","damage_taken":0,"max_hp_gain":0,"max_hp_loss":4,"event_name":"Winding Halls","floor":36,"gold_loss":0},{"damage_healed":0,"gold_gain":0,"cards_transformed":["Strike_R"],"player_choice":"Transformed","damage_taken":0,"max_hp_gain":0,"max_hp_loss":0,"event_name":"Transmorgrifier","floor":39,"gold_loss":0,"cards_obtained":["Barricade"]},{"damage_healed":0,"gold_gain":222,"player_choice":"Wore Mask","damage_taken":0,"max_hp_gain":0,"max_hp_loss":0,"event_name":"Tomb of Lord Red Mask","floor":48,"gold_loss":0}],"is_beta":false,"boss_relics":[{"not_picked":["Coffee Dripper","Tiny House"],"picked":"Sozu"},{"not_picked":["Pandora\u0027s Box","Black Star"],"picked":"Runic Pyramid"}],"items_purged_floors":[],"is_endless":false,"potions_floor_spawned":[3,5,7,16,18,22,24,31,35,41,44,46],"killed_by":"The Heart","ascension_level":8}}