{"host":"kdt6w7ix8lwe69i9","time":1609252058,"event":{"mods":["Bartender","BaseMod","ChefMod","Downfall","Fiend Mod","Jorbs\u0027s Wanderer Trilogy","Minty Spire (QoL Compilation)","Reimu（博丽灵梦）","Robot Space Explorer","StSLib","The Cursed","The Disciple","The Dragon Tamer","The Druid","The Elementalist","The Forsaken","The Gatherer","The Judge","The Marked","TheBandit"],"gold_per_floor":[111,128,128,50,125,125,142,142,169,19,19,83,83,124,124,124,124],"floor_reached":16,"playtime":1241,"items_purged":[],"score":96,"play_id":"975b8ab5-03f8-4012-a11c-7768589a7007","local_time":"20201229092738","is_ascension_mode":false,"campfire_choices":[{"floor":6,"key":"RECALL"},{"floor":15,"key":"REST"}],"circlet_count":0,"master_deck":["chefmod:Strike","chefmod:Strike","chefmod:Strike","chefmod:Strike","chefmod:Strike","chefmod:Defend","chefmod:Defend","chefmod:Defend","chefmod:QuickThaw","chefmod:TodaysSpecial","chefmod:Gelato","chefmod:FreshProduce","chefmod:FiveAlarmChili","chefmod:FullBurn","chefmod:SaveForLater"],"relics":["Fusion Hammer","Golden Idol","Bronze Scales","Oddly Smooth Stone","Boot"],"acts_visited":["Exordium"],"potions_floor_usage":[14],"damage_taken":[{"damage":2,"enemies":"Small Slimes","floor":1,"turns":3},{"damage":3,"enemies":"2 Louse","floor":2,"turns":3},{"damage":2,"enemies":"Jaw Worm","floor":7,"turns":4},{"damage":18,"enemies":"3 Sentries","floor":14,"turns":4},{"damage":44,"enemies":"Hexaghost","floor":16,"turns":9}],"seed_played":"191944346337950127","potions_obtained":[{"floor":2,"key":"Weak Potion"}],"is_trial":false,"path_per_floor":["M","M","?","$","?","R","M","?","T","$","?","?","?","E","R","B"],"character_chosen":"THE_CHEF","items_purchased":["chefmod:FiveAlarmChili","Oddly Smooth Stone"],"campfire_rested":1,"item_purchase_floors":[4,10],"current_hp_per_floor":[74,71,71,71,60,60,58,39,39,39,39,39,39,21,43,0,0],"gold":124,"neow_bonus":"BOSS_RELIC","is_daily":false,"chose_seed":false,"campfire_upgraded":0,"win_rate":0.0,"timestamp":1609252058,"path_taken":["M","M","?","$","?","R","M","?","T","$","?","?","?","E","R","BOSS"],"items_purchased_type":["Card","Relic"],"build_version":"2020-12-22","purchased_purges":0,"victory":false,"max_hp_per_floor":[76,76,76,76,76,76,76,76,76,76,76,76,76,76,76,76,76],"card_choices":[{"not_picked":["chefmod:PotatoGratin","chefmod:NewMenu"],"picked":"chefmod:Gelato","floor":1},{"not_picked":["chefmod:LocoMoco","chefmod:Granita"],"picked":"chefmod:FreshProduce","floor":2},{"not_picked":["chefmod:Gelato","chefmod:Granita"],"picked":"chefmod:FullBurn","floor":7},{"not_picked":["chefmod:Defrost","chefmod:DeepFreeze"],"picked":"chefmod:SaveForLater","floor":14}],"player_experience":1637257,"relics_obtained":[{"floor":9,"key":"Bronze Scales"},{"floor":14,"key":"Boot"}],"event_choices":[{"damage_healed":0,"gold_gain":75,"player_choice":"Gather Gold","damage_taken":11,"max_hp_gain":0,"max_hp_loss":0,"event_name":"World of Goop","floor":5,"gold_loss":0},{"damage_healed":0,"gold_gain":0,"player_choice":"Take Damage","damage_taken":19,"relics_obtained":["Golden Idol"],"max_hp_gain":0,"max_hp_loss":0,"event_name":"Golden Idol","floor":8,"gold_loss":0},{"damage_healed":0,"gold_gain":64,"player_choice":"Gained Gold","damage_taken":0,"max_hp_gain":0,"max_hp_loss":0,"event_name":"Golden Wing","floor":12,"gold_loss":0},{"damage_healed":0,"gold_gain":0,"player_choice":"Ignored","damage_taken":0,"max_hp_gain":0,"max_hp_loss":0,"event_name":"Liars Game","floor":13,"gold_loss":0}],"is_beta":false,"boss_relics":[],"items_purged_floors":[],"is_endless":false,"potions_floor_spawned":[2],"killed_by":"Hexaghost","ascension_level":0}}