{"host":"0tg1gncob7yth7j0","time":1609261253,"event":{"mods":["BaseMod","Best Route Mod","Block Reminder","Disable Question Mark Monsters","Gold Saver","Minty Spire (QoL Compilation)","SacredBarkPlus","StSLib","Transform Curses"],"gold_per_floor":[569,116,116,136,90,90,115,129,129,129,139,41,41,56,56,131,131,146,146,146,159,170,170,170,170,197,208,208,208,59,88,88,166,166,176,176,176,176,187,187,187,187],"floor_reached":41,"playtime":2065,"items_purged":[],"score":692,"play_id":"ca71c56e-ff65-4176-b86e-abc95bbc5f3b","local_time":"20201229120053","is_ascension_mode":true,"campfire_choices":[{"data":"Eruption","floor":6,"key":"SMITH"},{"data":"Adaptation","floor":13,"key":"SMITH"},{"data":"Vigilance","floor":15,"key":"SMITH"},{"floor":23,"key":"REST"},{"data":"Tantrum","floor":25,"key":"SMITH"},{"data":"Wallop","floor":29,"key":"SMITH"},{"floor":32,"key":"REST"},{"floor":40,"key":"REST"}],"circlet_count":0,"master_deck":["AscendersBane","Strike_P","Strike_P","Strike_P","Strike_P","Defend_P","Defend_P","Defend_P","Defend_P","Eruption+1","Vigilance+1","Madness","Meditate+1","Adaptation+1","Tantrum+1","ClearTheMind+1","Consecrate","EmptyFist","Indignation+1","Wallop+1","Panacea+1","Halt+1","CutThroughFate","Halt+1","ClearTheMind+1","Panache","Fasting2"],"relics":["PureWater","Toxic Egg 2","Pocketwatch","Eternal Feather","Toy Ornithopter","Toolbox","Dream Catcher","Black Star"],"acts_visited":["Exordium","TheCity","TheBeyond"],"potions_floor_usage":[7,14,16,22,22,31,39],"damage_taken":[{"damage":0,"enemies":"2 Louse","floor":1,"turns":3},{"damage":0,"enemies":"Cultist","floor":4,"turns":2},{"damage":10,"enemies":"Lagavulin","floor":7,"turns":5},{"damage":7,"enemies":"Jaw Worm","floor":8,"turns":3},{"damage":15,"enemies":"Red Slaver","floor":11,"turns":3},{"damage":0,"enemies":"Exordium Wildlife","floor":14,"turns":1},{"damage":5,"enemies":"The Guardian","floor":16,"turns":8},{"damage":5,"enemies":"2 Thieves","floor":18,"turns":3},{"damage":0,"enemies":"Chosen","floor":21,"turns":3},{"damage":37,"enemies":"Snake Plant","floor":22,"turns":4},{"damage":29,"enemies":"Centurion and Healer","floor":27,"turns":5},{"damage":26,"enemies":"Slavers","floor":31,"turns":4},{"damage":52,"enemies":"Collector","floor":33,"turns":7},{"damage":8,"enemies":"3 Shapes","floor":35,"turns":5},{"damage":22,"enemies":"3 Darklings","floor":39,"turns":4},{"damage":76,"enemies":"Reptomancer","floor":41,"turns":5}],"seed_played":"5622731392096180385","potions_obtained":[{"floor":3,"key":"CultistPotion"},{"floor":7,"key":"Explosive Potion"},{"floor":14,"key":"Dexterity Potion"},{"floor":21,"key":"EssenceOfSteel"},{"floor":27,"key":"Ancient Potion"},{"floor":33,"key":"BottledMiracle"},{"floor":35,"key":"DistilledChaos"}],"is_trial":false,"path_per_floor":["M","$","?","M","$","R","E","M","T","?","M","$","R","M","R","B",null,"M","?","$","M","M","R","?","R","T","M","?","R","$","E","R","B",null,"M","?","?","?","M","R","E"],"character_chosen":"WATCHER","items_purchased":["Adaptation","Tantrum","Toxic Egg 2","ClearTheMind+1","BottledMiracle","EmptyFist","Panacea+1","Toolbox"],"campfire_rested":3,"item_purchase_floors":[2,2,2,2,2,5,12,30],"current_hp_per_floor":[61,61,61,61,61,61,51,44,44,66,51,51,63,63,68,63,67,62,62,62,62,25,57,57,68,68,39,39,51,51,30,62,10,54,46,46,46,46,29,64,0,0],"gold":187,"neow_bonus":"RANDOM_COLORLESS","is_daily":false,"chose_seed":false,"campfire_upgraded":5,"win_rate":0.0,"timestamp":1609261253,"path_taken":["M","$","?","M","$","R","E","?","T","?","M","?","R","?","R","BOSS","M","?","$","M","?","R","?","R","T","?","?","R","$","E","R","BOSS","M","?","?","?","M","R","E"],"items_purchased_type":["Card","Card","Relic","Card","Potion","Card","Card","Relic"],"build_version":"2020-12-22","purchased_purges":0,"victory":false,"max_hp_per_floor":[68,68,68,68,68,68,68,68,68,68,68,68,68,68,68,68,68,68,68,68,68,68,68,68,68,68,68,68,68,68,68,68,68,68,68,68,68,68,68,68,68,68],"card_choices":[{"not_picked":["Bandage Up","Blind"],"picked":"Madness","floor":0},{"not_picked":["Protect","Pray"],"picked":"Meditate","floor":1},{"not_picked":["Study","CrushJoints"],"picked":"Consecrate","floor":4},{"not_picked":["Wireheading","Sanctity+1","DevaForm"],"picked":"SKIP","floor":7},{"not_picked":["Wireheading","FlurryOfBlows"],"picked":"Indignation+1","floor":8},{"not_picked":["FollowUp","Nirvana"],"picked":"Wallop","floor":11},{"not_picked":["BowlingBash","Pray+1"],"picked":"Halt+1","floor":14},{"not_picked":["CrushJoints","Prostrate+1"],"picked":"CutThroughFate","floor":18},{"not_picked":["Evaluate+1","Adaptation","SandsOfTime"],"picked":"SKIP","floor":21},{"not_picked":["JustLucky","BowlingBash+1"],"picked":"Halt+1","floor":22},{"not_picked":["FollowUp","FlurryOfBlows","Evaluate+1"],"picked":"SKIP","floor":27},{"not_picked":["Prostrate+1","Pray+1","SandsOfTime"],"picked":"SKIP","floor":31},{"not_picked":["Evaluate+1","FlyingSleeves"],"picked":"ClearTheMind+1","floor":32},{"not_picked":["MasterReality","Devotion"],"picked":"Establishment","floor":33},{"not_picked":["Meditate+1","Tantrum","WaveOfTheHand+1"],"picked":"SKIP","floor":35},{"not_picked":["Master of Strategy+1","Deep Breath+1"],"picked":"Panache","floor":37},{"not_picked":["FollowUp+1","Evaluate+1","ClearTheMind+1"],"picked":"SKIP","floor":39},{"not_picked":["Prostrate+1","Halt+1"],"picked":"Fasting2","floor":40}],"player_experience":3612475,"relics_obtained":[{"floor":7,"key":"Pocketwatch"},{"floor":9,"key":"Eternal Feather"},{"floor":26,"key":"Toy Ornithopter"},{"floor":31,"key":"Dream Catcher"}],"event_choices":[{"damage_healed":0,"gold_gain":0,"player_choice":"Got Potions","damage_taken":0,"max_hp_gain":0,"max_hp_loss":0,"event_name":"Lab","floor":3,"gold_loss":0},{"damage_healed":22,"gold_gain":0,"player_choice":"Banana","damage_taken":0,"max_hp_gain":0,"max_hp_loss":0,"event_name":"Big Fish","floor":10,"gold_loss":0},{"damage_healed":0,"gold_gain":0,"player_choice":"Ignored","damage_taken":0,"max_hp_gain":0,"max_hp_loss":0,"event_name":"Transmorgrifier","floor":19,"gold_loss":0},{"damage_healed":0,"gold_gain":0,"player_choice":"Upgraded","damage_taken":0,"max_hp_gain":0,"max_hp_loss":0,"event_name":"Upgrade Shrine","floor":24,"gold_loss":0,"cards_upgraded":["Meditate"]},{"damage_healed":0,"gold_gain":0,"player_choice":"Ignored","damage_taken":0,"max_hp_gain":0,"max_hp_loss":0,"event_name":"Ghosts","floor":28,"gold_loss":0},{"cards_removed":["Establishment"],"damage_healed":0,"gold_gain":0,"player_choice":"Removed Power","damage_taken":0,"max_hp_gain":0,"max_hp_loss":0,"event_name":"Falling","floor":36,"gold_loss":0},{"damage_healed":0,"gold_gain":0,"player_choice":"Memory 1","damage_taken":0,"max_hp_gain":0,"max_hp_loss":0,"event_name":"SensoryStone","floor":37,"gold_loss":0},{"damage_healed":0,"gold_gain":0,"player_choice":"Ignored","damage_taken":0,"max_hp_gain":0,"max_hp_loss":0,"event_name":"Tomb of Lord Red Mask","floor":38,"gold_loss":0}],"is_beta":false,"boss_relics":[{"not_picked":["Coffee Dripper","Astrolabe","Fusion Hammer"]},{"not_picked":["Philosopher\u0027s Stone","Cursed Key"],"picked":"Black Star"}],"items_purged_floors":[],"is_endless":false,"potions_floor_spawned":[7,8,14,21,27,33,35],"killed_by":"Reptomancer","ascension_level":14}}