{"host":"utqe55yv0jihe4d6","time":1609282022,"event":{"mods":["2.2 Compatiblity","AchievementEnabler","BaseMod","Block Reminder","Colored Map","Colored Powertips","Minty Spire (QoL Compilation)","Quick Restart","Rare Cards Sparkle","Relic Stats","SuperFastMode"],"gold_per_floor":[119,136,136,153,163,163,188,188,259,271,285,296,296,321,321,321,321],"floor_reached":16,"playtime":501,"items_purged":[],"score":228,"play_id":"ed029a41-e6d2-4696-907f-427654b0bb64","local_time":"20201229174702","is_ascension_mode":true,"campfire_choices":[{"floor":6.0,"key":"REST"},{"data":"1","floor":8.0,"key":"LIFT"},{"data":"2","floor":13.0,"key":"LIFT"},{"data":"3","floor":15.0,"key":"LIFT"}],"circlet_count":0,"master_deck":["AscendersBane","Strike_G","Strike_G","Strike_G","Strike_G","Strike_G","Defend_G","Defend_G","Defend_G","Defend_G","Defend_G","Survivor","Neutralize","Storm of Steel","Dagger Spray","Predator","Dagger Throw","Phantasmal Killer","Venomology","Cloak And Dagger","Sucker Punch","Finisher","Bouncing Flask"],"relics":["Ring of the Snake","Girya","InkBottle","Vajra"],"acts_visited":["Exordium"],"potions_floor_usage":[16],"damage_taken":[{"damage":4.0,"enemies":"2 Louse","floor":1.0,"turns":3.0},{"damage":10.0,"enemies":"Small Slimes","floor":2.0,"turns":3.0},{"damage":12.0,"enemies":"Jaw Worm","floor":4.0,"turns":4.0},{"damage":11.0,"enemies":"3 Louse","floor":5.0,"turns":4.0},{"damage":20.0,"enemies":"3 Sentries","floor":7.0,"turns":6.0},{"damage":0.0,"enemies":"2 Fungi Beasts","floor":10.0,"turns":2.0},{"damage":9.0,"enemies":"Exordium Thugs","floor":11.0,"turns":3.0},{"damage":0.0,"enemies":"Blue Slaver","floor":12.0,"turns":2.0},{"damage":3.0,"enemies":"Lagavulin","floor":14.0,"turns":5.0},{"damage":18,"enemies":"The Guardian","floor":16,"turns":6}],"seed_played":"-5880537366644889934","potions_obtained":[{"floor":2.0,"key":"FearPotion"},{"floor":7.0,"key":"SkillPotion"},{"floor":14.0,"key":"BlessingOfTheForge"}],"is_trial":false,"path_per_floor":["M","M","?","M","M","R","E","R","T","M","M","M","R","E","R","B"],"character_chosen":"THE_SILENT","items_purchased":[],"campfire_rested":1,"item_purchase_floors":[],"current_hp_per_floor":[55,45,50,38,27,48,28,28,28,28,19,19,19,16,16,0,0],"gold":321,"neow_bonus":"ONE_RANDOM_RARE_CARD","is_daily":false,"chose_seed":false,"campfire_upgraded":0,"win_rate":0.0,"timestamp":1609282022,"path_taken":["M","M","?","M","M","R","E","R","T","M","M","M","R","E","R","BOSS"],"items_purchased_type":[],"build_version":"2020-12-22","purchased_purges":0,"victory":false,"max_hp_per_floor":[66,66,71,71,71,71,71,71,71,71,71,71,71,71,71,71,71],"relic_stats":{"counters":[10,38],"obtain_stats":[{"Girya":7,"Vajra":14,"InkBottle":9,"Ring of the Snake":0},{"Girya":5,"Vajra":9,"InkBottle":5,"Ring of the Snake":0},{"Girya":20,"Vajra":32,"InkBottle":20,"Ring of the Snake":0}],"InkBottle":[5],"Ring of the Snake":[20]},"card_choices":[{"not_picked":["Acrobatics","Dagger Throw"],"picked":"Dagger Spray","floor":1.0},{"not_picked":["Leg Sweep","Flying Knee"],"picked":"Predator","floor":2.0},{"not_picked":["Backflip","Slice"],"picked":"Dagger Throw","floor":4.0},{"not_picked":["Outmaneuver","Calculated Gamble"],"picked":"Phantasmal Killer","floor":5.0},{"not_picked":["Quick Slash","Deadly Poison"],"picked":"Venomology","floor":7.0},{"not_picked":["Accuracy","Flying Knee"],"picked":"Cloak And Dagger","floor":10.0},{"not_picked":["Acrobatics","Catalyst"],"picked":"Sucker Punch","floor":11.0},{"not_picked":["Acrobatics","Poisoned Stab"],"picked":"Finisher","floor":12.0},{"not_picked":["Backflip","Caltrops"],"picked":"Bouncing Flask","floor":14.0}],"player_experience":2904159,"relics_obtained":[{"floor":7.0,"key":"Girya"},{"floor":9.0,"key":"InkBottle"},{"floor":14.0,"key":"Vajra"}],"event_choices":[{"damage_healed":0.0,"max_hp_gain":5.0,"max_hp_loss":0.0,"gold_gain":0.0,"event_name":"Big Fish","player_choice":"Donut","floor":3.0,"gold_loss":0.0,"damage_taken":0.0}],"is_beta":false,"boss_relics":[],"items_purged_floors":[],"is_endless":false,"potions_floor_spawned":[2,7,10,14],"killed_by":"The Guardian","ascension_level":20}}