{"host":"67b023zx83deun0a","time":1609210162,"event":{"mods":["BaseMod","Minty Spire (QoL Compilation)","Relic Stats","StSLib"],"gold_per_floor":[116,66,82,96,115,146,146,176,199,199,214,246,304,321,321,422,422,437,347,361,96,113,148,148,180,228,260,9,9,24,59,59,155,155,167,187,13,13,25,25,55,55,106,133,153,166,200,200,200,200,200,200,125,155,155],"floor_reached":56,"playtime":6562,"items_purged":["Strike_B","Strike_B"],"score":1913,"play_id":"59acb4c7-7acd-4c65-bd17-b0561ca9445d","local_time":"20201228184922","is_ascension_mode":true,"campfire_choices":[{"data":"Steam","floor":7.0,"key":"SMITH"},{"floor":10.0,"key":"REST"},{"data":"Zap","floor":15.0,"key":"SMITH"},{"data":"Hologram","floor":24.0,"key":"SMITH"},{"data":"Multi-Cast","floor":29.0,"key":"SMITH"},{"data":"Loop","floor":32.0,"key":"SMITH"},{"data":"Seek","floor":40.0,"key":"SMITH"},{"data":"Secret Technique","floor":42.0,"key":"SMITH"},{"floor":49.0,"key":"RECALL"},{"data":"Panacea","floor":52.0,"key":"SMITH"}],"circlet_count":0,"master_deck":["Strike_B","Defend_B","Defend_B","Defend_B","Zap+1","Dualcast","Biased Cognition","Redo","Go for the Eyes","Steam+1","Cold Snap","Doom and Gloom","Core Surge","Hologram+1","Conserve Battery+1","Coolheaded+1","Multi-Cast+1","Double Energy+1","Skim+1","Loop+1","Steam Power","Electrodynamics","Chill+1","Compile Driver+1","Panacea+1","Glacier+1","Leap+1","Seek+1","Chaos+1","Tempest","Secret Technique+1","Skim+1","Core Surge","Lockon+1","Biased Cognition","Go for the Eyes+1","Lockon","Capacitor","Coolheaded+1","Double Energy"],"relics":["Cracked Core","Regal Pillow","Lantern","Juzu Bracelet","Anchor","Runic Dome","PreservedInsect","Ancient Tea Set","Bronze Scales","Art of War","Nunchaku","Membership Card","Torii","Coffee Dripper","Runic Capacitor","Thread and Needle","War Paint","Bag of Preparation","Singing Bowl","Orrery","Eternal Feather"],"acts_visited":["Exordium","TheCity","TheBeyond","TheEnding"],"potions_floor_usage":[55,55],"damage_taken":[{"damage":1.0,"enemies":"Cultist","floor":1.0,"turns":3.0},{"damage":4.0,"enemies":"Small Slimes","floor":3.0,"turns":3.0},{"damage":6.0,"enemies":"2 Louse","floor":4.0,"turns":2.0},{"damage":7.0,"enemies":"Exordium Thugs","floor":5.0,"turns":4.0},{"damage":22.0,"enemies":"3 Sentries","floor":6.0,"turns":8.0},{"damage":15.0,"enemies":"Gremlin Nob","floor":8.0,"turns":4.0},{"damage":7.0,"enemies":"Exordium Wildlife","floor":11.0,"turns":3.0},{"damage":15.0,"enemies":"3 Sentries","floor":12.0,"turns":5.0},{"damage":4.0,"enemies":"3 Sentries","floor":13.0,"turns":7.0},{"damage":4.0,"enemies":"Gremlin Gang","floor":14.0,"turns":4.0},{"damage":3.0,"enemies":"Hexaghost","floor":16.0,"turns":8.0},{"damage":2.0,"enemies":"Chosen","floor":18.0,"turns":5.0},{"damage":0.0,"enemies":"Spheric Guardian","floor":20.0,"turns":3.0},{"damage":0.0,"enemies":"Snecko","floor":22.0,"turns":5.0},{"damage":5.0,"enemies":"Slavers","floor":23.0,"turns":3.0},{"damage":0.0,"enemies":"Gremlin Leader","floor":25.0,"turns":4.0},{"damage":0.0,"enemies":"Book of Stabbing","floor":27.0,"turns":4.0},{"damage":2.0,"enemies":"Centurion and Healer","floor":30.0,"turns":3.0},{"damage":1.0,"enemies":"Gremlin Leader","floor":31.0,"turns":3.0},{"damage":67.0,"enemies":"Champ","floor":33.0,"turns":14.0},{"damage":6.0,"enemies":"3 Darklings","floor":35.0,"turns":4.0},{"damage":0.0,"enemies":"Orb Walker","floor":36.0,"turns":3.0},{"damage":0.0,"enemies":"Transient","floor":39.0,"turns":5.0},{"damage":0.0,"enemies":"Nemesis","floor":41.0,"turns":1.0},{"damage":0.0,"enemies":"Giant Head","floor":44.0,"turns":6.0},{"damage":0.0,"enemies":"3 Darklings","floor":45.0,"turns":4.0},{"damage":0.0,"enemies":"Jaw Worm Horde","floor":46.0,"turns":2.0},{"damage":0.0,"enemies":"Reptomancer","floor":47.0,"turns":5.0},{"damage":0.0,"enemies":"Donu and Deca","floor":50.0,"turns":4.0},{"damage":0,"enemies":"Shield and Spear","floor":54,"turns":4},{"damage":7,"enemies":"The Heart","floor":55,"turns":7}],"seed_played":"-363809933819804052","potions_obtained":[{"floor":4.0,"key":"SpeedPotion"},{"floor":5.0,"key":"ColorlessPotion"},{"floor":6.0,"key":"Fire Potion"},{"floor":12.0,"key":"LiquidBronze"},{"floor":16.0,"key":"EntropicBrew"},{"floor":22.0,"key":"Explosive Potion"},{"floor":31.0,"key":"Energy Potion"},{"floor":33.0,"key":"PowerPotion"}],"is_trial":false,"path_per_floor":["M","?","M","M","M","E","R","E","T","R","M","E","?","M","R","B",null,"M","?","M","$","M","E","R","E","T","E","$","R","M","E","R","B",null,"M","M","$","?","M","R","E","R","T","E","M","M","E","?","R","B",null,"R","$","E","B",null],"character_chosen":"DEFECT","items_purchased":["Loop","PreservedInsect","Membership Card","Panacea","Runic Capacitor","Tempest","Secret Technique","Orrery"],"campfire_rested":1,"item_purchase_floors":[21,21,28,28,37,37,37,53],"current_hp_per_floor":[67,67,63,57,50,28,28,13,13,50,43,28,24,20,20,17,61,59,59,59,59,59,54,54,54,54,54,54,54,52,51,51,22,62,56,56,56,56,56,56,56,56,56,56,56,56,58,58,58,58,72,72,74,74,67],"gold":155,"neow_bonus":"ONE_RANDOM_RARE_CARD","is_daily":false,"chose_seed":false,"campfire_upgraded":8,"win_rate":0.0,"timestamp":1609210162,"path_taken":["M","?","M","M","M","E","R","E","T","R","M","E","?","M","R","BOSS","M","?","M","?","M","E","R","E","T","E","$","R","M","E","R","BOSS","M","M","$","?","M","R","E","R","T","E","M","M","E","?","R","BOSS","R","$","E","BOSS"],"items_purchased_type":["Card","Relic","Relic","Card","Relic","Card","Card","Relic"],"build_version":"2020-12-22","purchased_purges":2,"victory":true,"max_hp_per_floor":[75,75,75,75,75,75,75,75,75,75,75,75,75,75,75,75,75,75,75,75,75,75,75,75,75,75,75,75,75,75,75,75,75,75,75,75,75,75,75,75,75,75,75,75,75,75,77,77,77,77,77,77,79,79,79],"relic_stats":{"Regal Pillow":15,"Torii":0,"Singing Bowl":4,"counters":[31,140],"Eternal Feather":0,"PreservedInsect":469,"Juzu Bracelet":1,"Bag of Preparation":[12],"War Paint":["Glacier","Conserve Battery"],"Nunchaku":[10],"Bronze Scales":[285],"Art of War":[11],"obtain_stats":[{"Regal Pillow":6,"Lantern":8,"Torii":31,"Singing Bowl":47,"Thread and Needle":41,"Eternal Feather":54,"PreservedInsect":21,"Juzu Bracelet":12,"Runic Capacitor":37,"Bag of Preparation":44,"War Paint":43,"Ancient Tea Set":23,"Runic Dome":17,"Anchor":13,"Nunchaku":27,"Bronze Scales":25,"Orrery":53,"Art of War":26,"Coffee Dripper":34,"Membership Card":28,"Cracked Core":0},{"Regal Pillow":5,"Lantern":6,"Torii":19,"Singing Bowl":28,"Thread and Needle":24,"Eternal Feather":30,"PreservedInsect":13,"Juzu Bracelet":8,"Runic Capacitor":22,"Bag of Preparation":25,"War Paint":24,"Ancient Tea Set":15,"Runic Dome":11,"Anchor":8,"Nunchaku":17,"Bronze Scales":16,"Orrery":29,"Art of War":16,"Coffee Dripper":20,"Membership Card":17,"Cracked Core":0},{"Regal Pillow":20,"Lantern":24,"Torii":81,"Singing Bowl":125,"Thread and Needle":108,"Eternal Feather":133,"PreservedInsect":59,"Juzu Bracelet":32,"Runic Capacitor":102,"Bag of Preparation":114,"War Paint":108,"Ancient Tea Set":67,"Runic Dome":51,"Anchor":32,"Nunchaku":75,"Bronze Scales":71,"Orrery":129,"Art of War":71,"Coffee Dripper":95,"Membership Card":75,"Cracked Core":0}]},"card_choices":[{"not_picked":["Hologram","Streamline"],"picked":"Redo","floor":1.0},{"not_picked":["Storm","Reinforced Body"],"picked":"Go for the Eyes","floor":3.0},{"not_picked":["Recycle","Barrage"],"picked":"Steam","floor":4.0},{"not_picked":["Conserve Battery","Force Field"],"picked":"Cold Snap","floor":5.0},{"not_picked":["Rip and Tear","Melter"],"picked":"Doom and Gloom","floor":6.0},{"not_picked":["Go for the Eyes","Hologram"],"picked":"Core Surge","floor":8.0},{"not_picked":["Beam Cell","Stack"],"picked":"Hologram","floor":11.0},{"not_picked":["Hologram","Leap"],"picked":"Conserve Battery","floor":12.0},{"not_picked":["Steam","Redo"],"picked":"Coolheaded","floor":13.0},{"not_picked":["Hologram","Conserve Battery","Consume"],"picked":"SKIP","floor":14.0},{"not_picked":["Rainbow","Thunder Strike"],"picked":"Multi-Cast","floor":16.0},{"not_picked":["Conserve Battery","Rip and Tear+1"],"picked":"Double Energy+1","floor":18.0},{"not_picked":["Compile Driver","Gash+1"],"picked":"Skim+1","floor":20.0},{"not_picked":["Ball Lightning","Stack"],"picked":"Steam Power","floor":22.0},{"not_picked":["Chill","Rebound"],"picked":"Electrodynamics","floor":23.0},{"not_picked":["Recycle","Hologram"],"picked":"Chill+1","floor":25.0},{"not_picked":["Sweeping Beam","Leap"],"picked":"Compile Driver+1","floor":27.0},{"not_picked":["Sunder+1","Beam Cell+1"],"picked":"Glacier","floor":30.0},{"not_picked":["Streamline+1","Rebound"],"picked":"Leap+1","floor":31.0},{"not_picked":["Fission","Multi-Cast"],"picked":"Seek","floor":33.0},{"not_picked":["Cold Snap","Force Field","Gash"],"picked":"SKIP","floor":35.0},{"not_picked":["Redo","Fusion"],"picked":"Chaos+1","floor":36.0},{"not_picked":["FTL","Loop","Hologram+1"],"picked":"SKIP","floor":39.0},{"not_picked":["Leap+1","Melter"],"picked":"Skim+1","floor":41.0},{"not_picked":["Compile Driver","Storm"],"picked":"Core Surge","floor":44.0},{"not_picked":["Cold Snap+1","Conserve Battery+1","Auto Shields"],"picked":"SKIP","floor":45.0},{"not_picked":["Turbo","Gash+1"],"picked":"Lockon+1","floor":46.0},{"not_picked":["Redo","Hello World","Cold Snap"],"picked":"Singing Bowl","floor":47.0},{"not_picked":["Leap+1","Gash+1","Reprogram+1"],"picked":"Singing Bowl","floor":53},{"not_picked":["BootSequence","Coolheaded+1"],"picked":"Go for the Eyes+1","floor":53},{"not_picked":["Gash","Stack+1"],"picked":"Lockon","floor":53},{"not_picked":["Static Discharge","Meteor Strike"],"picked":"Capacitor","floor":53},{"not_picked":["Darkness+1","Stack"],"picked":"Coolheaded+1","floor":53},{"not_picked":["Blizzard","Sweeping Beam"],"picked":"Double Energy","floor":54}],"player_experience":332511,"relics_obtained":[{"floor":6.0,"key":"Regal Pillow"},{"floor":8.0,"key":"Lantern"},{"floor":12.0,"key":"Juzu Bracelet"},{"floor":23.0,"key":"Ancient Tea Set"},{"floor":25.0,"key":"Bronze Scales"},{"floor":26.0,"key":"Art of War"},{"floor":27.0,"key":"Nunchaku"},{"floor":31.0,"key":"Torii"},{"floor":41.0,"key":"Thread and Needle"},{"floor":43.0,"key":"War Paint"},{"floor":44.0,"key":"Bag of Preparation"},{"floor":47.0,"key":"Singing Bowl"},{"floor":54,"key":"Eternal Feather"}],"event_choices":[{"cards_removed":["Defend_B"],"damage_healed":0.0,"max_hp_gain":0.0,"max_hp_loss":0.0,"gold_gain":0.0,"event_name":"The Cleric","player_choice":"Card Removal","floor":2.0,"gold_loss":50.0,"damage_taken":0.0},{"damage_healed":0.0,"max_hp_gain":0.0,"max_hp_loss":0.0,"gold_gain":0.0,"event_name":"Dead Adventurer","player_choice":"Searched \u00272\u0027 times","floor":13.0,"gold_loss":0.0,"damage_taken":0.0,"relics_obtained":["Anchor"]},{"cards_removed":["Strike_B"],"damage_healed":0.0,"max_hp_gain":0.0,"max_hp_loss":0.0,"gold_gain":0.0,"event_name":"Designer","player_choice":"Upgrade and Remove","floor":19.0,"gold_loss":90.0,"damage_taken":0.0,"cards_upgraded":["Coolheaded"]},{"damage_healed":0.0,"max_hp_gain":0.0,"max_hp_loss":0.0,"gold_gain":0.0,"event_name":"Match and Keep!","player_choice":"0 cards matched","floor":38.0,"gold_loss":0.0,"damage_taken":0.0,"cards_obtained":[]},{"damage_healed":0.0,"max_hp_gain":0.0,"max_hp_loss":0.0,"gold_gain":0.0,"event_name":"Duplicator","player_choice":"Copied","floor":48.0,"gold_loss":0.0,"damage_taken":0.0,"cards_obtained":["Biased Cognition"]}],"is_beta":false,"boss_relics":[{"not_picked":["Snecko Eye","Inserter"],"picked":"Runic Dome"},{"not_picked":["Pandora\u0027s Box","Tiny House"],"picked":"Coffee Dripper"}],"items_purged_floors":[21,28],"is_endless":false,"potions_floor_spawned":[4,5,6,12,16,20,22,31,33,41,47,54],"ascension_level":6}}