{"host":"k7udt7atmcuzf6l0","time":1609222708,"event":{"mods":["AchievementEnabler","BaseMod","Colored Map","Colored Powertips","Highlight Path","Minty Spire (QoL Compilation)","Quick Restart","Rare Cards Sparkle","StSLib","UnlockEverythingMod"],"gold_per_floor":[119,138,150,150,150,179,179,214,263,63,63,76,76,94,94,194,194,204,204,215,228,134,134,146,73,125,35,35,52,52,63,63,166,166,176,176,193,38,51,77,91,0,24,24,42,76,76,89,89,89],"floor_reached":51,"playtime":1293,"items_purged":[],"score":744,"play_id":"6e424c46-aae1-4b2d-a242-287837763651","local_time":"20201229141828","is_ascension_mode":false,"campfire_choices":[{"data":"Inflame","floor":7.0,"key":"SMITH"},{"data":"Body Slam","floor":11.0,"key":"SMITH"},{"data":"Flex","floor":13.0,"key":"SMITH"},{"data":"Pommel Strike","floor":15.0,"key":"SMITH"},{"data":"Double Tap","floor":23.0,"key":"SMITH"},{"data":"Dual Wield","floor":28,"key":"SMITH"},{"data":"Seeing Red","floor":30,"key":"SMITH"},{"floor":32,"key":"REST"},{"data":"Burning Pact","floor":44,"key":"SMITH"},{"data":"Bash","floor":47,"key":"SMITH"},{"data":"Seeing Red","floor":49,"key":"SMITH"}],"circlet_count":0,"master_deck":["Strike_R","Strike_R","Strike_R","Strike_R","Strike_R","Defend_R+1","Defend_R","Defend_R+1","Bash+1","Flex+1","Cleave+1","Flex+1","Inflame+1","Clash","Body Slam+1","Seeing Red+1","Pommel Strike+1","Double Tap+1","Whirlwind+1","Thunderclap+1","Dual Wield+1","Burning Pact+1","Flex+1","Twin Strike+1","Warcry+1","Heavy Blade+1","Clash+1","Dual Wield+1","True Grit+1","Seeing Red+1"],"relics":["Burning Blood","NeowsBlessing","Kunai","Omamori","Blood Vial","War Paint","Orichalcum","SlaversCollar","Necronomicon","Thread and Needle","Toy Ornithopter","Black Star","Sling","Letter Opener","Bronze Scales","Red Mask","Centennial Puzzle","White Beast Statue","Mummified Hand"],"acts_visited":["Exordium","TheCity","TheBeyond"],"potions_floor_usage":[29,31,33,35,41,48,48,50,50],"damage_taken":[{"damage":0.0,"enemies":"Cultist","floor":1.0,"turns":1.0},{"damage":0.0,"enemies":"2 Louse","floor":2.0,"turns":1.0},{"damage":0.0,"enemies":"Jaw Worm","floor":3.0,"turns":1.0},{"damage":10.0,"enemies":"3 Sentries","floor":6.0,"turns":6.0},{"damage":25.0,"enemies":"Lagavulin","floor":8.0,"turns":5.0},{"damage":5.0,"enemies":"Large Slime","floor":12.0,"turns":3.0},{"damage":4.0,"enemies":"2 Fungi Beasts","floor":14.0,"turns":3.0},{"damage":24.0,"enemies":"The Guardian","floor":16.0,"turns":7.0},{"damage":4.0,"enemies":"Spheric Guardian","floor":18.0,"turns":3.0},{"damage":12.0,"enemies":"3 Byrds","floor":20.0,"turns":5.0},{"damage":26.0,"enemies":"Snecko","floor":21.0,"turns":5.0},{"damage":25.0,"enemies":"Snake Plant","floor":24.0,"turns":4.0},{"damage":0,"enemies":"Centurion and Healer","floor":29,"turns":4},{"damage":0,"enemies":"Chosen and Byrds","floor":31,"turns":3},{"damage":37,"enemies":"Automaton","floor":33,"turns":5},{"damage":5,"enemies":"Orb Walker","floor":35,"turns":2},{"damage":24,"enemies":"3 Shapes","floor":37,"turns":2},{"damage":0,"enemies":"3 Darklings","floor":39,"turns":2},{"damage":0,"enemies":"Giant Head","floor":40,"turns":4},{"damage":25,"enemies":"Transient","floor":41,"turns":5},{"damage":20,"enemies":"Writhing Mass","floor":45,"turns":3},{"damage":2,"enemies":"Reptomancer","floor":46,"turns":2},{"damage":6,"enemies":"Maw","floor":48,"turns":5},{"damage":43,"enemies":"Awakened One","floor":50,"turns":5}],"seed_played":"-1467335774302831991","potions_obtained":[{"floor":1.0,"key":"SkillPotion"},{"floor":2.0,"key":"ColorlessPotion"},{"floor":8.0,"key":"PowerPotion"},{"floor":14.0,"key":"Block Potion"},{"floor":16.0,"key":"Energy Potion"},{"floor":18.0,"key":"PowerPotion"},{"floor":29,"key":"SpeedPotion"},{"floor":31,"key":"Regen Potion"},{"floor":33,"key":"PowerPotion"},{"floor":39,"key":"HeartOfIron"},{"floor":40,"key":"ElixirPotion"},{"floor":41,"key":"ElixirPotion"},{"floor":46,"key":"ColorlessPotion"},{"floor":48,"key":"SkillPotion"}],"is_trial":false,"path_per_floor":["M","M","M","?","?","E","R","E","T","$","R","M","R","M","R","B",null,"M","?","M","M","?","R","M","$","T","?","R","M","R","M","R","B",null,"M","?","M","$","M","E","M","?","T","R","M","E","R","M","R","B",null],"character_chosen":"IRONCLAD","items_purchased":["Orichalcum","Body Slam","Dual Wield","Sling"],"campfire_rested":1,"item_purchase_floors":[10,10,25,38],"current_hp_per_floor":[80,80,80,68,68,64,64,45,45,45,45,48,48,52,52,36,80,80,64,60,42,42,42,25,25,25,25,25,38,38,51,75,54,80,80,80,62,62,70,78,66,66,66,66,54,60,60,72,72,43],"gold":89,"neow_bonus":"THREE_ENEMY_KILL","is_daily":false,"chose_seed":false,"campfire_upgraded":10,"win_rate":0.0,"timestamp":1609222708,"path_taken":["M","?","M","?","?","E","R","E","T","$","R","M","R","M","R","BOSS","M","?","M","M","?","R","?","?","T","?","R","M","R","?","R","BOSS","M","?","M","$","?","E","M","?","T","R","M","E","R","M","R","BOSS"],"items_purchased_type":["Relic","Card","Card","Relic"],"build_version":"2020-12-22","purchased_purges":0,"victory":true,"max_hp_per_floor":[80,80,80,80,80,80,80,80,80,80,80,80,80,80,80,80,80,80,80,80,80,80,80,80,80,80,80,80,80,80,80,80,80,80,80,80,80,80,80,80,80,80,80,80,80,80,80,80,80,80],"card_choices":[{"not_picked":["Blood for Blood","Iron Wave"],"picked":"Flex","floor":1.0},{"not_picked":["Headbutt","Entrench"],"picked":"Cleave","floor":2.0},{"not_picked":["Fire Breathing","Hemokinesis"],"picked":"Flex","floor":3.0},{"not_picked":["Searing Blow","Fiend Fire"],"picked":"Inflame","floor":6.0},{"not_picked":["Flame Barrier","Shrug It Off"],"picked":"Clash","floor":8.0},{"not_picked":["Inflame","Shrug It Off"],"picked":"Seeing Red","floor":12.0},{"not_picked":["Searing Blow","Shrug It Off"],"picked":"Pommel Strike","floor":14.0},{"not_picked":["Demon Form","Brutality"],"picked":"Double Tap","floor":16.0},{"not_picked":["Body Slam","Clash","Ghostly Armor"],"picked":"SKIP","floor":18.0},{"not_picked":["Iron Wave","Clash","Dropkick"],"picked":"SKIP","floor":20.0},{"not_picked":["Havoc","Warcry"],"picked":"Whirlwind+1","floor":21.0},{"not_picked":["Warcry","Fire Breathing"],"picked":"Thunderclap+1","floor":24.0},{"not_picked":["Shrug It Off","Pommel Strike"],"picked":"Burning Pact","floor":29},{"not_picked":["Dropkick","Fire Breathing"],"picked":"Flex+1","floor":31},{"not_picked":["Whirlwind+1","Flex+1"],"picked":"Twin Strike+1","floor":35},{"not_picked":["Reckless Charge","Anger","Dropkick"],"picked":"SKIP","floor":37},{"not_picked":["Perfected Strike","Second Wind+1"],"picked":"Warcry+1","floor":39},{"not_picked":["Armaments","Twin Strike"],"picked":"Heavy Blade+1","floor":40},{"not_picked":["Thunderclap+1","Iron Wave"],"picked":"Clash+1","floor":41},{"not_picked":["Combust+1","Thunderclap+1"],"picked":"Dual Wield+1","floor":45},{"not_picked":["Immolate","Clothesline"],"picked":"True Grit+1","floor":46},{"not_picked":["Thunderclap+1","Clash"],"picked":"Seeing Red","floor":48}],"player_experience":16346,"relics_obtained":[{"floor":6.0,"key":"Omamori"},{"floor":8.0,"key":"Blood Vial"},{"floor":9.0,"key":"War Paint"},{"floor":19.0,"key":"Necronomicon"},{"floor":26.0,"key":"Toy Ornithopter"},{"floor":40,"key":"Letter Opener"},{"floor":40,"key":"Bronze Scales"},{"floor":43,"key":"Centennial Puzzle"},{"floor":46,"key":"White Beast Statue"},{"floor":46,"key":"Mummified Hand"}],"event_choices":[{"damage_healed":0.0,"max_hp_gain":0.0,"max_hp_loss":0.0,"gold_gain":0.0,"event_name":"Scrap Ooze","player_choice":"Success","floor":4.0,"gold_loss":0.0,"damage_taken":12.0,"relics_obtained":["Kunai"]},{"damage_healed":0.0,"max_hp_gain":0.0,"max_hp_loss":0.0,"gold_gain":0.0,"event_name":"Living Wall","player_choice":"Grow","floor":5.0,"gold_loss":0.0,"damage_taken":0.0,"cards_upgraded":["Flex"]},{"damage_healed":0.0,"max_hp_gain":0.0,"max_hp_loss":0.0,"gold_gain":0.0,"event_name":"Cursed Tome","player_choice":"Obtained Book","floor":19.0,"gold_loss":0.0,"damage_taken":16.0},{"damage_healed":0.0,"max_hp_gain":0.0,"max_hp_loss":0.0,"gold_gain":0.0,"event_name":"WeMeetAgain","player_choice":"Paid Gold","floor":22.0,"gold_loss":94.0,"damage_taken":0.0,"relics_obtained":["Thread and Needle"]},{"cards_removed":["Defend_R"],"damage_healed":0,"gold_gain":0,"player_choice":"Upgrade and Remove","damage_taken":0,"max_hp_gain":0,"max_hp_loss":0,"event_name":"Designer","floor":27,"gold_loss":90,"cards_upgraded":["Cleave"]},{"damage_healed":0,"gold_gain":0,"player_choice":"Full Heal","damage_taken":0,"max_hp_gain":0,"max_hp_loss":0,"event_name":"Wheel of Change","floor":36,"gold_loss":0},{"damage_healed":0,"gold_gain":0,"player_choice":"Paid","damage_taken":0,"relics_obtained":["Red Mask"],"max_hp_gain":0,"max_hp_loss":0,"event_name":"Tomb of Lord Red Mask","floor":42,"gold_loss":91}],"is_beta":false,"boss_relics":[{"not_picked":["Tiny House","SacredBark"],"picked":"SlaversCollar"},{"not_picked":["Black Blood","Mark of Pain"],"picked":"Black Star"}],"items_purged_floors":[],"is_endless":false,"potions_floor_spawned":[1,2,8,14,16,18,29,31,33,39,40,41,46,48],"ascension_level":0}}