{"host":"j29osl8nelwi4hyu","time":1609231258,"event":{"mods":["BaseMod","Colored Powertips","Hubris","Infinite Spire","Minty Spire (QoL Compilation)","Replay The Spire","StSLib"],"gold_per_floor":[117,134,134,151,151,176,196,127,127,127,127,127,127,127,43,55,55,160,260,273,335,335,353,353,353],"floor_reached":24,"playtime":3190,"items_purged":[],"score":255,"play_id":"3a24a330-6172-4022-b77a-e9630b9d4d4e","local_time":"20201229004058","is_ascension_mode":true,"campfire_choices":[{"floor":13.0,"key":"REST"},{"data":"hubris:Ukulele","floor":17.0,"key":"SMITH"}],"circlet_count":0,"master_deck":["Strike_B","Strike_B","Strike_B","Strike_B","Defend_B","Defend_B","Defend_B","Defend_B","Zap","Dualcast","hubris:Ukulele+1","Static Discharge","Sweeping Beam","Ball Lightning","infinitespire:UltimateForm","Self Repair+1","Ball Lightning","Capacitor","Zap","Rebound","Rebound","Cold Snap","Core Surge","hubris:Despair","Biased Cognition","infinitespire:FutureSight","BasicCrystalCard","Conserve Battery+1","Writhe","Conserve Battery"],"relics":["Cracked Core","ReplayTheSpireMod:Ring of Challenge","hubris:MobiusCoin","Kunai","ReplayTheSpireMod:SealedPack","Replay:Bottled Flurry"],"acts_visited":["Exordium","TheCity"],"potions_floor_usage":[23],"damage_taken":[{"damage":3.0,"enemies":"2 Louse","floor":1.0,"turns":2.0},{"damage":5.0,"enemies":"Small Slimes","floor":2.0,"turns":3.0},{"damage":1.0,"enemies":"Cultist","floor":4.0,"turns":4.0},{"damage":19.0,"enemies":"3 Sentries","floor":6.0,"turns":4.0},{"damage":6.0,"enemies":"2 Fungi Beasts","floor":7.0,"turns":3.0},{"damage":0.0,"enemies":"Large Slime","floor":16.0,"turns":4.0},{"damage":25.0,"enemies":"Hexaghost","floor":18.0,"turns":9.0},{"damage":4.0,"enemies":"Spheric Guardian","floor":20.0,"turns":3.0},{"damage":30.0,"enemies":"3 Byrds","floor":21.0,"turns":4.0},{"damage":39,"enemies":"Sentry and Sphere","floor":23,"turns":5},{"damage":20,"enemies":"Shelled Parasite and Fungi","floor":24,"turns":1}],"seed_played":"-5749918233704527605","potions_obtained":[{"floor":4.0,"key":"SneckoOil"},{"floor":7.0,"key":"Elixir"},{"floor":18.0,"key":"PowerPotion"},{"floor":20.0,"key":"ColorlessPotion"}],"is_trial":false,"path_per_floor":["M","M","?","M","?","E","M","$","T","PTL","PTL","?","R","?","$","M","R","B",null,"M","M","?","M","M"],"character_chosen":"DEFECT","items_purchased":["Capacitor","Rebound","Explosive Potion"],"campfire_rested":1,"item_purchase_floors":[8,15,15],"current_hp_per_floor":[65,60,60,59,41,22,23,23,23,23,23,23,45,45,45,45,45,30,64,60,40,40,11,0,0],"gold":353,"neow_bonus":"THREE_CARDS","is_daily":false,"chose_seed":false,"campfire_upgraded":1,"win_rate":0.0,"timestamp":1609231258,"path_taken":["M","M","?","M","?","E","M","$","T","PTL","PTL","?","R","?","$","M","R","BOSS","M","?","?","M","M"],"items_purchased_type":["Card","Card","Potion"],"build_version":"2020-12-22","purchased_purges":0,"victory":false,"max_hp_per_floor":[75,75,75,75,75,75,75,75,75,75,75,75,75,75,75,75,75,75,75,75,75,75,75,75,75],"card_choices":[{"not_picked":["Go for the Eyes","Streamline"],"picked":"hubris:Ukulele","floor":0.0},{"not_picked":["Cold Snap","Streamline"],"picked":"Static Discharge","floor":1.0},{"not_picked":["Barrage","ReplayGash"],"picked":"Sweeping Beam","floor":2.0},{"not_picked":["Turbo","Barrage"],"picked":"Ball Lightning","floor":4.0},{"not_picked":["ReplayTheSpireMod:Chaos Vortex","infinitespire:Execution"],"picked":"infinitespire:UltimateForm","floor":5.0},{"not_picked":["BasicCrystalCard","Barrage"],"picked":"Self Repair","floor":6.0},{"not_picked":["Blizzard","ReplayGash"],"picked":"Ball Lightning","floor":7.0},{"not_picked":["BasicCrystalCard","BootSequence"],"picked":"Cold Snap","floor":16.0},{"not_picked":["Seek","Creative AI"],"picked":"Core Surge","floor":18.0},{"not_picked":["hubris:Prefetch","Seek"],"picked":"Biased Cognition","floor":19.0},{"not_picked":["hubris:Fate","infinitespire:Oblivion"],"picked":"infinitespire:FutureSight","floor":19.0},{"not_picked":["Recycle","Sweeping Beam"],"picked":"BasicCrystalCard","floor":20.0},{"not_picked":["Sweeping Beam","Reprogram"],"picked":"Conserve Battery+1","floor":21.0},{"not_picked":["Reprogram","Aggregate"],"picked":"Conserve Battery","floor":23}],"player_experience":279773,"relics_obtained":[{"floor":3.0,"key":"ReplayTheSpireMod:Ring of Challenge"},{"floor":6.0,"key":"hubris:MobiusCoin"},{"floor":9.0,"key":"Kunai"}],"event_choices":[{"damage_healed":0.0,"max_hp_gain":0.0,"max_hp_loss":0.0,"gold_gain":0.0,"event_name":"Match and Keep!","player_choice":"1 cards matched","floor":14.0,"gold_loss":0.0,"damage_taken":0.0,"cards_obtained":["Zap"]},{"damage_healed":0.0,"max_hp_gain":0.0,"max_hp_loss":0.0,"gold_gain":0.0,"event_name":"The Mausoleum","player_choice":"Opened","floor":22.0,"gold_loss":0.0,"damage_taken":0.0,"relics_obtained":["Replay:Bottled Flurry"],"cards_obtained":["Writhe"]}],"is_beta":false,"boss_relics":[{"not_picked":["SlaversCollar","Replay:Drink Me"],"picked":"ReplayTheSpireMod:SealedPack"}],"items_purged_floors":[],"is_endless":false,"potions_floor_spawned":[4,7,18,20],"killed_by":"Shelled Parasite and Fungi","ascension_level":6}}