{"host":"w4b7hmige5bnqipq","time":1609225982,"event":{"mods":["2.2 Compatiblity","BaseMod","Colored Map","DeckTracker","Keyboard Shortcuts","Minty Spire (QoL Compilation)","Permanent Neow","Rare Cards Sparkle","SuperFastMode","everything is the same but u backflip on backflip","slay the spire mod where everything is the same but ironclad has a cowboy hat"],"gold_per_floor":[114,129,129,190,209,209,534,534,534,551,551,615,164,189,189,262,262,272,9,25,75,92,92,126,126,153,153,153],"floor_reached":27,"playtime":854,"items_purged":["Strike_R","Strike_R"],"score":462,"play_id":"e5a74376-0a2e-4f3b-b73c-6d760b6eb13b","local_time":"20201229161302","is_ascension_mode":true,"campfire_choices":[{"data":"Uppercut","floor":6.0,"key":"SMITH"},{"data":"Pommel Strike","floor":8.0,"key":"SMITH"},{"data":"Flex","floor":11.0,"key":"SMITH"},{"data":"Apotheosis","floor":15.0,"key":"SMITH"},{"data":"Berserk","floor":23.0,"key":"SMITH"},{"data":"Burning Pact","floor":25.0,"key":"SMITH"}],"circlet_count":0,"master_deck":["AscendersBane","Strike_R","Strike_R","Strike_R","Defend_R","Defend_R","Defend_R","Defend_R","Bash","Pommel Strike+1","Uppercut+1","Shrug It Off","Metallicize","Carnage","Flex+1","Burning Pact+1","Apotheosis+1","Impervious","Berserk+1","CurseOfTheBell","True Grit+1"],"relics":["Burning Blood","Dead Branch","SsserpentHead","Old Coin","Darkstone Periapt","HandDrill","Singing Bowl","Calling Bell","Pen Nib","Eternal Feather","Turnip","Medical Kit","Happy Flower","Dream Catcher"],"acts_visited":["Exordium","TheCity"],"potions_floor_usage":[],"damage_taken":[{"damage":15.0,"enemies":"Small Slimes","floor":1.0,"turns":4.0},{"damage":6.0,"enemies":"Cultist","floor":2.0,"turns":3.0},{"damage":1.0,"enemies":"2 Louse","floor":4.0,"turns":2.0},{"damage":0.0,"enemies":"Lots of Slimes","floor":5.0,"turns":2.0},{"damage":39.0,"enemies":"Lagavulin","floor":7.0,"turns":6.0},{"damage":4.0,"enemies":"3 Louse","floor":10.0,"turns":5.0},{"damage":3.0,"enemies":"2 Fungi Beasts","floor":12.0,"turns":3.0},{"damage":28.0,"enemies":"Gremlin Nob","floor":14.0,"turns":4.0},{"damage":11.0,"enemies":"Hexaghost","floor":16.0,"turns":9.0},{"damage":13.0,"enemies":"Chosen","floor":18.0,"turns":6.0},{"damage":27.0,"enemies":"Shell Parasite","floor":20.0,"turns":6.0},{"damage":15.0,"enemies":"Sentry and Sphere","floor":22.0,"turns":6.0},{"damage":5.0,"enemies":"Gremlin Leader","floor":24.0,"turns":8.0},{"damage":52,"enemies":"Slavers","floor":27,"turns":4}],"seed_played":"-4690010637786198186","potions_obtained":[{"floor":2.0,"key":"Explosive Potion"},{"floor":5.0,"key":"Ancient Potion"},{"floor":7.0,"key":"SteroidPotion"},{"floor":14.0,"key":"SteroidPotion"},{"floor":16.0,"key":"Block Potion"},{"floor":22.0,"key":"ColorlessPotion"}],"is_trial":false,"path_per_floor":["M","M","?","M","M","R","E","R","T","M","R","M","$","E","R","B",null,"M","$","M","?","M","R","E","R","T","E"],"character_chosen":"IRONCLAD","items_purchased":["Apotheosis","HandDrill","Medical Kit"],"campfire_rested":0,"item_purchase_floors":[13,13,19],"current_hp_per_floor":[59,59,59,64,68,68,35,35,35,37,37,40,40,18,18,13,60,55,55,36,36,29,41,42,54,54,2,2],"gold":153,"neow_bonus":"ONE_RARE_RELIC","is_daily":false,"chose_seed":false,"campfire_upgraded":6,"win_rate":0.0,"timestamp":1609225982,"path_taken":["M","M","?","?","M","R","E","R","T","M","R","?","$","E","R","BOSS","M","$","M","?","M","R","E","R","T","E"],"items_purchased_type":["Card","Relic","Relic"],"build_version":"2020-12-22","purchased_purges":2,"victory":false,"max_hp_per_floor":[68,68,68,68,68,68,68,68,68,68,68,68,68,68,68,68,74,76,76,78,78,80,80,80,80,80,80,80],"card_choices":[{"not_picked":["Clash","Iron Wave"],"picked":"Pommel Strike","floor":1.0},{"not_picked":["True Grit","Rampage"],"picked":"Uppercut","floor":2.0},{"not_picked":["Blood for Blood","Heavy Blade"],"picked":"Shrug It Off","floor":4.0},{"not_picked":["Whirlwind","Spot Weakness"],"picked":"Metallicize","floor":5.0},{"not_picked":["Shrug It Off","Clothesline"],"picked":"Carnage","floor":7.0},{"not_picked":["Pummel","True Grit"],"picked":"Flex","floor":10.0},{"not_picked":["Cleave","Flex"],"picked":"Burning Pact","floor":12.0},{"not_picked":["Reckless Charge","Inflame"],"picked":"Impervious","floor":14.0},{"not_picked":["Feed","Limit Break"],"picked":"Berserk","floor":16.0},{"not_picked":["Sword Boomerang","Spot Weakness+1","Heavy Blade"],"picked":"Singing Bowl","floor":18.0},{"not_picked":["Thunderclap","Armaments","Demon Form"],"picked":"Singing Bowl","floor":20.0},{"not_picked":["Iron Wave","Armaments","Spot Weakness"],"picked":"Singing Bowl","floor":22.0},{"not_picked":["Armaments","Wild Strike"],"picked":"True Grit+1","floor":24.0}],"player_experience":439959,"relics_obtained":[{"floor":7.0,"key":"Old Coin"},{"floor":9.0,"key":"Darkstone Periapt"},{"floor":14.0,"key":"Singing Bowl"},{"floor":17.0,"key":"Pen Nib"},{"floor":17.0,"key":"Eternal Feather"},{"floor":17.0,"key":"Turnip"},{"floor":24.0,"key":"Happy Flower"},{"floor":26.0,"key":"Dream Catcher"}],"event_choices":[{"damage_healed":0.0,"max_hp_gain":0.0,"max_hp_loss":0.0,"gold_gain":0.0,"event_name":"FaceTrader","player_choice":"Trade","floor":3.0,"gold_loss":0.0,"damage_taken":0.0,"relics_obtained":["SsserpentHead"]},{"damage_healed":0.0,"max_hp_gain":0.0,"max_hp_loss":0.0,"gold_gain":0.0,"event_name":"Ghosts","player_choice":"Ignored","floor":21.0,"gold_loss":0.0,"damage_taken":0.0}],"is_beta":false,"boss_relics":[{"not_picked":["Pandora\u0027s Box","Coffee Dripper"],"picked":"Calling Bell"}],"items_purged_floors":[13,19],"is_endless":false,"potions_floor_spawned":[2,5,7,14,16,22],"killed_by":"Slavers","ascension_level":18}}