{"host":"vumwfieg2b2mnrfl","time":1609284483,"event":{"mods":["AchievementEnabler","BaseMod","Minty Spire (QoL Compilation)","Rare Cards Sparkle","Relic Stats"],"gold_per_floor":[114,127,127,139,159,159,184,184,210,247,247,274,274,303,303,390,390,409,459,481,498,229,271,280,280,280],"floor_reached":25,"playtime":787,"items_purged":["Strike_R"],"score":404,"play_id":"0040bc05-4a2a-4006-b794-2d5e80bc49f6","local_time":"20201229172803","is_ascension_mode":true,"campfire_choices":[{"floor":6.0,"key":"REST"},{"floor":8.0,"key":"REST"},{"floor":11.0,"key":"REST"},{"data":"Demon Form","floor":13.0,"key":"SMITH"},{"data":"Bash","floor":15.0,"key":"SMITH"}],"circlet_count":0,"master_deck":["AscendersBane","Strike_R","Strike_R","Strike_R","Strike_R","Defend_R","Defend_R","Defend_R","Defend_R","Bash+1","Demon Form+1","Cleave","Feed","Shrug It Off","Shrug It Off","Immolate","Hemokinesis","Twin Strike","Feed","Headbutt+1","Armaments","Disarm+1","Decay"],"relics":["Burning Blood","Tiny Chest","Bag of Marbles","CeramicFish","Cursed Key","Bag of Preparation","Toxic Egg 2"],"acts_visited":["Exordium","TheCity"],"potions_floor_usage":[16,25],"damage_taken":[{"damage":13.0,"enemies":"Jaw Worm","floor":1.0,"turns":5.0},{"damage":6.0,"enemies":"Cultist","floor":2.0,"turns":4.0},{"damage":4.0,"enemies":"Small Slimes","floor":4.0,"turns":4.0},{"damage":17.0,"enemies":"Blue Slaver","floor":5.0,"turns":6.0},{"damage":20.0,"enemies":"Lagavulin","floor":7.0,"turns":7.0},{"damage":45.0,"enemies":"3 Sentries","floor":10.0,"turns":8.0},{"damage":0.0,"enemies":"3 Louse","floor":14.0,"turns":1.0},{"damage":66,"enemies":"Hexaghost","floor":16,"turns":10},{"damage":11,"enemies":"Chosen","floor":18,"turns":4},{"damage":24,"enemies":"Spheric Guardian","floor":20,"turns":4},{"damage":15,"enemies":"Snecko","floor":21,"turns":4},{"damage":19,"enemies":"Gremlin Leader","floor":23,"turns":10},{"damage":31,"enemies":"Book of Stabbing","floor":25,"turns":4}],"seed_played":"-4856767493206739321","potions_obtained":[{"floor":1.0,"key":"Ancient Potion"},{"floor":2.0,"key":"FairyPotion"},{"floor":10.0,"key":"LiquidBronze"},{"floor":23,"key":"Swift Potion"}],"is_trial":false,"path_per_floor":["M","M","?","M","M","R","E","R","T","E","R","?","R","M","R","B",null,"M","?","M","M","$","E","?","E"],"character_chosen":"IRONCLAD","items_purchased":["Armaments","Bag of Preparation"],"campfire_rested":3,"item_purchase_floors":[22,22],"current_hp_per_floor":[43,43,39,41,30,52,38,60,60,24,47,47,47,56,56,20,66,64,64,46,40,40,30,30,0,0],"gold":280,"neow_bonus":"THREE_RARE_CARDS","is_daily":false,"chose_seed":false,"campfire_upgraded":2,"win_rate":0.0,"timestamp":1609284483,"path_taken":["M","M","?","M","?","R","E","R","T","E","R","?","R","M","R","BOSS","M","?","M","M","$","E","?","E"],"items_purchased_type":["Card","Relic"],"build_version":"2020-12-22","purchased_purges":1,"victory":false,"max_hp_per_floor":[75,75,75,75,75,75,75,75,75,78,78,78,78,81,81,81,81,84,84,84,87,87,90,90,90,90],"relic_stats":{"counters":[13,71],"CeramicFish":90,"Tiny Chest":0,"Bag of Preparation":[4],"Cursed Key":0,"obtain_stats":[{"CeramicFish":10,"Tiny Chest":7,"Bag of Marbles":9,"Bag of Preparation":22,"Toxic Egg 2":23,"Cursed Key":17,"Burning Blood":0},{"CeramicFish":6,"Tiny Chest":5,"Bag of Marbles":5,"Bag of Preparation":11,"Toxic Egg 2":12,"Cursed Key":8,"Burning Blood":0},{"CeramicFish":34,"Tiny Chest":26,"Bag of Marbles":26,"Bag of Preparation":57,"Toxic Egg 2":67,"Cursed Key":45,"Burning Blood":0}],"Burning Blood":72},"card_choices":[{"not_picked":["Fiend Fire","Barricade"],"picked":"Demon Form","floor":0.0},{"not_picked":["Combust","Flex","Iron Wave"],"picked":"SKIP","floor":1.0},{"not_picked":["Body Slam","Seeing Red","Perfected Strike"],"picked":"SKIP","floor":2.0},{"not_picked":["Thunderclap","Iron Wave","Intimidate"],"picked":"SKIP","floor":4.0},{"not_picked":["Shrug It Off","Blood for Blood"],"picked":"Cleave","floor":5.0},{"not_picked":["True Grit","Cleave"],"picked":"Feed","floor":7.0},{"not_picked":["Pommel Strike","Twin Strike"],"picked":"Shrug It Off","floor":10.0},{"not_picked":["Thunderclap","Intimidate"],"picked":"Twin Strike","floor":14.0},{"not_picked":["Demon Form","Fiend Fire"],"picked":"Feed","floor":16},{"not_picked":["True Grit","Cleave","Dropkick"],"picked":"SKIP","floor":18},{"not_picked":["Havoc","Body Slam"],"picked":"Headbutt+1","floor":20},{"not_picked":["Perfected Strike","Heavy Blade","Anger"],"picked":"SKIP","floor":21},{"not_picked":["Heavy Blade","Thunderclap"],"picked":"Disarm+1","floor":23}],"player_experience":327756,"relics_obtained":[{"floor":7.0,"key":"Tiny Chest"},{"floor":9.0,"key":"Bag of Marbles"},{"floor":10.0,"key":"CeramicFish"},{"floor":23,"key":"Toxic Egg 2"}],"event_choices":[{"damage_healed":0.0,"max_hp_gain":0.0,"max_hp_loss":0.0,"gold_gain":0.0,"event_name":"The Woman in Blue","player_choice":"Bought 0 Potions","floor":3.0,"gold_loss":0.0,"damage_taken":0.0},{"damage_healed":0.0,"max_hp_gain":0.0,"max_hp_loss":0.0,"gold_gain":0.0,"event_name":"Match and Keep!","player_choice":"3 cards matched","floor":12.0,"gold_loss":0.0,"damage_taken":0.0,"cards_obtained":["Shrug It Off","Immolate","Hemokinesis"]},{"damage_healed":0,"gold_gain":50,"player_choice":"Stole From Cult","damage_taken":0,"max_hp_gain":0,"max_hp_loss":0,"event_name":"Nest","floor":19,"gold_loss":0},{"damage_healed":0,"gold_gain":0,"player_choice":"Smashed Altar","damage_taken":0,"max_hp_gain":0,"max_hp_loss":0,"event_name":"Forgotten Altar","floor":24,"gold_loss":0,"cards_obtained":["Decay"]}],"is_beta":false,"boss_relics":[{"not_picked":["Philosopher\u0027s Stone","Calling Bell"],"picked":"Cursed Key"}],"items_purged_floors":[22],"is_endless":false,"potions_floor_spawned":[1,2,10,14,23],"killed_by":"Book of Stabbing","ascension_level":15}}