{"host":"ecaj4hn004xnnrw9","time":1609208699,"event":{"mods":["AchievementEnabler","BaseMod","Hermit","Minty Spire (QoL Compilation)","Quick Restart","Replay The Spire","Shop Mod","StSLib","The Jungle"],"gold_per_floor":[110,210,229,245,257,287,300,300,371,446,476,476,495,495,495,495,495],"floor_reached":16,"playtime":488,"items_purged":[],"score":157,"play_id":"3566bc7b-69cd-4db5-9b2d-67f50cf553f2","local_time":"20201229022459","is_ascension_mode":true,"campfire_choices":[{"data":"Searing Blow","floor":8,"key":"SMITH"},{"data":"Searing Blow+1","floor":12,"key":"SMITH"},{"floor":15,"key":"REST"}],"circlet_count":0,"master_deck":["Strike_R","Strike_R","Strike_R","Strike_R","Defend_R","Defend_R","Defend_R","Defend_R","Bash","ReplayTheSpireMod:Muscle Training","Heavy Blade","Headbutt","Searing Blow+2","True Grit"],"relics":["Burning Blood","Another Sword","Bag of Preparation","Pear","Replay:Kaleidoscope"],"acts_visited":["Exordium"],"potions_floor_usage":[5,6,11,11],"damage_taken":[{"damage":2,"enemies":"Jaw Worm","floor":1,"turns":3},{"damage":0,"enemies":"Cultist","floor":3,"turns":2},{"damage":17,"enemies":"Small Slimes","floor":4,"turns":4},{"damage":0,"enemies":"2 Fungi Beasts","floor":5,"turns":2},{"damage":42,"enemies":"Lagavulin","floor":6,"turns":5},{"damage":1,"enemies":"Large Slime","floor":7,"turns":4},{"damage":22,"enemies":"3 Sentries","floor":11,"turns":6},{"damage":13,"enemies":"Red Slaver","floor":13,"turns":3},{"damage":31,"enemies":"The Guardian","floor":16,"turns":9}],"seed_played":"-7057942924648609426","potions_obtained":[{"floor":1,"key":"EssenceOfSteel"},{"floor":4,"key":"SneckoOil"},{"floor":5,"key":"Cursed Concoction"},{"floor":7,"key":"Death Potion"}],"is_trial":false,"path_per_floor":["M","?","M","M","M","E","M","R","T","?","E","R","M","?","R","B"],"character_chosen":"IRONCLAD","items_purchased":[],"campfire_rested":1,"item_purchase_floors":[],"current_hp_per_floor":[72,72,72,61,67,31,36,36,46,35,19,19,12,5,29,0,0],"gold":495,"neow_bonus":"ONE_RARE_RELIC","is_daily":false,"chose_seed":false,"campfire_upgraded":2,"win_rate":0.0,"timestamp":1609208699,"path_taken":["M","?","M","M","?","E","M","R","T","?","E","R","M","?","R","BOSS"],"items_purchased_type":[],"build_version":"2020-12-22","purchased_purges":0,"victory":false,"max_hp_per_floor":[72,72,72,72,72,72,72,72,82,82,82,82,82,82,82,82,82],"card_choices":[{"not_picked":["Wild Strike","Armaments"],"picked":"ReplayTheSpireMod:Muscle Training","floor":1},{"not_picked":["Metallicize","Pommel Strike"],"picked":"Heavy Blade","floor":3},{"not_picked":["Seeing Red","True Grit"],"picked":"Headbutt","floor":4},{"not_picked":["Ghostly Armor","Rage"],"picked":"Searing Blow","floor":5},{"not_picked":["Abandon","Juggernaut","Carnage"],"picked":"SKIP","floor":6},{"not_picked":["Iron Wave","Pummel","Seeing Red"],"picked":"SKIP","floor":7},{"not_picked":["Replay:Undeath\u0027s Touch","ReplayReversal","Carnage"],"picked":"SKIP","floor":11},{"not_picked":["Warcry","Headbutt"],"picked":"True Grit","floor":13}],"player_experience":203650,"relics_obtained":[{"floor":6,"key":"Bag of Preparation"},{"floor":9,"key":"Pear"},{"floor":11,"key":"Replay:Kaleidoscope"}],"event_choices":[{"damage_healed":0,"gold_gain":100,"player_choice":"Gold","damage_taken":0,"max_hp_gain":0,"max_hp_loss":0,"event_name":"Wheel of Change","floor":2,"gold_loss":0},{"damage_healed":0,"gold_gain":75,"player_choice":"Gather Gold","damage_taken":11,"max_hp_gain":0,"max_hp_loss":0,"event_name":"World of Goop","floor":10,"gold_loss":0},{"cards_removed":["Strike_R"],"damage_healed":0,"gold_gain":0,"player_choice":"Card Removal","damage_taken":7,"max_hp_gain":0,"max_hp_loss":0,"event_name":"Golden Wing","floor":14,"gold_loss":0}],"is_beta":false,"boss_relics":[],"items_purged_floors":[],"is_endless":false,"potions_floor_spawned":[1,4,5,7],"killed_by":"The Guardian","ascension_level":8}}