{"host":"czyrp3agadxx2eka","time":1609260307,"event":{"mods":["BaseMod","Colored Map","Downfall","Hubris","Infinite Spire","Minty Spire (QoL Compilation)","Replay The Spire","Shop Mod","StSLib","The Construct"],"gold_per_floor":[99,115,115,132,145,47,47,72,88,102,117,117,117,134,146,251,251,251,251,251,251,251,251,251,251,251,251,251,251,251,251,251,251,251],"floor_reached":32,"playtime":3859,"items_purged":[],"score":266,"play_id":"fcfca664-4bae-457f-a09a-9ce975ba347c","local_time":"20201229144507","is_ascension_mode":false,"campfire_choices":[{"data":"hexamod:Float","floor":1,"key":"SMITH"},{"floor":13,"key":"REST"},{"data":"hexamod:VolcanoVisage","floor":18,"key":"SMITH"},{"data":"hexamod:Firestarter","floor":23,"key":"SMITH"},{"data":"hexamod:SoulSteal","floor":25,"key":"SMITH"},{"data":"hexamod:BurningTouch","floor":28,"key":"SMITH"}],"circlet_count":0,"master_deck":["hexamod:Strike","hexamod:Strike","hexamod:Strike","hexamod:Strike+1","hexamod:Defend+1","hexamod:Defend","hexamod:Defend","hexamod:Defend","hexamod:Sear","hexamod:Float+1","hexamod:ChargedBarrage","hexamod:SoulSteal+1","hexamod:RainOfEmbers","hexamod:Incineration+1","hexamod:HeatCrush","hexamod:BurningTouch","hexamod:BurningTouch+1","hexamod:Firestarter+1","hexamod:VolcanoVisage+1","hexamod:FastForward+1","hexamod:Haunt","hexamod:SixthSeal","ReplayTheSpireMod:??????????????????????","hexamod:SpectersWail+1","hexamod:Firestarter+1","hexamod:PhantomFireball","Shame"],"relics":["hexamod:SpiritBrand","Strawberry","hexamod:InflammatoryLetter","Iron Hammer","Anchor","downfall:Hecktoplasm","Ring of Chaos","Snack Pack","Pet Ghost","hubris:TinFlute"],"acts_visited":["Exordium","TheCity"],"potions_floor_usage":[16,16,21],"damage_taken":[{"damage":0,"enemies":"Jaw Worm","floor":2,"turns":3},{"damage":1,"enemies":"2 Louse","floor":4,"turns":3},{"damage":0,"enemies":"Cultist","floor":5,"turns":3},{"damage":0,"enemies":"downfall:FleeingMerchant","floor":6,"turns":4},{"damage":28,"enemies":"3 Sentries","floor":8,"turns":6},{"damage":15,"enemies":"Blue Slaver","floor":9,"turns":3},{"damage":0,"enemies":"Large Slime","floor":10,"turns":2},{"damage":21,"enemies":"3 Louse","floor":11,"turns":3},{"damage":2,"enemies":"Red Slaver","floor":14,"turns":3},{"damage":1,"enemies":"Exordium Wildlife","floor":15,"turns":3},{"damage":20,"enemies":"downfall:Silent","floor":16,"turns":5},{"damage":31,"enemies":"3 Byrds","floor":20,"turns":4},{"damage":0,"enemies":"Chosen","floor":21,"turns":3},{"damage":0,"enemies":"Snecko","floor":26,"turns":3},{"damage":4,"enemies":"Centurion and Healer","floor":27,"turns":3},{"damage":35,"enemies":"Gremlin Leader","floor":29,"turns":4},{"damage":15,"enemies":"Snake Plant","floor":31,"turns":3},{"damage":21,"enemies":"Chosen and Byrds","floor":32,"turns":4}],"seed_played":"8891262082559107276","potions_obtained":[{"floor":5,"key":"Ancient Potion"},{"floor":8,"key":"sneckomod:MuddlingPotion"},{"floor":9,"key":"Block Potion"},{"floor":16,"key":"Regen Potion"},{"floor":20,"key":"AttackPotion"},{"floor":21,"key":"Block Potion"}],"is_trial":false,"path_per_floor":["R","M","?","M","M","$","T","E","M","M","M","?","R","M","M","B",null,"R","AVR","M","M","?","R","T","R","M","M","R","E","?","M","M"],"character_chosen":"THE_SPIRIT","items_purchased":["hexamod:HeatCrush","hexamod:BurningTouch"],"campfire_rested":1,"item_purchase_floors":[6,6],"current_hp_per_floor":[77,77,84,83,83,83,83,55,40,40,19,7,32,30,29,9,84,84,84,53,53,53,53,53,53,55,53,53,20,20,7,0,0,0],"gold":251,"neow_bonus":"TEN_PERCENT_HP_BONUS","is_daily":false,"chose_seed":false,"campfire_upgraded":5,"win_rate":0.0,"timestamp":1609260307,"path_taken":["R","M","?","M","M","$","T","E","M","M","M","?","R","?","M","BOSS","R","AVR","M","M","?","R","T","R","?","M","R","E","?","M","M"],"items_purchased_type":["Card","Card"],"build_version":"2020-12-22","purchased_purges":0,"victory":false,"max_hp_per_floor":[77,77,84,84,84,84,84,84,84,84,84,84,84,84,84,84,84,84,84,84,84,84,84,84,84,84,84,84,84,84,84,84,84,84],"card_choices":[{"not_picked":["hexamod:StepThrough","hexamod:SecondSeal"],"picked":"hexamod:ChargedBarrage","floor":2},{"not_picked":["hexamod:ThermalTransfer","hexamod:Firestarter"],"picked":"hexamod:SoulSteal","floor":4},{"not_picked":["hexamod:SkipABeat","hexamod:GhostOfSpireFuture"],"picked":"hexamod:RainOfEmbers","floor":5},{"not_picked":["hexamod:InspiringFlames","hexamod:Rewind"],"picked":"hexamod:Incineration","floor":6},{"not_picked":["hexamod:InspiringFlames","hexamod:Firestarter"],"picked":"hexamod:BurningTouch","floor":8},{"not_picked":["hexamod:InspiringFlames","hexamod:ShieldOfDarkness"],"picked":"hexamod:Firestarter","floor":9},{"not_picked":["hexamod:Hexaguard","hexamod:RainOfEmbers"],"picked":"hexamod:VolcanoVisage","floor":10},{"not_picked":["hexamod:SkipABeat","hexamod:RecurringNightmare"],"picked":"hexamod:FastForward","floor":11},{"not_picked":["hexamod:Hexaguard","hexamod:PhantomCloak","hexamod:RecurringNightmare"],"picked":"SKIP","floor":14},{"not_picked":["hexamod:RadiantFlame","hexamod:SwordOfDarkness"],"picked":"hexamod:Haunt","floor":15},{"not_picked":["hexamod:TimeOfNeed","hexamod:VolcanoVisage"],"picked":"hexamod:SixthSeal","floor":16},{"not_picked":["hexamod:NightmareStrike","hexamod:StepThrough"],"picked":"hexamod:SpectersWail+1","floor":20},{"not_picked":["hexamod:HeatCrush","hexamod:HauntingEcho","hexamod:EmpoweringStance"],"picked":"SKIP","floor":21},{"not_picked":["hexamod:ShieldOfDarkness","hexamod:SwordOfDarkness+1"],"picked":"hexamod:Firestarter+1","floor":26},{"not_picked":["hexamod:HauntingEcho","hexamod:SwordOfDarkness","hexamod:ShieldOfDarkness"],"picked":"SKIP","floor":27},{"not_picked":["hexamod:GhostOfSpirePresent","hexamod:SpectersWail"],"picked":"hexamod:PhantomFireball","floor":29},{"not_picked":["hexamod:Firestarter","hexamod:NecessarySacrifice","hexamod:ShieldOfDarkness"],"picked":"SKIP","floor":31}],"player_experience":6769,"relics_obtained":[{"floor":7,"key":"hexamod:InflammatoryLetter"},{"floor":8,"key":"Iron Hammer"},{"floor":24,"key":"Snack Pack"},{"floor":29,"key":"Pet Ghost"}],"event_choices":[{"damage_healed":0,"gold_gain":0,"player_choice":"Success","damage_taken":12,"relics_obtained":["Anchor"],"max_hp_gain":0,"max_hp_loss":0,"event_name":"Scrap Ooze","floor":12,"gold_loss":0},{"damage_healed":0,"gold_gain":0,"player_choice":"Forge","damage_taken":0,"max_hp_gain":0,"max_hp_loss":0,"event_name":"Accursed Blacksmith","floor":22,"gold_loss":0,"cards_upgraded":["hexamod:Incineration"]},{"damage_healed":0,"gold_gain":0,"player_choice":"Stole Relic","damage_taken":0,"relics_obtained":["hubris:TinFlute"],"max_hp_gain":0,"max_hp_loss":0,"event_name":"Addict","floor":30,"gold_loss":0,"cards_obtained":["Shame"]}],"is_beta":false,"boss_relics":[{"not_picked":["Painkiller Herb","ChewingGum"],"picked":"downfall:Hecktoplasm"}],"items_purged_floors":[],"is_endless":false,"potions_floor_spawned":[5,8,9,11,16,20,21,27],"killed_by":"Chosen and Byrds","ascension_level":0}}