{"host":"93n4kdg5le7r8dks","time":1609282797,"event":{"mods":["AlwaysNeverKeys","BaseMod","Better Note","Better Sensory Stone","Better Skull","Better Third Choice","Block Reminder","Colored Map","Colored Powertips","DeckTracker","Infinite Spire","Minty Spire (QoL Compilation)","Quick Restart","StSLib"],"gold_per_floor":[110,110,35,35,35,67,79,98,98,121,156,167,178,193,193,297,297,309,320,320,320,320,355,355,355,355],"floor_reached":25,"playtime":1228,"items_purged":["Strike_B"],"score":256,"play_id":"2ca95720-0e9d-476e-8530-2fef61e8ccae","local_time":"20201229165957","is_ascension_mode":false,"campfire_choices":[{"data":"Sunder","floor":15,"key":"SMITH"},{"data":"infinitespire:Menacing","floor":24,"key":"SMITH"}],"circlet_count":0,"master_deck":["Strike_B","Strike_B","Strike_B","Defend_B","Defend_B","Defend_B","Defend_B","Zap","Dualcast","Sweeping Beam","Sunder+1","Heatsinks","Self Repair","Rip and Tear","Leap","Cold Snap","Barrage","Redo","Amplify","Ball Lightning+1","Genetic Algorithm+1","infinitespire:Menacing+1","Rebound+1"],"relics":["infinitespire:DarkRift","NeowsBlessing","infinitespire:Cubic Diamond","infinitespire:WardingShard","Toy Ornithopter","Odd Mushroom","Cables","Inserter","Bronze Scales"],"acts_visited":["Exordium","TheCity"],"potions_floor_usage":[10,11,13,14,16],"damage_taken":[{"damage":0,"enemies":"Cultist","floor":1,"turns":1},{"damage":0,"enemies":"Lagavulin","floor":6,"turns":2},{"damage":0,"enemies":"Small Slimes","floor":7,"turns":1},{"damage":0,"enemies":"2 Louse","floor":8,"turns":2},{"damage":0,"enemies":"The Mushroom Lair","floor":10,"turns":1},{"damage":21,"enemies":"3 Sentries","floor":11,"turns":5},{"damage":20,"enemies":"Looter","floor":12,"turns":3},{"damage":5,"enemies":"3 Louse","floor":13,"turns":3},{"damage":24,"enemies":"Exordium Thugs","floor":14,"turns":4},{"damage":41,"enemies":"Slime Boss","floor":16,"turns":11},{"damage":11,"enemies":"Chosen","floor":18,"turns":6},{"damage":11,"enemies":"3 Byrds","floor":19,"turns":6},{"damage":65,"enemies":"Nightmare","floor":23,"turns":15},{"damage":21,"enemies":"Snecko","floor":25,"turns":5}],"seed_played":"-202596288533553722","potions_obtained":[{"floor":1,"key":"GamblersBrew"},{"floor":2,"key":"AttackPotion"},{"floor":2,"key":"Regen Potion"},{"floor":2,"key":"SpeedPotion"},{"floor":10,"key":"GamblersBrew"},{"floor":13,"key":"FocusPotion"}],"is_trial":false,"path_per_floor":["M","?","$","?","?","E","M","M","T","?","E","M","M","M","R","B",null,"M","M","?","AVR","$","NM","R","M"],"character_chosen":"DEFECT","items_purchased":[],"campfire_rested":0,"item_purchase_floors":[],"current_hp_per_floor":[75,75,75,75,75,75,75,75,75,75,75,55,55,43,43,14,75,71,67,67,67,67,9,9,0,0],"gold":355,"neow_bonus":"THREE_ENEMY_KILL","is_daily":false,"chose_seed":false,"campfire_upgraded":2,"win_rate":0.0,"timestamp":1609282797,"path_taken":["M","?","?","?","?","E","M","M","T","?","E","?","M","M","R","BOSS","M","M","?","AVR","?","NM","R","M"],"items_purchased_type":[],"build_version":"2020-12-13","purchased_purges":1,"victory":false,"max_hp_per_floor":[75,75,75,75,75,75,75,75,75,75,75,75,75,75,75,75,75,75,75,75,75,75,75,75,75,75],"card_choices":[{"not_picked":["Ball Lightning","Conserve Battery"],"picked":"Sweeping Beam","floor":1},{"not_picked":["Compile Driver","Steam"],"picked":"Sunder","floor":6},{"not_picked":["Stack","Sweeping Beam"],"picked":"Heatsinks","floor":7},{"not_picked":["Go for the Eyes","Hologram"],"picked":"Self Repair","floor":8},{"not_picked":["Ball Lightning","Coolheaded"],"picked":"Rip and Tear","floor":10},{"not_picked":["Streamline","Stack"],"picked":"Leap","floor":11},{"not_picked":["Sweeping Beam","Doom and Gloom"],"picked":"Cold Snap","floor":12},{"not_picked":["Ball Lightning","Double Energy"],"picked":"Barrage","floor":13},{"not_picked":["Barrage","Cold Snap"],"picked":"Redo","floor":14},{"not_picked":["Buffer","Reboot"],"picked":"Amplify","floor":16},{"not_picked":["Barrage","Conserve Battery"],"picked":"Ball Lightning+1","floor":18},{"not_picked":["Heatsinks","Go for the Eyes"],"picked":"Genetic Algorithm","floor":19},{"not_picked":["Gash","Heatsinks+1"],"picked":"Rebound+1","floor":23}],"player_experience":71499,"relics_obtained":[{"floor":6,"key":"infinitespire:WardingShard"},{"floor":9,"key":"Toy Ornithopter"},{"floor":10,"key":"Odd Mushroom"},{"floor":11,"key":"Cables"},{"floor":23,"key":"Bronze Scales"}],"event_choices":[{"damage_healed":0,"gold_gain":0,"player_choice":"Got Potions","damage_taken":0,"max_hp_gain":0,"max_hp_loss":0,"event_name":"Lab","floor":2,"gold_loss":0},{"damage_healed":0,"gold_gain":0,"player_choice":"Leave","damage_taken":0,"max_hp_gain":0,"max_hp_loss":0,"event_name":"The Cleric","floor":5,"gold_loss":0},{"damage_healed":0,"gold_gain":0,"player_choice":"Fought Mushrooms","damage_taken":0,"max_hp_gain":0,"max_hp_loss":0,"event_name":"Mushrooms","floor":10,"gold_loss":0},{"damage_healed":0,"gold_gain":0,"player_choice":"Upgraded","damage_taken":0,"max_hp_gain":0,"max_hp_loss":0,"event_name":"Upgrade Shrine","floor":20,"gold_loss":0,"cards_upgraded":["Genetic Algorithm"]}],"is_beta":false,"boss_relics":[{"not_picked":["Coffee Dripper","Calling Bell"],"picked":"Inserter"}],"items_purged_floors":[3],"is_endless":true,"potions_floor_spawned":[1,8,10,13],"killed_by":"Snecko","ascension_level":0}}