{"host":"qxeepl7ydvsgmfdb","time":1609250292,"event":{"mods":["AchievementEnabler","BaseMod","Colored Powertips","Minty Spire (QoL Compilation)","Quick Restart","slay the spire mod where everything is the same but ironclad has a cowboy hat"],"gold_per_floor":[114,125,125,77,27,70,91,91,172,187,187,262,262,262],"floor_reached":13,"playtime":191,"items_purged":[],"score":108,"play_id":"3ec76f54-cbb8-49b9-a465-04f7d05f6324","local_time":"20201229085812","is_ascension_mode":false,"campfire_choices":[],"circlet_count":0,"master_deck":["Strike_B","Strike_B","Defend_B","Defend_B","Defend_B","Defend_B","Zap","Dualcast","Redo","Fusion","Ball Lightning","Cold Snap","Defragment+1"],"relics":["Cracked Core","NeowsBlessing","Golden Idol","Omamori","Frozen Egg 2"],"acts_visited":["Exordium"],"potions_floor_usage":[],"damage_taken":[{"damage":0,"enemies":"Jaw Worm","floor":1,"turns":1},{"damage":0,"enemies":"Small Slimes","floor":2,"turns":1},{"damage":0,"enemies":"3 Sentries","floor":6,"turns":1},{"damage":6,"enemies":"2 Louse","floor":7,"turns":2},{"damage":27,"enemies":"Gremlin Gang","floor":10,"turns":5},{"damage":32,"enemies":"Lagavulin","floor":13,"turns":5}],"seed_played":"8828628526238768653","potions_obtained":[{"floor":2,"key":"DuplicationPotion"}],"is_trial":false,"path_per_floor":["M","M","?","$","?","E","M","?","T","M","?","?","E"],"character_chosen":"DEFECT","items_purchased":["Ball Lightning"],"campfire_rested":0,"item_purchase_floors":[4],"current_hp_per_floor":[75,75,57,57,57,57,51,75,75,48,41,30,0,0],"gold":262,"neow_bonus":"THREE_ENEMY_KILL","is_daily":false,"chose_seed":false,"campfire_upgraded":0,"win_rate":0.0,"timestamp":1609250292,"path_taken":["M","M","?","$","?","E","M","?","T","?","?","?","E"],"items_purchased_type":["Card"],"build_version":"2020-12-22","purchased_purges":0,"victory":false,"max_hp_per_floor":[75,75,75,75,75,75,75,75,75,75,75,75,75,75],"card_choices":[{"not_picked":["Steam","Rebound"],"picked":"Redo","floor":1},{"not_picked":["Capacitor","Loop"],"picked":"Fusion","floor":2},{"not_picked":["Rip and Tear","Sunder"],"picked":"Auto Shields","floor":6},{"not_picked":["Skim","Barrage"],"picked":"Cold Snap","floor":7},{"not_picked":["Redo","Leap"],"picked":"Defragment+1","floor":10}],"player_experience":292806,"relics_obtained":[{"floor":6,"key":"Omamori"},{"floor":9,"key":"Frozen Egg 2"}],"event_choices":[{"damage_healed":0,"gold_gain":0,"player_choice":"Take Damage","damage_taken":18,"relics_obtained":["Golden Idol"],"max_hp_gain":0,"max_hp_loss":0,"event_name":"Golden Idol","floor":3,"gold_loss":0},{"cards_removed":["Strike_B"],"damage_healed":0,"gold_gain":0,"player_choice":"Card Removal","damage_taken":0,"max_hp_gain":0,"max_hp_loss":0,"event_name":"The Cleric","floor":5,"gold_loss":50},{"cards_removed":["Auto Shields"],"damage_healed":24,"gold_gain":0,"player_choice":"Offered Uncommon","damage_taken":0,"max_hp_gain":0,"max_hp_loss":0,"event_name":"Bonfire Elementals","floor":8,"gold_loss":0},{"cards_removed":["Strike_B"],"damage_healed":0,"gold_gain":0,"player_choice":"Card Removal","damage_taken":7,"max_hp_gain":0,"max_hp_loss":0,"event_name":"Golden Wing","floor":11,"gold_loss":0},{"damage_healed":0,"gold_gain":75,"player_choice":"Gather Gold","damage_taken":11,"max_hp_gain":0,"max_hp_loss":0,"event_name":"World of Goop","floor":12,"gold_loss":0}],"is_beta":false,"boss_relics":[],"items_purged_floors":[],"is_endless":false,"potions_floor_spawned":[2],"killed_by":"Lagavulin","ascension_level":0}}