{"host":"6p0attdrtjqaih7v","time":1609219083,"event":{"mods":["2.2 Compatiblity","AchievementEnabler","Bard","BaseMod","Better Skull","Better Third Choice","Colored Powertips","Hermit","Highlight Path","Jorbs\u0027s Wanderer Trilogy","Key Reminder","Minty Spire (QoL Compilation)","Permanent Neow","Quick Restart","Random Character Button","Relic Stats","Replay The Spire","StSLib","The Construct"],"gold_per_floor":[118,131,131,68,83,83,116,116,116,128,162,182,332,365,365,439,439,451,461,386,158,108,135,135,135,135],"floor_reached":25,"playtime":1154,"items_purged":["Doubt"],"score":502,"play_id":"78428d7c-a2b5-4762-a148-8cb92110476b","local_time":"20201229001803","is_ascension_mode":true,"campfire_choices":[{"data":"hermit:Adapt","floor":6,"key":"SMITH"},{"data":"hermit:Headshot","floor":8,"key":"SMITH"},{"data":"hermit:Brawl","floor":15,"key":"SMITH"},{"data":"hermit:Snipe","floor":24,"key":"SMITH"}],"circlet_count":0,"master_deck":["AscendersBane","hermit:Strike_Hermit","hermit:Strike_Hermit+1","hermit:Strike_Hermit","hermit:Strike_Hermit+1","hermit:Defend_Hermit","hermit:Defend_Hermit","hermit:Defend_Hermit","hermit:Snapshot+1","hermit:Covet","hermit:Vantage","hermit:Adapt+1","hermit:Headshot+1","hermit:Brawl+1","hermit:Headshot","hermit:Snipe+1","hermit:HeroicBravado","hermit:Vantage+1","hermit:PistolWhip","hermit:LowProfile"],"relics":["hermit:Momento","Replay:Kaleidoscope","Ornamental Fan","Replay:Bottled Snecko","Potion Belt","Whetstone","Bag of Preparation","ChewingGum","BargainBundle","Boot"],"acts_visited":["Exordium","TheCity"],"potions_floor_usage":[7,23,23,25],"damage_taken":[{"damage":0,"enemies":"Jaw Worm","floor":1,"turns":3},{"damage":6,"enemies":"Small Slimes","floor":2,"turns":4},{"damage":0,"enemies":"Cultist","floor":5,"turns":4},{"damage":1,"enemies":"Replay:BlueRogue","floor":7,"turns":7},{"damage":0,"enemies":"Looter","floor":10,"turns":3},{"damage":10,"enemies":"Lagavulin","floor":11,"turns":6},{"damage":4,"enemies":"Exordium Wildlife","floor":12,"turns":3},{"damage":1,"enemies":"Replay:BlueRogue","floor":14,"turns":5},{"damage":4,"enemies":"Hexaghost","floor":16,"turns":9},{"damage":1,"enemies":"Spheric Guardian","floor":18,"turns":4},{"damage":6,"enemies":"Shell Parasite","floor":19,"turns":5},{"damage":0,"enemies":"Gremlin Leader","floor":23,"turns":7},{"damage":53,"enemies":"Slavers","floor":25,"turns":3}],"seed_played":"-8134818730276779748","potions_obtained":[{"floor":1,"key":"FearPotion"},{"floor":7,"key":"Swift Potion"},{"floor":12,"key":"PowerPotion"}],"is_trial":false,"path_per_floor":["M","M","?","?","M","R","E","R","T","M","E","M","?","E","R","B",null,"M","M","?","$","?","E","R","E"],"character_chosen":"HERMIT","items_purchased":["BargainBundle","SteroidPotion","FearPotion","hermit:PistolWhip","Toxic Potion","hermit:LowProfile"],"campfire_rested":0,"item_purchase_floors":[21,21,21,21,21,21],"current_hp_per_floor":[64,58,58,58,58,58,57,57,57,57,47,43,43,42,42,38,58,57,51,51,51,51,51,51,0,0],"gold":135,"neow_bonus":"ONE_RARE_RELIC","is_daily":false,"chose_seed":false,"campfire_upgraded":4,"win_rate":0.0,"timestamp":1609219083,"path_taken":["M","M","?","?","?","R","E","R","T","M","E","M","?","E","R","BOSS","M","M","?","$","?","E","R","E"],"items_purchased_type":["Relic","Potion","Potion","Card","Potion","Card"],"build_version":"2020-12-22","purchased_purges":1,"victory":false,"max_hp_per_floor":[64,64,64,64,64,64,64,64,64,64,64,64,64,64,64,64,64,64,64,64,64,64,64,64,64,64],"relic_stats":{"counters":[13,63],"Ornamental Fan":[32],"Bag of Preparation":[10],"Whetstone":["hermit:Strike_Hermit","hermit:Strike_Hermit"],"Boot":[0],"obtain_stats":[{"Potion Belt":9,"BargainBundle":21,"Ornamental Fan":4,"ChewingGum":17,"Bag of Preparation":14,"Replay:Kaleidoscope":0,"Replay:Bottled Snecko":7,"Whetstone":11,"Boot":23,"hermit:Momento":0},{"Potion Belt":4,"BargainBundle":11,"Ornamental Fan":2,"ChewingGum":9,"Bag of Preparation":8,"Replay:Kaleidoscope":0,"Replay:Bottled Snecko":4,"Whetstone":6,"Boot":12,"hermit:Momento":0},{"Potion Belt":18,"BargainBundle":53,"Ornamental Fan":7,"ChewingGum":44,"Bag of Preparation":35,"Replay:Kaleidoscope":0,"Replay:Bottled Snecko":18,"Whetstone":27,"Boot":60,"hermit:Momento":0}]},"card_choices":[{"not_picked":["hermit:Scavenge","hermit:Desperado"],"picked":"hermit:Vantage","floor":1},{"not_picked":["hermit:BodyArmor","hermit:BigShot","hermit:CalledShot"],"picked":"SKIP","floor":2},{"not_picked":["hermit:Cheat","hermit:Coalescence"],"picked":"hermit:Adapt","floor":5},{"not_picked":["hermit:Vantage","hermit:Misfire"],"picked":"hermit:Headshot","floor":7},{"not_picked":["hermit:Ricochet","hermit:BigShot"],"picked":"hermit:Brawl","floor":10},{"not_picked":["hermit:Misfire","hermit:ItchyTrigger","hermit:Manifest"],"picked":"SKIP","floor":11},{"not_picked":["hermit:HighNoon","hermit:FullyLoaded"],"picked":"hermit:Headshot","floor":12},{"not_picked":["hermit:TakeAim","hermit:GoldenBullet"],"picked":"hermit:Snipe","floor":14},{"not_picked":["hermit:BlackWind","hermit:Purgatory"],"picked":"hermit:HeroicBravado","floor":16},{"not_picked":["hermit:ItchyTrigger","hermit:DeadMansHand","hermit:Glare"],"picked":"SKIP","floor":18},{"not_picked":["hermit:Ricochet","hermit:Glare"],"picked":"hermit:Vantage+1","floor":19},{"not_picked":["hermit:Dive","hermit:Coalescence","hermit:TakeCover"],"picked":"SKIP","floor":23}],"player_experience":919270,"relics_obtained":[{"floor":7,"key":"Replay:Bottled Snecko"},{"floor":9,"key":"Potion Belt"},{"floor":11,"key":"Whetstone"},{"floor":14,"key":"Bag of Preparation"},{"floor":23,"key":"Boot"}],"event_choices":[{"damage_healed":0,"gold_gain":0,"player_choice":"Grow","damage_taken":0,"max_hp_gain":0,"max_hp_loss":0,"event_name":"Living Wall","floor":3,"gold_loss":0,"cards_upgraded":["hermit:Snapshot"]},{"damage_healed":0,"gold_gain":0,"player_choice":"Paid Gold","damage_taken":0,"relics_obtained":["Ornamental Fan"],"max_hp_gain":0,"max_hp_loss":0,"event_name":"WeMeetAgain","floor":4,"gold_loss":63},{"damage_healed":0,"gold_gain":150,"player_choice":"AGREE","damage_taken":0,"max_hp_gain":0,"max_hp_loss":0,"event_name":"Liars Game","floor":13,"gold_loss":0,"cards_obtained":["Doubt"]},{"cards_removed":["hermit:Defend_Hermit"],"damage_healed":0,"gold_gain":0,"player_choice":"Gave Gold","damage_taken":0,"max_hp_gain":0,"max_hp_loss":0,"event_name":"Beggar","floor":20,"gold_loss":75},{"damage_healed":0,"gold_gain":0,"player_choice":"Bet on Murderer","damage_taken":0,"max_hp_gain":0,"max_hp_loss":0,"event_name":"The Joust","floor":22,"gold_loss":50}],"is_beta":false,"boss_relics":[{"not_picked":["Busted Crown","Replay:Wanted Poster"],"picked":"ChewingGum"}],"items_purged_floors":[21],"is_endless":false,"potions_floor_spawned":[1,7,12],"killed_by":"Slavers","ascension_level":18}}