{"host":"q1yq0ibtlljsjzm9","time":1609201111,"event":{"mods":["BaseMod","DeckTracker","Hermit","Minty Spire (QoL Compilation)","StSLib"],"gold_per_floor":[110,110,110,129,143,143,11,11,35,35,61,61,123,154,154,249,249,260,37,48,9,9,43,54,66,119,131,143,166,178,201,213,225,225],"floor_reached":33,"playtime":1468,"items_purged":[],"score":273,"play_id":"091a2c96-e579-405e-be86-56454ac42632","local_time":"20201228161831","is_ascension_mode":false,"campfire_choices":[{"data":"Streamline","floor":6.0,"key":"SMITH"},{"floor":12.0,"key":"REST"},{"floor":15.0,"key":"REST"},{"floor":28,"key":"REST"},{"floor":32,"key":"REST"}],"circlet_count":0,"master_deck":["Strike_B","Strike_B","Strike_B","Strike_B","Defend_B","Defend_B","Defend_B","Defend_B","Zap+1","Dualcast","Coolheaded","Leap","Streamline+1","All For One","Ball Lightning","Redo","Conserve Battery","Streamline","Sweeping Beam","Electrodynamics","Cold Snap","Lockon","Doom and Gloom","FTL","Electrodynamics","Zap","Compile Driver","Leap","Blizzard+1","Steam","Sweeping Beam","Coolheaded"],"relics":["Cracked Core","NeowsBlessing","Shuriken","Bronze Scales","Dream Catcher","Toy Ornithopter","Busted Crown","Tiny Chest","Bag of Marbles","MawBank","Molten Egg 2"],"acts_visited":["Exordium","TheCity"],"potions_floor_usage":[23,23,23,29],"damage_taken":[{"damage":0.0,"enemies":"Small Slimes","floor":1.0,"turns":1.0},{"damage":0.0,"enemies":"2 Louse","floor":4.0,"turns":1.0},{"damage":0.0,"enemies":"Cultist","floor":5.0,"turns":1.0},{"damage":8.0,"enemies":"Gremlin Nob","floor":11.0,"turns":3.0},{"damage":18.0,"enemies":"Lagavulin","floor":14.0,"turns":6.0},{"damage":47.0,"enemies":"Slime Boss","floor":16.0,"turns":9.0},{"damage":15,"enemies":"2 Thieves","floor":18,"turns":3},{"damage":3,"enemies":"Shell Parasite","floor":20,"turns":4},{"damage":26,"enemies":"Slavers","floor":23,"turns":3},{"damage":26,"enemies":"Chosen and Byrds","floor":24,"turns":5},{"damage":3,"enemies":"Snecko","floor":25,"turns":4},{"damage":5,"enemies":"Centurion and Healer","floor":29,"turns":5},{"damage":11,"enemies":"Chosen and Byrds","floor":31,"turns":5},{"damage":46,"enemies":"Champ","floor":33,"turns":7}],"seed_played":"8868014626510925008","potions_obtained":[{"floor":5.0,"key":"SteroidPotion"},{"floor":16.0,"key":"Ancient Potion"},{"floor":18,"key":"BlessingOfTheForge"},{"floor":25,"key":"EssenceOfSteel"}],"is_trial":false,"path_per_floor":["M","?","?","M","M","R","$","T","T","$","E","R","?","E","R","B",null,"M","$","M","$","?","E","M","M","T","?","R","M","T","M","R","B"],"character_chosen":"DEFECT","items_purchased":["All For One","Ball Lightning","Tiny Chest","Lockon","FTL"],"campfire_rested":4,"item_purchase_floors":[7,7,19,19,21],"current_hp_per_floor":[75,75,68,68,68,68,68,68,68,68,60,75,75,57,75,28,75,60,60,57,57,57,46,20,17,17,3,27,27,27,16,40,0,0],"gold":225,"neow_bonus":"THREE_ENEMY_KILL","is_daily":false,"chose_seed":false,"campfire_upgraded":1,"win_rate":0.0,"timestamp":1609201111,"path_taken":["M","?","?","?","M","R","$","?","T","$","E","R","?","E","R","BOSS","M","$","M","$","?","E","?","M","T","?","R","M","?","M","R","BOSS"],"items_purchased_type":["Card","Card","Relic","Card","Card"],"build_version":"2020-12-22","purchased_purges":0,"victory":false,"max_hp_per_floor":[75,75,75,75,75,75,75,75,75,75,75,75,75,75,75,75,75,75,75,75,75,75,75,75,75,75,80,80,80,80,80,80,80,80],"card_choices":[{"not_picked":["Redo","Go for the Eyes"],"picked":"Coolheaded","floor":1.0},{"not_picked":["Gash","Stack"],"picked":"Leap","floor":4.0},{"not_picked":["Chill","Sweeping Beam"],"picked":"Streamline","floor":5.0},{"not_picked":["Aggregate","Consume"],"picked":"Redo","floor":11.0},{"not_picked":["Streamline","Compile Driver"],"picked":"Conserve Battery","floor":12.0},{"not_picked":["Leap","Cold Snap"],"picked":"Streamline","floor":14.0},{"not_picked":["Chill","Coolheaded"],"picked":"Sweeping Beam","floor":15.0},{"not_picked":["Fission","Creative AI"],"picked":"Electrodynamics","floor":16.0},{"not_picked":[],"picked":"Cold Snap","floor":18},{"not_picked":[],"picked":"Doom and Gloom","floor":20},{"not_picked":[],"picked":"Compile Driver","floor":23},{"not_picked":[],"picked":"Leap","floor":24},{"not_picked":[],"picked":"Blizzard+1","floor":25},{"not_picked":[],"picked":"Steam","floor":28},{"not_picked":[],"picked":"Sweeping Beam","floor":29},{"not_picked":[],"picked":"Coolheaded","floor":31}],"player_experience":25404,"relics_obtained":[{"floor":8.0,"key":"Shuriken"},{"floor":9.0,"key":"Bronze Scales"},{"floor":11.0,"key":"Dream Catcher"},{"floor":14.0,"key":"Toy Ornithopter"},{"floor":23,"key":"Bag of Marbles"},{"floor":26,"key":"MawBank"},{"floor":30,"key":"Molten Egg 2"}],"event_choices":[{"damage_healed":0.0,"max_hp_gain":0.0,"max_hp_loss":0.0,"gold_gain":0.0,"event_name":"Living Wall","player_choice":"Grow","floor":2.0,"gold_loss":0.0,"damage_taken":0.0,"cards_upgraded":["Zap"]},{"damage_healed":0.0,"max_hp_gain":0.0,"max_hp_loss":0.0,"gold_gain":0.0,"event_name":"Wheel of Change","player_choice":"Damaged","floor":3.0,"gold_loss":0.0,"damage_taken":7.0},{"damage_healed":0.0,"max_hp_gain":0.0,"max_hp_loss":0.0,"gold_gain":62.0,"event_name":"Golden Wing","player_choice":"Gained Gold","floor":13.0,"gold_loss":0.0,"damage_taken":0.0},{"damage_healed":0,"gold_gain":0,"player_choice":"2 cards matched","damage_taken":0,"max_hp_gain":0,"max_hp_loss":0,"event_name":"Match and Keep!","floor":22,"gold_loss":0,"cards_obtained":["Electrodynamics","Zap"]},{"damage_healed":0,"gold_gain":0,"player_choice":"Shed Blood","damage_taken":19,"max_hp_gain":5,"max_hp_loss":0,"event_name":"Forgotten Altar","floor":27,"gold_loss":0}],"is_beta":false,"boss_relics":[{"not_picked":["Velvet Choker","Fusion Hammer"],"picked":"Busted Crown"}],"items_purged_floors":[],"is_endless":false,"potions_floor_spawned":[5,16,18,20,25],"killed_by":"Champ","ascension_level":0}}