{"host":"gzrx8rm2nhta4pjr","time":1609285573,"event":{"mods":["2.2 Compatiblity","Act Like it!","AlwaysNeverKeys","BaseMod","Better Altar","Better Sensory Stone","Better Silent Start","Block Reminder","Curses Come First","Defuse TimeMaze Blight","Disable Question Mark Monsters","Emptier Cage","GifTheSpireLib","Infinite Spire","Marked Mod","Minty Spire (QoL Compilation)","Potionbrewer","Rare Cards Sparkle","Remove Card Discount Mod","Reorder Act Four","SCP261 Mod","Shop Mod","StSLib","Stuff the Spire","Swap Starting Deck Mod","The Bug Knight","The Senshi","The Servant 0.9.4","Transform Curses"],"gold_per_floor":[110,36,311,325,336,336,336],"floor_reached":6,"playtime":218,"items_purged":["Entrench"],"score":90,"play_id":"ec6369b8-6ada-4289-8f3a-46c3c33f2ea4","local_time":"20201229184613","is_ascension_mode":true,"campfire_choices":[],"circlet_count":0,"master_deck":["Reckless Charge","Reckless Charge","Reckless Charge","Reckless Charge","Wild Strike","Power Through","Power Through","Power Through","Power Through","Fire Breathing","Battle Trance","Regret","StuffTheSpire:Resist","Rupture"],"relics":["Burning Blood"],"acts_visited":[],"potions_floor_usage":[],"damage_taken":[{"damage":0,"enemies":"Small Slimes","floor":1,"turns":3},{"damage":8,"enemies":"Cultist","floor":4,"turns":3},{"damage":2,"enemies":"infinitespire:Voidling","floor":5,"turns":3},{"damage":53,"enemies":"Nightmare","floor":6,"turns":9}],"seed_played":"-3839489740785836316","potions_obtained":[],"is_trial":false,"path_per_floor":["M","$","?","M","M","NM"],"character_chosen":"IRONCLAD","items_purchased":["Battle Trance"],"campfire_rested":0,"item_purchase_floors":[2],"current_hp_per_floor":[46,46,46,44,48,0,0],"gold":336,"neow_bonus":"","is_daily":false,"chose_seed":false,"campfire_upgraded":0,"win_rate":0.0,"timestamp":1609285573,"path_taken":["M","$","?","M","M","NM"],"items_purchased_type":["Card"],"build_version":"2020-12-22","purchased_purges":1,"victory":false,"max_hp_per_floor":[80,80,80,80,80,80,80],"card_choices":[{"not_picked":["Armaments","Bloodletting"],"picked":"Entrench","floor":1},{"not_picked":["Uppercut","StuffTheSpire:Incineration"],"picked":"StuffTheSpire:Resist","floor":4},{"not_picked":["Spot Weakness","Uppercut"],"picked":"Rupture","floor":5}],"player_experience":1370496,"relics_obtained":[],"event_choices":[{"damage_healed":0,"gold_gain":275,"player_choice":"Desecrate","damage_taken":0,"max_hp_gain":0,"max_hp_loss":0,"event_name":"Golden Shrine","floor":3,"gold_loss":0,"cards_obtained":["Regret"]}],"is_beta":false,"boss_relics":[],"items_purged_floors":[2],"is_endless":false,"potions_floor_spawned":[],"killed_by":"Nightmare","ascension_level":2}}