{"host":"sc0o2qwpf9j16a4i","time":1609269633,"event":{"mods":["AchievementEnabler","BaseMod","BetterRewards","Block Reminder","Colored Map","Colored Powertips","Custom Start","Highlight Path","Minty Spire (QoL Compilation)","Relic Stats"],"gold_per_floor":[114,189,201,212,225,225,251,251,251,251,176,4,14,48,48,119,119,138,138,149,149,160,160,187,205,251,251,251],"floor_reached":27,"playtime":708,"items_purged":["Strike_R"],"score":836,"play_id":"a56c3d5f-81e5-4d71-b599-fd64a0648459","local_time":"20201229212033","is_ascension_mode":true,"campfire_choices":[{"data":"Inflame","floor":6,"key":"SMITH"},{"data":"Armaments","floor":8,"key":"SMITH"},{"data":"Whirlwind","floor":10,"key":"SMITH"},{"data":"Bludgeon","floor":15,"key":"SMITH"},{"data":"Uppercut","floor":23,"key":"SMITH"}],"circlet_count":0,"master_deck":["AscendersBane","Strike_R","Strike_R","Strike_R","Defend_R","Defend_R","Defend_R","Defend_R","Bash","Bludgeon+1","Inflame+1","Whirlwind+1","Havoc","Thunderclap","Twin Strike","Reaper","Shockwave","Armaments+1","Headbutt","Corruption+1","Feed","Uppercut+1","Feel No Pain+1","Flame Barrier","Evolve+1","Shrug It Off"],"relics":["Burning Blood","Pantograph","Gremlin Horn","Lee\u0027s Waffle","Pear","Medical Kit","Regal Pillow","Incense Burner","Mango","Bag of Marbles","Frozen Egg 2","Coffee Dripper","Happy Flower"],"acts_visited":["Exordium","TheCity"],"potions_floor_usage":[7,16,18,27,27],"damage_taken":[{"damage":4,"enemies":"Small Slimes","floor":1,"turns":4},{"damage":14,"enemies":"Jaw Worm","floor":3,"turns":4},{"damage":9,"enemies":"2 Louse","floor":4,"turns":2},{"damage":26,"enemies":"Blue Slaver","floor":5,"turns":3},{"damage":30,"enemies":"Lagavulin","floor":7,"turns":7},{"damage":0,"enemies":"Large Slime","floor":13,"turns":2},{"damage":32,"enemies":"Gremlin Nob","floor":14,"turns":4},{"damage":0,"enemies":"Slime Boss","floor":16,"turns":4},{"damage":0,"enemies":"3 Byrds","floor":18,"turns":4},{"damage":7,"enemies":"Chosen","floor":20,"turns":3},{"damage":41,"enemies":"3 Cultists","floor":22,"turns":5},{"damage":47,"enemies":"Slavers","floor":24,"turns":10},{"damage":18,"enemies":"Snake Plant","floor":25,"turns":3},{"damage":15,"enemies":"Gremlin Leader","floor":27,"turns":2}],"seed_played":"-261462961407877580","potions_obtained":[{"floor":1,"key":"Regen Potion"},{"floor":7,"key":"Explosive Potion"},{"floor":20,"key":"Weak Potion"},{"floor":25,"key":"SkillPotion"}],"is_trial":false,"path_per_floor":["M","?","M","M","M","R","E","R","T","R","?","$","M","E","R","B",null,"M","?","M","?","M","R","E","M","T","E"],"character_chosen":"IRONCLAD","items_purchased":["Pantograph","Gremlin Horn","Lee\u0027s Waffle","Pear","Bludgeon","Medical Kit","Inflame","Regal Pillow","Whirlwind","Strength Potion","Bag of Marbles"],"campfire_rested":0,"item_purchase_floors":[0,0,0,0,0,0,0,0,0,0,12],"current_hp_per_floor":[92,81,73,70,59,59,60,60,74,74,74,74,80,57,57,88,102,109,109,111,77,45,45,21,12,12,0,0],"gold":251,"neow_bonus":"","is_daily":false,"chose_seed":false,"campfire_upgraded":5,"win_rate":0.0,"timestamp":1609269633,"path_taken":["M","?","M","M","M","R","E","R","T","R","?","$","M","E","R","BOSS","M","?","M","?","M","R","E","M","T","E"],"items_purchased_type":["Relic","Relic","Relic","Relic","Card","Relic","Card","Relic","Card","Potion","Relic"],"build_version":"2020-12-22","purchased_purges":1,"victory":false,"max_hp_per_floor":[92,92,92,92,92,92,92,92,106,106,106,106,106,106,106,106,106,109,109,112,117,120,120,123,126,126,126,126],"relic_stats":{"Lee\u0027s Waffle":123,"Regal Pillow":0,"Gremlin Horn":[34,35],"Happy Flower":[0],"counters":[73,432],"Pantograph":50,"Medical Kit":[11],"obtain_stats":[{"Regal Pillow":0,"Gremlin Horn":27,"CeramicFish":48,"Mango":42,"Incense Burner":7,"Bottled Tornado":28,"Burning Blood":0,"Dream Catcher":26,"Matryoshka":30,"Sundial":9,"Mummified Hand":10,"Strawberry":9,"Pantograph":0,"MealTicket":44,"WingedGreaves":6,"Red Mask":20,"Toxic Egg 2":41,"Runic Pyramid":34,"Potion Belt":13,"Lee\u0027s Waffle":0,"Pear":0,"Happy Flower":55,"Oddly Smooth Stone":31,"Velvet Choker":17,"Eternal Feather":0,"Pen Nib":13,"The Courier":9,"Charon\u0027s Ashes":29,"Omamori":0,"War Paint":14,"Frozen Egg 2":14,"Medical Kit":37,"WarpedTongs":21,"Anchor":43,"Shuriken":26,"Bronze Scales":24,"Snecko Eye":34,"Mark of Pain":0,"Bag of Marbles":8,"Coffee Dripper":17,"Bottled Lightning":7,"StrikeDummy":27,"FossilizedHelix":27,"Pocketwatch":0,"Meat on the Bone":26},{"Regal Pillow":59,"Gremlin Horn":43,"CeramicFish":25,"Mango":54,"Incense Burner":64,"Bottled Tornado":15,"Burning Blood":0,"Dream Catcher":42,"Matryoshka":17,"Sundial":6,"Mummified Hand":33,"Strawberry":32,"Pantograph":59,"MealTicket":55,"WingedGreaves":4,"Red Mask":40,"Toxic Egg 2":23,"Runic Pyramid":48,"Potion Belt":36,"Lee\u0027s Waffle":29,"Pear":59,"Happy Flower":28,"Oddly Smooth Stone":18,"Velvet Choker":37,"Eternal Feather":29,"Pen Nib":8,"The Courier":32,"Charon\u0027s Ashes":45,"Omamori":29,"War Paint":36,"Frozen Egg 2":66,"Medical Kit":20,"WarpedTongs":11,"Anchor":23,"Shuriken":12,"Bronze Scales":42,"Snecko Eye":19,"Mark of Pain":0,"Bag of Marbles":6,"Coffee Dripper":9,"Bottled Lightning":5,"StrikeDummy":14,"FossilizedHelix":14,"Pocketwatch":29,"Meat on the Bone":42},{"Regal Pillow":375,"Gremlin Horn":261,"CeramicFish":157,"Mango":327,"Incense Burner":395,"Bottled Tornado":91,"Burning Blood":0,"Dream Catcher":257,"Matryoshka":102,"Sundial":30,"Mummified Hand":211,"Strawberry":206,"Pantograph":375,"MealTicket":334,"WingedGreaves":13,"Red Mask":248,"Toxic Egg 2":144,"Runic Pyramid":295,"Potion Belt":226,"Lee\u0027s Waffle":194,"Pear":375,"Happy Flower":186,"Oddly Smooth Stone":108,"Velvet Choker":233,"Eternal Feather":194,"Pen Nib":39,"The Courier":206,"Charon\u0027s Ashes":272,"Omamori":194,"War Paint":226,"Frozen Egg 2":401,"Medical Kit":123,"WarpedTongs":65,"Anchor":144,"Shuriken":70,"Bronze Scales":257,"Snecko Eye":117,"Mark of Pain":0,"Bag of Marbles":30,"Coffee Dripper":52,"Bottled Lightning":17,"StrikeDummy":84,"FossilizedHelix":84,"Pocketwatch":194,"Meat on the Bone":257}],"Burning Blood":224},"card_choices":[{"not_picked":["Pommel Strike","Second Wind"],"picked":"Thunderclap","floor":1},{"not_picked":["Havoc","Dark Embrace"],"picked":"Twin Strike","floor":3},{"not_picked":["Heavy Blade","Burning Pact"],"picked":"Reaper","floor":4},{"not_picked":["Wild Strike","Anger"],"picked":"Shockwave","floor":5},{"not_picked":["Pommel Strike","Iron Wave"],"picked":"Armaments","floor":7},{"not_picked":["Second Wind","Wild Strike"],"picked":"Headbutt","floor":13},{"not_picked":["Cleave","Pummel"],"picked":"Corruption+1","floor":14},{"not_picked":["Offering","Limit Break"],"picked":"Feed","floor":16},{"not_picked":["Perfected Strike","Thunderclap"],"picked":"Uppercut","floor":18},{"not_picked":["Flex","Searing Blow"],"picked":"Feel No Pain+1","floor":20},{"not_picked":["Clash","Pommel Strike"],"picked":"Flame Barrier","floor":22},{"not_picked":["Blood for Blood","Pommel Strike"],"picked":"Evolve+1","floor":24},{"not_picked":["Cleave","Fire Breathing+1"],"picked":"Shrug It Off","floor":25}],"player_experience":410077,"relics_obtained":[{"floor":7,"key":"Incense Burner"},{"floor":9,"key":"Mango"},{"floor":14,"key":"Frozen Egg 2"},{"floor":26,"key":"Happy Flower"}],"event_choices":[{"damage_healed":0,"gold_gain":75,"player_choice":"Gather Gold","damage_taken":11,"max_hp_gain":0,"max_hp_loss":0,"event_name":"World of Goop","floor":2,"gold_loss":0},{"cards_removed":["Strike_R"],"damage_healed":0,"gold_gain":0,"player_choice":"Card Removal","damage_taken":0,"max_hp_gain":0,"max_hp_loss":0,"event_name":"The Cleric","floor":11,"gold_loss":75},{"damage_healed":0,"gold_gain":0,"player_choice":"Ignored","damage_taken":0,"max_hp_gain":0,"max_hp_loss":0,"event_name":"Vampires","floor":19,"gold_loss":0},{"damage_healed":0,"gold_gain":0,"player_choice":"Shed Blood","damage_taken":39,"max_hp_gain":5,"max_hp_loss":0,"event_name":"Forgotten Altar","floor":21,"gold_loss":0}],"is_beta":false,"boss_relics":[{"not_picked":["Black Blood","Tiny House"],"picked":"Coffee Dripper"}],"items_purged_floors":[0],"is_endless":false,"potions_floor_spawned":[1,5,7,20,25],"killed_by":"Gremlin Leader","ascension_level":20}}