{"host":"17xjy7b7ubl548g2","time":1609227582,"event":{"mods":["2.2 Compatiblity","Act Like it!","Aspiration","Astrologer","Bard","BaseMod","Bestiary","Challenge The Spire","ChefMod","Colored Map","Conspire","Elementarium","Energized Spire","GifTheSpireLib","Halation","Hallownest","Hermit","Hubris","Infinite Spire","Jedi Mod","Jorbs\u0027s Wanderer Trilogy","Marisa（霧雨　魔理沙）","Marked Mod","Minty Spire (QoL Compilation)","Pale of the Ancients","Permanent Neow","Puzzle Mod","Replay The Spire","Robot Space Explorer","Spicy Shops","StSLib","Stuff the Spire","The Blue Laboratory","The Bug Knight","The Construct","The Disciple","The Hayseed","The Hierophant","The Marked","The Runesmith","The Sage"],"gold_per_floor":[111,129,196,196,196,210,210,230,230,230,258,273,287,301,301,398,398,417,433,22,35,35,35,48,64,64,64,76,76,76,90,90,195,195,213,230,250,266,283,283,300,300,300,312,0,0,0,0,0,0,0,0,0,0,0],"floor_reached":54,"playtime":5979,"items_purged":["theMarked:Strike","theMarked:Strike","theMarked:Strike","Writhe"],"score":672,"play_id":"26750acd-ee40-44a7-bd3e-46db92190e9a","local_time":"20201229023942","is_ascension_mode":false,"campfire_choices":[{"data":"theMarked:SelfDefenseTraining","floor":7.0,"key":"SMITH"},{"data":"theMarked:Frustration","floor":10.0,"key":"SMITH"},{"data":"theMarked:ThrowWeapon","floor":23.0,"key":"SMITH"},{"data":"theMarked:Defy","floor":27.0,"key":"SMITH"},{"data":"theMarked:ComboAttacks","floor":29.0,"key":"SMITH"},{"floor":32.0,"key":"REST"},{"data":"theMarked:Seal","floor":32.0,"key":"SMITH"},{"floor":40.0,"key":"REST"},{"data":"theMarked:SummonStrength","floor":40.0,"key":"SMITH"},{"floor":46.0,"key":"REST"},{"data":"infinitespire:SevenWalls","floor":46.0,"key":"SMITH"},{"floor":49.0,"key":"REST"},{"floor":49.0,"key":"RECALL"},{"data":"infinitespire:Gouge","floor":52,"key":"SMITH"}],"circlet_count":0,"master_deck":["infinitespire:Punishment+1","theMarked:Strike","theMarked:Strike","theMarked:Defend","theMarked:Defend","theMarked:Defend","theMarked:Defend","theMarked:SoldierOfQuellstein+1","theMarked:SelfDefenseTraining+1","theMarked:ShockingTouch","theMarked:BanishingStrike","theMarked:Frustration+1","theMarked:TwofoldDefense","theMarked:WardOff","theMarked:ThrowWeapon+1","theMarked:Electrocute","theMarked:Defy+1","theMarked:HeightenedSenses+1","theMarked:FavorableWinds","theMarked:ChainLightning+1","theMarked:WardOff+1","theMarked:RepellingDischarge","theMarked:Seal+1","theMarked:ChainLightning+1","theMarked:ComboAttacks+1","theMarked:SummonStrength+1","theMarked:TwofoldDefense+1","theMarked:Aftermath+1","theMarked:MagicAdept","theMarked:Panic+1","theMarked:WardOff+1","infinitespire:Gouge+1","infinitespire:SevenWalls+1","theMarked:TakeOffHeels"],"relics":["theMarked:ArtifactOfAir","Smiling Mask","hubris:BottledRain","construct:BoolHorns","infinitespire:Cupcake","infinitespire:Magic Flask","Mummified Hand","Akabeko","Orichalcum","hubris:CrystalStatue"],"acts_visited":["Exordium","TheCity","TheBeyond","TheEnding"],"potions_floor_usage":[54],"damage_taken":[{"damage":3.0,"enemies":"2 Louse","floor":1.0,"turns":2.0},{"damage":2.0,"enemies":"Small Slimes","floor":2.0,"turns":3.0},{"damage":0.0,"enemies":"Cultist","floor":6.0,"turns":1.0},{"damage":0.0,"enemies":"Exordium Wildlife","floor":8.0,"turns":3.0},{"damage":6.0,"enemies":"Lagavulin","floor":11.0,"turns":4.0},{"damage":0.0,"enemies":"3 Louse","floor":12.0,"turns":3.0},{"damage":0.0,"enemies":"Gremlin Gang","floor":13.0,"turns":2.0},{"damage":0.0,"enemies":"Large Slime","floor":14.0,"turns":3.0},{"damage":0.0,"enemies":"Slime Boss","floor":16.0,"turns":6.0},{"damage":12.0,"enemies":"2 Thieves","floor":18.0,"turns":4.0},{"damage":0.0,"enemies":"3 Byrds","floor":19.0,"turns":4.0},{"damage":0.0,"enemies":"Centurion and Healer","floor":21.0,"turns":7.0},{"damage":0.0,"enemies":"Shelled Parasite and Fungi","floor":24.0,"turns":3.0},{"damage":0.0,"enemies":"Sentry and Sphere","floor":25.0,"turns":3.0},{"damage":0.0,"enemies":"Chosen and Byrds","floor":28.0,"turns":2.0},{"damage":0.0,"enemies":"Snake Plant","floor":31.0,"turns":2.0},{"damage":49.0,"enemies":"Champ","floor":33.0,"turns":11.0},{"damage":0.0,"enemies":"Orb Walker","floor":35.0,"turns":2.0},{"damage":0.0,"enemies":"3 Shapes","floor":36.0,"turns":3.0},{"damage":27.0,"enemies":"Sphere and 2 Shapes","floor":37.0,"turns":4.0},{"damage":15.0,"enemies":"Writhing Mass","floor":38.0,"turns":4.0},{"damage":22.0,"enemies":"Maw","floor":39.0,"turns":6.0},{"damage":32.0,"enemies":"Transient","floor":41.0,"turns":5.0},{"damage":5.0,"enemies":"3 Darklings","floor":44.0,"turns":4.0},{"damage":27.0,"enemies":"infinitespire:MassOfShapes","floor":50.0,"turns":9.0},{"damage":29,"enemies":"Shield and Spear","floor":54,"turns":3}],"seed_played":"3749794365721687847","potions_obtained":[{"floor":2.0,"key":"blueLaboratory:FrostheartPotion"},{"floor":11.0,"key":"SkillPotion"},{"floor":13.0,"key":"blueLaboratory:FrostheartPotion"},{"floor":14.0,"key":"blueLaboratory:FrostheartPotion"},{"floor":21.0,"key":"blueLaboratory:BottledHope"},{"floor":28.0,"key":"blueLaboratory:ForbiddenFruitJuice"},{"floor":31.0,"key":"Adrenaline Potion"},{"floor":35.0,"key":"blueLaboratory:LouseDecoction"},{"floor":36.0,"key":"Regen Potion"},{"floor":44.0,"key":"blueLaboratory:StoneskinPotion"}],"is_trial":false,"path_per_floor":["M","M","?","?","T","M","R","M","T","R","E","M","M","M","R_BF","B",null,"M","M","$","M","?","R","M","M","T","R","M","R","?","M","R","B",null,"M","M","M","M","M","R","M","AVR","T","M","$","R","?","?","R","B",null,"R","$","E"],"character_chosen":"THE_DEFAULT","items_purchased":["infinitespire:Magic Flask","hubris:CrystalStatue","theMarked:TakeOffHeels"],"campfire_rested":4,"item_purchase_floors":[20,45,45],"current_hp_per_floor":[67,65,48,48,48,48,48,48,48,48,42,42,42,42,63,63,70,58,58,58,58,58,58,58,58,58,58,58,58,58,58,70,21,70,70,70,43,28,6,27,10,10,10,5,5,26,29,29,50,23,73,73,73,44,44],"gold":0,"neow_bonus":"RANDOM_EVENT","is_daily":false,"chose_seed":false,"campfire_upgraded":9,"win_rate":0.0,"timestamp":1609227582,"path_taken":["M","M","?","?","?","M","R","M","T","R","E","M","M","M","R_BF","BOSS","M","M","$","?","?","R","M","M","T","R","M","R","?","M","R","BOSS","M","M","?","M","M","R","M","AVR","T","M","$","R","?","?","R","BOSS","R","$","E"],"items_purchased_type":["Relic","Relic","Card"],"build_version":"2020-12-22","purchased_purges":4,"victory":false,"max_hp_per_floor":[70,70,70,70,70,70,70,70,70,70,70,70,70,70,70,70,70,70,70,70,70,70,70,70,70,70,70,70,70,70,70,70,70,70,70,70,70,70,70,70,70,70,70,70,70,70,73,73,73,73,73,73,73,73,73],"card_choices":[{"not_picked":["theMarked:HeritageOfTheMarked","theMarked:ComboAttacks"],"picked":"theMarked:SelfDefenseTraining","floor":1.0},{"not_picked":["theMarked:BanishingStrike","theMarked:ElectricStrings"],"picked":"theMarked:ShockingTouch","floor":2.0},{"not_picked":["theMarked:Polarize","theMarked:SwordAndMagic"],"picked":"theMarked:BanishingStrike","floor":3.0},{"not_picked":["theMarked:Parkour","theMarked:Improvise"],"picked":"theMarked:Frustration","floor":3.0},{"not_picked":["theMarked:Improvise","theMarked:ChainLightning"],"picked":"theMarked:TwofoldDefense","floor":6.0},{"not_picked":["theMarked:SwordAndMagic","theMarked:Frustration"],"picked":"theMarked:WardOff","floor":8.0},{"not_picked":["theMarked:Static","theMarked:Panic"],"picked":"theMarked:ThrowWeapon","floor":11.0},{"not_picked":["theMarked:EmpowerWeapon","theMarked:ResourceFulStrike"],"picked":"theMarked:Electrocute","floor":12.0},{"not_picked":["theMarked:ChainLightning","theMarked:Electrocute"],"picked":"theMarked:Defy","floor":13.0},{"not_picked":["theMarked:Electrocute","theMarked:MysticalArsenal"],"picked":"theMarked:HeightenedSenses","floor":14.0},{"not_picked":["theMarked:ChannelForce","theMarked:TurnInvisible"],"picked":"theMarked:FavorableWinds","floor":16.0},{"not_picked":["theMarked:Aftermath+1","theMarked:WardOff"],"picked":"theMarked:ChainLightning+1","floor":18.0},{"not_picked":["theMarked:HeightenedSenses","theMarked:ComboAttacks"],"picked":"theMarked:WardOff+1","floor":19.0},{"not_picked":["theMarked:Frustration","theMarked:BanishingStrike"],"picked":"theMarked:RepellingDischarge","floor":21.0},{"not_picked":["theMarked:Improvise","theMarked:ContemptForTheProud"],"picked":"theMarked:Seal","floor":24.0},{"not_picked":["theMarked:WardOff","theMarked:TunnelVision"],"picked":"theMarked:ChainLightning+1","floor":25.0},{"not_picked":["theMarked:CreepingChasm","theMarked:TwofoldDefense"],"picked":"theMarked:ComboAttacks","floor":28.0},{"not_picked":["theMarked:WastefulAttack","theMarked:RepellingDischarge","theMarked:HeightenedSenses"],"picked":"SKIP","floor":31.0},{"not_picked":["theMarked:DispelDoubt","theMarked:SuspiciousRaven"],"picked":"theMarked:SummonStrength","floor":33.0},{"not_picked":["theMarked:BanishingStrike","theMarked:WastefulAttack"],"picked":"theMarked:TwofoldDefense+1","floor":35.0},{"not_picked":["theMarked:HeightenedSenses+1","theMarked:ResourceFulStrike"],"picked":"theMarked:Aftermath+1","floor":36.0},{"not_picked":["theMarked:MysticalArsenal","theMarked:Parkour+1"],"picked":"theMarked:MagicAdept","floor":37.0},{"not_picked":["theMarked:Panic","theMarked:ContemptForTheProud","theMarked:HeightenedSenses"],"picked":"SKIP","floor":38.0},{"not_picked":["theMarked:ShockingTouch+1","theMarked:HeightenedSenses"],"picked":"theMarked:Panic+1","floor":39.0},{"not_picked":["theMarked:Electrocute","theMarked:TwofoldDefense"],"picked":"theMarked:WardOff+1","floor":41.0},{"not_picked":["theMarked:Frustration","theMarked:Static+1","theMarked:SwordAndMagic"],"picked":"SKIP","floor":44.0}],"player_experience":1653295,"relics_obtained":[{"floor":3.0,"key":"Smiling Mask"},{"floor":9.0,"key":"hubris:BottledRain"},{"floor":11.0,"key":"construct:BoolHorns"},{"floor":26.0,"key":"Mummified Hand"},{"floor":43.0,"key":"Orichalcum"}],"event_choices":[{"damage_healed":0.0,"max_hp_gain":0.0,"max_hp_loss":0.0,"gold_gain":0.0,"event_name":"conspire:Investor","player_choice":"Leave","floor":22.0,"gold_loss":0.0,"damage_taken":0.0},{"damage_healed":0.0,"max_hp_gain":0.0,"max_hp_loss":0.0,"gold_gain":0.0,"event_name":"WeMeetAgain","player_choice":"Gave Potion","floor":30.0,"gold_loss":0.0,"damage_taken":0.0,"relics_obtained":["Akabeko"]}],"is_beta":false,"boss_relics":[{"not_picked":["hubris:GrandSneckoEye","Runic Pyramid"],"picked":"infinitespire:Cupcake"},{"not_picked":["halation:MonkeysPaw","StuffTheSpire:RunicConfusion","Painkiller Herb"]}],"items_purged_floors":[20,20,42,45],"is_endless":false,"potions_floor_spawned":[2,11,13,14,21,28,31,35,36,44],"killed_by":"Shield and Spear","ascension_level":0}}