{"host":"uikxj58mzlixykyi","time":1609262861,"event":{"mods":["AchievementEnabler","Arknights The Spire","BaseMod","BetterRewards","Colored Map","Colored Powertips","Downfall","Highlight Path","Minty Spire (QoL Compilation)","Rare Cards Sparkle","Replay The Spire","Shop Mod","StSLib","The Runesmith"],"gold_per_floor":[109,109,109,170,229,229,229,240,314,314,294,353,318,338,338,439,439,452,452,468,468,468,468,498,498,521,521,535,634,654,674,674,674,674],"floor_reached":33,"playtime":2261,"items_purged":[],"score":257,"play_id":"943c8082-686f-4b2d-94e0-464c8b1a62e0","local_time":"20201229192741","is_ascension_mode":false,"campfire_choices":[{"floor":10,"key":"REST"},{"data":"Runesmith:ChargedHammer","floor":15,"key":"SMITH"},{"floor":23,"key":"REST"},{"floor":25,"key":"REST"},{"floor":27,"key":"REST"},{"floor":32,"key":"REST"}],"circlet_count":0,"master_deck":["Runesmith:Defend_RS","Runesmith:Defend_RS","Runesmith:Defend_RS","Runesmith:Defend_RS","Runesmith:CraftFirestone+1","Runesmith:Fortify","Runesmith:CraftReservo","Runesmith:Empowerment+1","Runesmith:Malloc","Runesmith:Electrocute","Runesmith:ChargedHammer+1","Runesmith:ReplicatingBarrier","Runesmith:ChaoticBlast","Slimebound:Tackle+1","Slimebound:Tackle+1","Slimebound:Tackle+1","Runesmith:EarthShield+1","Runesmith:ReplicatingBarrier"],"relics":["Runesmith:BrokenRuby","NeowsBlessing","Ring of Searing","ReplayTheSpireMod:Ring of Challenge","Lantern","HornCleat","SlaversCollar","ReplayTheSpireMod:Lightbulb","ats:Originium","Calipers","Runesmith:AutoHammer"],"acts_visited":["Exordium","TheCity"],"potions_floor_usage":[16,20,30,31,33],"damage_taken":[{"damage":0,"enemies":"Small Slimes","floor":1,"turns":1},{"damage":0,"enemies":"Jaw Worm","floor":4,"turns":1},{"damage":0,"enemies":"Cultist","floor":5,"turns":1},{"damage":5,"enemies":"3 Louse","floor":8,"turns":4},{"damage":19,"enemies":"2 Fungi Beasts","floor":12,"turns":5},{"damage":16,"enemies":"Red Slaver","floor":14,"turns":2},{"damage":26,"enemies":"Hexaghost","floor":16,"turns":8},{"damage":32,"enemies":"Shell Parasite","floor":18,"turns":6},{"damage":3,"enemies":"Spheric Guardian","floor":20,"turns":3},{"damage":30,"enemies":"Gremlin Leader","floor":24,"turns":6},{"damage":18,"enemies":"Centurion and Healer","floor":28,"turns":4},{"damage":32,"enemies":"Shelled Parasite and Fungi","floor":30,"turns":5},{"damage":15,"enemies":"3 Cultists","floor":31,"turns":4},{"damage":49,"enemies":"Collector","floor":33,"turns":7}],"seed_played":"-4866564434554021190","potions_obtained":[{"floor":1,"key":"Energy Potion"},{"floor":4,"key":"Weak Potion"},{"floor":11,"key":"SteroidPotion"},{"floor":16,"key":"Fire Potion"},{"floor":20,"key":"Adrenaline Potion"},{"floor":31,"key":"Weak Potion"}],"is_trial":false,"path_per_floor":["M","?","T","M","M","?","?","M","T","R","?","M","?","M","R","B",null,"M","?","M","?","?","R","E","R","T","R","M","?","M","M","R","B"],"character_chosen":"RUNESMITH_CLASS","items_purchased":[],"campfire_rested":5,"item_purchase_floors":[],"current_hp_per_floor":[70,70,70,70,70,70,56,51,51,70,70,51,68,52,52,26,70,38,38,35,35,35,56,26,47,47,68,50,50,18,3,24,0,0],"gold":674,"neow_bonus":"THREE_ENEMY_KILL","is_daily":false,"chose_seed":false,"campfire_upgraded":1,"win_rate":0.0,"timestamp":1609262861,"path_taken":["M","?","?","?","M","?","?","M","T","R","?","?","?","M","R","BOSS","M","?","M","?","?","R","E","R","T","R","M","?","?","M","R","BOSS"],"items_purchased_type":[],"build_version":"2020-12-22","purchased_purges":0,"victory":false,"max_hp_per_floor":[70,70,70,70,70,70,70,70,70,70,70,70,70,70,70,70,70,70,70,70,70,70,70,70,70,70,70,70,70,70,70,70,70,70],"card_choices":[{"not_picked":["Runesmith:UnstableHammer","Runesmith:CraftProtectio"],"picked":"Runesmith:CraftReservo","floor":1},{"not_picked":["Runesmith:HeatedChisel","Runesmith:DoubleUp"],"picked":"Runesmith:Empowerment","floor":4},{"not_picked":["Runesmith:Superposition","Runesmith:EarthShield"],"picked":"Runesmith:Malloc","floor":5},{"not_picked":["Runesmith:ChiselStab","Runesmith:StaticCage","Runesmith:HeatedChisel"],"picked":"SKIP","floor":8},{"not_picked":["Runesmith:MakeshiftArmor","Runesmith:EnergizedChisel"],"picked":"Runesmith:Electrocute","floor":12},{"not_picked":["Runesmith:FieryHammer","Runesmith:Repurpose"],"picked":"Runesmith:ChargedHammer","floor":14},{"not_picked":["Runesmith:Duplicate","Runesmith:CreatorForm"],"picked":"Runesmith:ReplicatingBarrier","floor":16},{"not_picked":["Runesmith:StaticCage","Runesmith:RuneHurl","Runesmith:Augment"],"picked":"SKIP","floor":18},{"not_picked":["Runesmith:PerfectChisel","Runesmith:BackupBattery"],"picked":"Runesmith:ChaoticBlast","floor":20},{"not_picked":["Runesmith:Augment","Runesmith:LithiumIon"],"picked":"Runesmith:EarthShield+1","floor":24},{"not_picked":["Runesmith:NegativeSpace","Runesmith:CraftMagma","Runesmith:EarthShield"],"picked":"SKIP","floor":28},{"not_picked":["Runesmith:ChaoticBlast","Runesmith:NegativeSpace+1"],"picked":"Runesmith:ReplicatingBarrier","floor":30},{"not_picked":["Runesmith:ElementalConversion+1","Runesmith:StaticCage+1","Runesmith:HeatExchange"],"picked":"SKIP","floor":31}],"player_experience":61749,"relics_obtained":[{"floor":2,"key":"Ring of Searing"},{"floor":2,"key":"ReplayTheSpireMod:Ring of Challenge"},{"floor":3,"key":"Lantern"},{"floor":9,"key":"HornCleat"},{"floor":24,"key":"ats:Originium"},{"floor":24,"key":"Calipers"},{"floor":26,"key":"Runesmith:AutoHammer"}],"event_choices":[{"damage_healed":0,"gold_gain":0,"player_choice":"Grow","damage_taken":0,"max_hp_gain":0,"max_hp_loss":0,"event_name":"Living Wall","floor":6,"gold_loss":0,"cards_upgraded":["Runesmith:Empowerment"]},{"damage_healed":0,"gold_gain":0,"player_choice":"Entered Light","damage_taken":14,"max_hp_gain":0,"max_hp_loss":0,"event_name":"Shining Light","floor":7,"gold_loss":0,"cards_upgraded":["Runesmith:CraftFirestone","Runesmith:Strike_RS"]},{"damage_healed":0,"gold_gain":0,"player_choice":"Bought 1 Potion","damage_taken":0,"max_hp_gain":0,"max_hp_loss":0,"event_name":"The Woman in Blue","floor":11,"gold_loss":0},{"damage_healed":17,"gold_gain":0,"player_choice":"Healed","damage_taken":0,"max_hp_gain":0,"max_hp_loss":0,"event_name":"The Cleric","floor":13,"gold_loss":35},{"damage_healed":0,"gold_gain":99,"player_choice":"Stole From Cult","damage_taken":0,"max_hp_gain":0,"max_hp_loss":0,"event_name":"Nest","floor":29,"gold_loss":0}],"is_beta":false,"boss_relics":[{"not_picked":["Runic Dome","Velvet Choker"],"picked":"SlaversCollar"}],"items_purged_floors":[],"is_endless":false,"potions_floor_spawned":[1,4,16,20,24,28,31],"killed_by":"Collector","ascension_level":0}}