{"host":"BK","time":1609210517,"event":{"mods":["BaseMod","Highlight Path","Minty Spire (QoL Compilation)","StSLib"],"gold_per_floor":[109,109,109,259,275,35,62,62,135,135,169,185,185,2,2,2,2],"floor_reached":16,"playtime":366,"items_purged":["Doubt","Strike_R"],"score":262,"play_id":"271c22c1-db81-4a5b-ab06-90a5acc88a7d","local_time":"20201228195517","is_ascension_mode":true,"campfire_choices":[{"data":"Bash","floor":8,"key":"SMITH"},{"data":"Shockwave","floor":10,"key":"SMITH"},{"data":"Immolate","floor":13,"key":"SMITH"},{"data":"Flame Barrier","floor":15,"key":"SMITH"}],"circlet_count":0,"master_deck":["AscendersBane","Strike_R","Strike_R","Strike_R","Defend_R","Defend_R+1","Defend_R","Defend_R","Bash+1","Wild Strike+1","Burning Pact","Shockwave+1","Immolate+1","Inflame","Flame Barrier+1"],"relics":["Burning Blood","NeowsBlessing","Lantern","Ornamental Fan","Oddly Smooth Stone"],"acts_visited":["Exordium"],"potions_floor_usage":[11],"damage_taken":[{"damage":0,"enemies":"2 Louse","floor":1,"turns":1},{"damage":0,"enemies":"Jaw Worm","floor":5,"turns":1},{"damage":0,"enemies":"Gremlin Nob","floor":7,"turns":1},{"damage":18,"enemies":"Lagavulin","floor":11,"turns":6},{"damage":0,"enemies":"Cultist","floor":12,"turns":3},{"damage":55,"enemies":"Hexaghost","floor":16,"turns":8}],"seed_played":"2486136702344150020","potions_obtained":[{"floor":7,"key":"SkillPotion"},{"floor":12,"key":"Explosive Potion"}],"is_trial":false,"path_per_floor":["M","?","?","?","M","$","E","R","T","R","E","M","R","$","R","B"],"character_chosen":"IRONCLAD","items_purchased":["Lantern","Flame Barrier"],"campfire_rested":0,"item_purchase_floors":[6,14],"current_hp_per_floor":[74,67,44,44,50,50,56,56,56,56,44,50,50,50,50,0,0],"gold":2,"neow_bonus":"THREE_ENEMY_KILL","is_daily":false,"chose_seed":false,"campfire_upgraded":4,"win_rate":0.0,"timestamp":1609210517,"path_taken":["M","?","?","?","M","$","E","R","T","R","E","?","R","$","R","BOSS"],"items_purchased_type":["Relic","Card"],"build_version":"2020-12-18","purchased_purges":2,"victory":false,"max_hp_per_floor":[75,75,75,75,75,75,75,75,75,75,75,75,75,75,75,75,75],"card_choices":[{"not_picked":["Flex","Headbutt"],"picked":"Wild Strike","floor":1},{"not_picked":["Warcry","Cleave"],"picked":"Burning Pact","floor":5},{"not_picked":["Power Through","Iron Wave"],"picked":"Shockwave","floor":7},{"not_picked":["Evolve","Spot Weakness"],"picked":"Immolate","floor":11},{"not_picked":["Cleave","Heavy Blade"],"picked":"Inflame","floor":12}],"player_experience":2470035,"relics_obtained":[{"floor":7,"key":"Ornamental Fan"},{"floor":11,"key":"Oddly Smooth Stone"}],"event_choices":[{"cards_removed":["Strike_R"],"damage_healed":0,"gold_gain":0,"player_choice":"Card Removal","damage_taken":7,"max_hp_gain":0,"max_hp_loss":0,"event_name":"Golden Wing","floor":2,"gold_loss":0},{"damage_healed":0,"gold_gain":0,"player_choice":"Entered Light","damage_taken":23,"max_hp_gain":0,"max_hp_loss":0,"event_name":"Shining Light","floor":3,"gold_loss":0,"cards_upgraded":["Wild Strike","Defend_R"]},{"damage_healed":0,"gold_gain":150,"player_choice":"AGREE","damage_taken":0,"max_hp_gain":0,"max_hp_loss":0,"event_name":"Liars Game","floor":4,"gold_loss":0,"cards_obtained":["Doubt"]}],"is_beta":true,"boss_relics":[],"items_purged_floors":[6,14],"is_endless":false,"potions_floor_spawned":[7,12],"killed_by":"Hexaghost","ascension_level":20}}