{"host":"wshh0nphwn6jv7vj","time":1609231398,"event":{"mods":["BaseMod","Bestiary","Minty Spire (QoL Compilation)"],"gold_per_floor":[114,124,124,139,208,233,233,266,312,362,412,442,456,487,487,564,564,576,73,73,48,63,89,89,139,139,157,482,482,494,520,520,520,520],"floor_reached":33,"playtime":1452,"items_purged":["Strike_R"],"score":716,"play_id":"902dbd19-64cd-4856-b370-6fe924381760","local_time":"20201229034318","is_ascension_mode":true,"campfire_choices":[{"data":"Feed","floor":7,"key":"SMITH"},{"data":"Pommel Strike","floor":15,"key":"SMITH"},{"data":"1","floor":24,"key":"LIFT"},{"data":"2","floor":29,"key":"LIFT"},{"data":"3","floor":32,"key":"LIFT"}],"circlet_count":0,"master_deck":["AscendersBane","Strike_R","Strike_R","Strike_R","Strike_R","Defend_R","Defend_R","Defend_R","Defend_R","Bash","Headbutt","Battle Trance","Spot Weakness","Feed+1","Immolate","Pommel Strike+1","Rampage","Offering","Metallicize","Offering","Uppercut","Double Tap"],"relics":["Burning Blood","NeowsBlessing","SsserpentHead","PreservedInsect","White Beast Statue","Anchor","Blood Vial","Juzu Bracelet","SacredBark","Girya","Singing Bowl","InkBottle","Old Coin","MealTicket"],"acts_visited":["Exordium","TheCity"],"potions_floor_usage":[6,12,16,18,20,23,28,30,31,33,33],"damage_taken":[{"damage":0,"enemies":"2 Louse","floor":1,"turns":1},{"damage":0,"enemies":"Cultist","floor":2,"turns":1},{"damage":0,"enemies":"Small Slimes","floor":4,"turns":1},{"damage":0,"enemies":"2 Fungi Beasts","floor":5,"turns":2},{"damage":18,"enemies":"Gremlin Nob","floor":6,"turns":3},{"damage":35,"enemies":"Lagavulin","floor":8,"turns":4},{"damage":10,"enemies":"3 Sentries","floor":12,"turns":4},{"damage":14,"enemies":"Exordium Thugs","floor":13,"turns":3},{"damage":35,"enemies":"Lagavulin","floor":14,"turns":5},{"damage":44,"enemies":"The Guardian","floor":16,"turns":12},{"damage":12,"enemies":"2 Thieves","floor":18,"turns":2},{"damage":4,"enemies":"Chosen","floor":20,"turns":3},{"damage":45,"enemies":"Snake Plant","floor":22,"turns":4},{"damage":47,"enemies":"Slavers","floor":23,"turns":5},{"damage":45,"enemies":"Snecko","floor":27,"turns":4},{"damage":46,"enemies":"Gremlin Leader","floor":28,"turns":7},{"damage":6,"enemies":"Cultist and Chosen","floor":30,"turns":2},{"damage":6,"enemies":"Slavers","floor":31,"turns":1},{"damage":48,"enemies":"Champ","floor":33,"turns":10}],"seed_played":"-4378417534595136107","potions_obtained":[{"floor":2,"key":"BloodPotion"},{"floor":4,"key":"Energy Potion"},{"floor":6,"key":"EssenceOfSteel"},{"floor":12,"key":"LiquidBronze"},{"floor":13,"key":"FairyPotion"},{"floor":14,"key":"Energy Potion"},{"floor":16,"key":"Strength Potion"},{"floor":18,"key":"SmokeBomb"},{"floor":22,"key":"SteroidPotion"},{"floor":23,"key":"BloodPotion"},{"floor":27,"key":"Block Potion"},{"floor":28,"key":"DistilledChaos"},{"floor":30,"key":"AttackPotion"},{"floor":31,"key":"DistilledChaos"}],"is_trial":false,"path_per_floor":["M","M","?","M","M","E","R","E","T","?","?","E","M","E","R","B",null,"M","$","M","?","M","E","R","?","T","M","E","R","M","E","R","B"],"character_chosen":"IRONCLAD","items_purchased":["Girya","Metallicize"],"campfire_rested":0,"item_purchase_floors":[19,19],"current_hp_per_floor":[74,75,75,75,75,63,63,38,38,64,64,80,78,55,55,19,73,69,69,73,73,40,67,67,67,67,34,38,38,42,46,46,0,0],"gold":520,"neow_bonus":"THREE_ENEMY_KILL","is_daily":false,"chose_seed":false,"campfire_upgraded":2,"win_rate":0.0,"timestamp":1609231398,"path_taken":["M","M","?","M","?","E","R","E","T","?","?","E","M","E","R","BOSS","M","$","M","?","M","E","R","?","T","M","E","R","M","E","R","BOSS"],"items_purchased_type":["Relic","Card"],"build_version":"2020-12-22","purchased_purges":1,"victory":false,"max_hp_per_floor":[75,75,75,75,75,75,75,79,79,79,79,83,87,91,91,91,91,91,91,91,91,95,101,101,101,101,105,105,105,107,109,109,109,109],"card_choices":[{"not_picked":["Headbutt","Fire Breathing","Body Slam"],"picked":"SKIP","floor":1},{"not_picked":["Fire Breathing","Body Slam"],"picked":"Headbutt","floor":1},{"not_picked":["Wild Strike","Bloodletting"],"picked":"Battle Trance","floor":2},{"not_picked":["Dual Wield","Feel No Pain"],"picked":"Perfected Strike","floor":4},{"not_picked":["Wild Strike","Rupture"],"picked":"Spot Weakness","floor":5},{"not_picked":["Anger","Pommel Strike"],"picked":"Feed","floor":6},{"not_picked":["Anger","Spot Weakness"],"picked":"Immolate","floor":8},{"not_picked":["Wild Strike","Anger","Havoc"],"picked":"SKIP","floor":12},{"not_picked":["Anger","Body Slam"],"picked":"Pommel Strike","floor":13},{"not_picked":["Heavy Blade","Wild Strike"],"picked":"Rampage","floor":14},{"not_picked":["Impervious","Juggernaut"],"picked":"Offering","floor":16},{"not_picked":["Anger","Carnage","Flex+1"],"picked":"SKIP","floor":18},{"not_picked":["Heavy Blade","Sword Boomerang"],"picked":"Offering","floor":22},{"not_picked":["Feel No Pain","Clothesline","Sword Boomerang"],"picked":"Singing Bowl","floor":23},{"not_picked":["Reckless Charge+1","Power Through+1"],"picked":"Uppercut","floor":27},{"not_picked":["Headbutt+1","Clothesline"],"picked":"Double Tap","floor":28},{"not_picked":["Sword Boomerang","Heavy Blade","Flex"],"picked":"Singing Bowl","floor":30},{"not_picked":["Wild Strike","Pummel+1","Heavy Blade+1"],"picked":"Singing Bowl","floor":31}],"player_experience":1523130,"relics_obtained":[{"floor":6,"key":"PreservedInsect"},{"floor":8,"key":"White Beast Statue"},{"floor":9,"key":"Anchor"},{"floor":12,"key":"Blood Vial"},{"floor":14,"key":"Juzu Bracelet"},{"floor":23,"key":"Singing Bowl"},{"floor":26,"key":"InkBottle"},{"floor":28,"key":"Old Coin"},{"floor":31,"key":"MealTicket"}],"event_choices":[{"damage_healed":0,"gold_gain":0,"player_choice":"Trade","damage_taken":0,"relics_obtained":["SsserpentHead"],"max_hp_gain":0,"max_hp_loss":0,"event_name":"FaceTrader","floor":3,"gold_loss":0},{"damage_healed":26,"gold_gain":0,"player_choice":"Banana","damage_taken":0,"max_hp_gain":0,"max_hp_loss":0,"event_name":"Big Fish","floor":10,"gold_loss":0},{"damage_healed":0,"gold_gain":0,"player_choice":"Ignored","damage_taken":0,"max_hp_gain":0,"max_hp_loss":0,"event_name":"Liars Game","floor":11,"gold_loss":0},{"cards_removed":["Perfected Strike"],"damage_healed":0,"gold_gain":0,"player_choice":"Gave Gold","damage_taken":0,"max_hp_gain":0,"max_hp_loss":0,"event_name":"Beggar","floor":21,"gold_loss":75},{"damage_healed":0,"gold_gain":0,"player_choice":"Ignored","damage_taken":0,"max_hp_gain":0,"max_hp_loss":0,"event_name":"Ghosts","floor":25,"gold_loss":0}],"is_beta":false,"boss_relics":[{"not_picked":["Runic Pyramid","Runic Cube"],"picked":"SacredBark"}],"items_purged_floors":[19],"is_endless":false,"potions_floor_spawned":[2,4,5,6,12,13,14,16,18,20,22,23,27,28,30,31],"killed_by":"Champ","ascension_level":17}}