{"host":"f5ezd1v29dtbwkzo","time":1609249203,"event":{"mods":["2.2 Compatiblity","BaseMod","Hermit","Hubris","Infinite Spire","Minty Spire (QoL Compilation)","Rare Cards Sparkle","Replay The Spire","StSLib"],"gold_per_floor":[117,117,135,135,145,145,177,177,177,188,34,50,65,90,90,189,189,207,207,224,234,246,278,278,278,305,317,317,337,337,433,433,532,532,548,548,560,575,52,86,86,96,96,96,115,115,131,131,131],"floor_reached":48,"playtime":3337,"items_purged":["Sickly"],"score":671,"play_id":"cd615f11-4df5-48bb-be1c-e0bf5720efce","local_time":"20201229164003","is_ascension_mode":false,"campfire_choices":[{"data":"ReplayTheSpireMod:Limb From Limb","floor":6,"key":"SMITH"},{"data":"True Grit","floor":8,"key":"SMITH"},{"floor":15,"key":"DIG"},{"data":"Feed","floor":24,"key":"SMITH"},{"data":"Defy Death","floor":30,"key":"SMITH"},{"data":"Rupture","floor":32,"key":"SMITH"},{"floor":41,"key":"RECALL"},{"data":"Metallicize","floor":46,"key":"SMITH"}],"circlet_count":0,"master_deck":["Strike_R","Strike_R","Strike_R","Strike_R","Defend_R","Defend_R","Defend_R","Defend_R","Bash","Pummel","Pain","Metallicize+1","Looming Evil","ReplayTheSpireMod:Limb From Limb+1","True Grit+1","Rupture+1","Exhume","ReplayTheSpireMod:Stacked","Thunderclap","Feed+1","ReplayTheSpireMod:Faulty Equipment","Doubt","infinitespire:Starlight","Combust","Defy Death+1","Necronomicurse","Sword Boomerang+1","True Grit+1","Uppercut+1","ReplayTheSpireMod:Splinters","hubris:SharpeningStone+1","Reaper","AbeCurse","Cleave+1","Chrysalis","Hemokinesis","Metallicize+1","Reckless Charge+1","Brutality"],"relics":["Burning Blood","NeowsBlessing","WarpedTongs","Iron Hammer","Bag of Marbles","hubris:EmptyBottle","White Beast Statue","Pocketwatch","Replay:Ancient Bell","Juzu Bracelet","Gremlin Horn","Magic Flower","infinitespire:Joker Card","Smiling Mask","Necronomicon","Happy Flower","Gremlin Food","Abe\u0027s Treasure","ReplayTheSpireMod:TigerMarble","ClockworkSouvenir","Pet Ghost","Ornamental Fan"],"acts_visited":["Exordium","TheCity","TheBeyond"],"potions_floor_usage":[12,12,14,14,16,18,18,18,18,21,22,23,23,33,33,35,37,38,40,40,40,48,48],"damage_taken":[{"damage":0,"enemies":"Small Slimes","floor":1,"turns":1},{"damage":0,"enemies":"Cultist","floor":3,"turns":1},{"damage":3,"enemies":"Jaw Worm","floor":5,"turns":2},{"damage":18,"enemies":"Gremlin Nob","floor":7,"turns":4},{"damage":8,"enemies":"Lots of Slimes","floor":10,"turns":7},{"damage":2,"enemies":"Exordium Thugs","floor":12,"turns":5},{"damage":1,"enemies":"3 Louse","floor":13,"turns":2},{"damage":7,"enemies":"Lagavulin","floor":14,"turns":7},{"damage":30,"enemies":"Hexaghost","floor":16,"turns":9},{"damage":50,"enemies":"Spheric Guardian","floor":18,"turns":10},{"damage":14,"enemies":"Shell Parasite","floor":20,"turns":6},{"damage":17,"enemies":"Centurion and Healer","floor":21,"turns":6},{"damage":19,"enemies":"Snecko","floor":22,"turns":7},{"damage":72,"enemies":"Slavers","floor":23,"turns":7},{"damage":15,"enemies":"3 Cultists","floor":27,"turns":7},{"damage":13,"enemies":"Centurion and Healer","floor":29,"turns":6},{"damage":26,"enemies":"Collector","floor":33,"turns":5},{"damage":24,"enemies":"Orb Walker","floor":35,"turns":4},{"damage":6,"enemies":"3 Shapes","floor":37,"turns":4},{"damage":29,"enemies":"Transient","floor":38,"turns":5},{"damage":29,"enemies":"R_Hoarder","floor":40,"turns":5},{"damage":10,"enemies":"Spire Growth","floor":42,"turns":4},{"damage":21,"enemies":"Maw","floor":45,"turns":5},{"damage":16,"enemies":"4 Shapes","floor":47,"turns":5},{"damage":48,"enemies":"infinitespire:Three Voidlings","floor":48,"turns":5},{"damage":161,"enemies":"Nightmare_Alpha","floor":48,"turns":6}],"seed_played":"2872630077010086536","potions_obtained":[{"floor":7,"key":"Block Potion"},{"floor":10,"key":"Fire Potion"},{"floor":12,"key":"Block Potion"},{"floor":14,"key":"BloodPotion"},{"floor":16,"key":"Adrenaline Potion"},{"floor":18,"key":"Ancient Potion"},{"floor":20,"key":"Flashbang"},{"floor":22,"key":"Venom Potion"},{"floor":23,"key":"Energy Potion"},{"floor":29,"key":"ColorlessPotion"},{"floor":33,"key":"Explosive Potion"},{"floor":37,"key":"EssenceOfSteel"},{"floor":38,"key":"BlessingOfTheForge"},{"floor":40,"key":"SneckoOil"},{"floor":42,"key":"SkillPotion"},{"floor":47,"key":"PowerPotion"}],"is_trial":false,"path_per_floor":["M","?","M","?","M","R","E","R","T","M","$","M","M","E","R","B",null,"M","AVR","M","M","M","E","R","?","T","M","?","M","R","?","R","B",null,"M","?","M","M","$","E","R","M","T","T","M","R","M","?"],"character_chosen":"IRONCLAD","items_purchased":["hubris:EmptyBottle","ReplayTheSpireMod:TigerMarble","ClockworkSouvenir","Chrysalis"],"campfire_rested":0,"item_purchase_floors":[11,39,39,39],"current_hp_per_floor":[80,80,80,80,80,80,68,68,68,66,66,70,75,74,74,50,80,69,69,84,90,94,70,70,54,54,103,103,111,111,111,111,109,113,117,117,117,97,97,113,113,117,117,117,117,117,117,0,0],"gold":131,"neow_bonus":"THREE_ENEMY_KILL","is_daily":false,"chose_seed":false,"campfire_upgraded":6,"win_rate":0.0,"timestamp":1609249203,"path_taken":["M","?","?","?","?","R","E","R","T","M","?","M","M","E","R","BOSS","M","AVR","M","M","M","E","R","?","T","M","?","M","R","?","R","BOSS","M","?","M","M","?","E","R","M","T","?","M","R","M","?"],"items_purchased_type":["Relic","Relic","Relic","Card"],"build_version":"2020-12-22","purchased_purges":1,"victory":false,"max_hp_per_floor":[80,80,80,80,80,80,80,80,80,80,80,80,80,80,80,80,80,84,84,87,90,94,97,97,97,97,105,105,113,113,113,113,113,113,117,117,117,117,117,117,117,117,117,117,117,117,117,121,121],"card_choices":[{"not_picked":["Thunderclap","Clothesline"],"picked":"Pummel","floor":1},{"not_picked":["Heavy Blade","Clash"],"picked":"Metallicize","floor":3},{"not_picked":["Headbutt","Flex"],"picked":"ReplayTheSpireMod:Limb From Limb","floor":5},{"not_picked":["Abandon","Searing Blow"],"picked":"True Grit","floor":7},{"not_picked":["Clothesline","Feel No Pain"],"picked":"Rupture","floor":10},{"not_picked":["Blood for Blood","Anger"],"picked":"Exhume","floor":12},{"not_picked":["Shrug It Off","Pommel Strike"],"picked":"ReplayTheSpireMod:Stacked","floor":13},{"not_picked":["Second Wind","Headbutt"],"picked":"Thunderclap","floor":14},{"not_picked":["Eclipse","Demon Form"],"picked":"Feed","floor":16},{"not_picked":["ReplayTheSpireMod:Restless Dread","Pain"],"picked":"ReplayTheSpireMod:Faulty Equipment","floor":17},{"not_picked":["hubris:Lust","Regret"],"picked":"Sickly","floor":17},{"not_picked":["Decay","CurseOfTheBell"],"picked":"Doubt","floor":17},{"not_picked":["ReplayTheSpireMod:Corrosion Curse","Headbutt","Replay:Many Hands"],"picked":"SKIP","floor":18},{"not_picked":["Body Slam+1","Pommel Strike"],"picked":"Flex","floor":20},{"not_picked":["Intimidate","ReplayTheSpireMod:Limb From Limb"],"picked":"Combust","floor":21},{"not_picked":["Rampage","Dark Embrace+1","Combust"],"picked":"SKIP","floor":22},{"not_picked":["Dropkick","Bloodletting"],"picked":"Defy Death","floor":23},{"not_picked":["hubris:ReadiedAction+1","Iron Wave"],"picked":"Sword Boomerang+1","floor":27},{"not_picked":["Clothesline","Iron Wave"],"picked":"Uppercut+1","floor":29},{"not_picked":["Clothesline+1","hubris:ReadiedAction"],"picked":"hubris:SharpeningStone+1","floor":31},{"not_picked":["Double Tap","Fiend Fire"],"picked":"Reaper","floor":33},{"not_picked":["Dual Wield","Wild Strike"],"picked":"Cleave+1","floor":35},{"not_picked":["Dark Embrace","True Grit+1","ReplayTheSpireMod:LeadingStrike"],"picked":"SKIP","floor":37},{"not_picked":["Headbutt","Havoc+1","Abandon"],"picked":"SKIP","floor":38},{"not_picked":["Double Tap","Pummel"],"picked":"Hemokinesis","floor":40},{"not_picked":["Iron Wave","Run Through+1"],"picked":"Metallicize+1","floor":42},{"not_picked":["ReplayTheSpireMod:Muscle Training+1","Pommel Strike"],"picked":"Reckless Charge+1","floor":45},{"not_picked":["Infernal Blade","hubris:ReadiedAction+1"],"picked":"Brutality","floor":47}],"player_experience":315968,"relics_obtained":[{"floor":7,"key":"Iron Hammer"},{"floor":9,"key":"Bag of Marbles"},{"floor":14,"key":"White Beast Statue"},{"floor":15,"key":"Pocketwatch"},{"floor":23,"key":"Smiling Mask"},{"floor":25,"key":"Necronomicon"},{"floor":26,"key":"Happy Flower"},{"floor":31,"key":"Gremlin Food"},{"floor":40,"key":"Pet Ghost"},{"floor":44,"key":"Ornamental Fan"}],"event_choices":[{"damage_healed":0,"gold_gain":0,"player_choice":"Rummage","damage_taken":0,"relics_obtained":["WarpedTongs"],"max_hp_gain":0,"max_hp_loss":0,"event_name":"Accursed Blacksmith","floor":2,"gold_loss":0,"cards_obtained":["Pain"]},{"cards_removed":["Strike_R"],"damage_healed":0,"gold_gain":0,"player_choice":"Took Card","damage_taken":0,"max_hp_gain":0,"max_hp_loss":0,"event_name":"NoteForYourself","floor":4,"gold_loss":0,"cards_obtained":["Looming Evil"]},{"damage_healed":0,"gold_gain":0,"player_choice":"Obtained Book","damage_taken":16,"max_hp_gain":0,"max_hp_loss":0,"event_name":"Cursed Tome","floor":25,"gold_loss":0},{"damage_healed":0,"gold_gain":0,"player_choice":"Copied","damage_taken":0,"max_hp_gain":0,"max_hp_loss":0,"event_name":"Duplicator","floor":28,"gold_loss":0,"cards_obtained":["True Grit"]},{"cards_removed":["Flex"],"damage_healed":5,"gold_gain":0,"player_choice":"Offered Common","damage_taken":0,"max_hp_gain":0,"max_hp_loss":0,"event_name":"Bonfire Elementals","floor":36,"gold_loss":0},{"cards_removed":["Flex"],"damage_healed":5,"gold_gain":0,"player_choice":"Offered Special","damage_taken":0,"max_hp_gain":0,"max_hp_loss":0,"event_name":"Bonfire Elementals","floor":36,"gold_loss":0}],"is_beta":false,"boss_relics":[{"not_picked":["SlaversCollar","Snecko Eye"],"picked":"Replay:Ancient Bell"},{"not_picked":["hubris:SlimyHat","Nunchaku"],"picked":"Juzu Bracelet"},{"not_picked":["Pantograph","Meat on the Bone"],"picked":"Gremlin Horn"},{"not_picked":["Ice Cream","hubris:64BitClover"],"picked":"Magic Flower"},{"not_picked":["infinitespire:Cupcake","Pandora\u0027s Box"],"picked":"Abe\u0027s Treasure"}],"items_purged_floors":[39],"is_endless":false,"potions_floor_spawned":[7,10,12,14,16,18,20,21,22,23,27,29,33,35,37,38,40,42,45,47,48],"killed_by":"Nightmare_Alpha","ascension_level":0}}