{"host":"hzyv8pm5uot6l4n9","time":1609245324,"event":{"mods":["Aspiration","Astrologer","BaseMod","Better Note","Better Third Choice","BetterRewards","Downfall","Energized Spire","GifTheSpireLib","GungeonMod","Minty Spire (QoL Compilation)","Quick Restart","Replay The Spire","Shade Mod","StSLib","Stuff the Spire","The Necromancer"],"gold_per_floor":[99,114,126,146,162,182,207,207,237,247,247,263,289,300,310,414,414,339,359,372,385,385,395,395,407,423,348,348,87,107,107,117,217,217,217,234,234,245,258,163,163,175,103,28,128,146,146,160,75,75],"floor_reached":51,"playtime":2726,"items_purged":[],"score":878,"play_id":"743f1628-97dd-42c5-85ee-9720b34b0c8d","local_time":"20201229133524","is_ascension_mode":false,"campfire_choices":[{"data":"Shade:FreshBones","floor":1,"key":"SMITH"},{"data":"Shade:GreaterAnimation","floor":8,"key":"SMITH"},{"data":"Shade:OminousRitual","floor":18,"key":"PURGE"},{"data":"Shade:SkeletonArmy","floor":27,"key":"SMITH"},{"floor":35,"key":"RECALL"},{"data":"Shade:OneIsEnough","floor":44,"key":"SMITH"},{"data":"Shade:FreshBones","floor":47,"key":"SMITH"}],"circlet_count":0,"master_deck":["Shade:AnimateDead","Shade:CarefulCut","Shade:FreshBones+1","Shade:Bonestorm","Shade:Putrefaction","Shade:GreaterAnimation+1","Shade:CommandSoldier","Shade:StitchTogether","Shade:FeralStrike","Shade:Premonition","Shade:CommandSoldier","Shade:Putrefaction","Shade:SanguineRitual","Shade:GreaterAnimation","Shade:StitchTogether","Shade:CallWraith","Shade:SkeletonArmy+1","Shade:OpenGraves","Shade:SkeletonHug","Shade:FingerOfDeath","Shade:CloudOfShrapnel","Shade:CoffinDance","Shade:GraveStillness","Shade:Consume","DemoMod:Spice","Shade:Carnophage","Shade:OneIsEnough+1","Voices","Replay:Hysterical Blindness","Shade:FleshToFlesh+1","Sickly","Shade:FreshBones+1","Parasite","Shade:FleshLikeOak","Shade:StitchTogether","Shade:WallOfFlesh+1","Shade:Awaken+1","Shade:OfferingToTheBeyond","Shade:FleshLikeOak","Shade:FreshBones+1","Shame","Shade:AnimateDead","Flash of Steel","Shade:WallOfFlesh","Shade:WallOfFlesh+1"],"relics":["Shade:YorickSkull","Oddly Smooth Stone","aspiration:ChemicalBlood","Replay:Towering Pillar of Hats","Replay:Grab Bag","ChewingGum","Replay:Bronze Core","Pandora\u0027s Box","Snecko Heart","downfall:HeartBlessingGreen","downfall:HeartBlessingBlue","Gremlin Food","Nloth\u0027s Gift","Replay:Ancient Bell","aspiration:HiddenCompartment","Darkstone Periapt","aspiration:AnachronicSnailShell","Ring of Peace","Ring of Chaos","ReplayTheSpireMod:Shallot","downfall:HeartBlessingRed","downfall:GremlinSack"],"acts_visited":["Exordium","TheCity","TheBeyond"],"potions_floor_usage":[5,16,16,16,16,16,28,29,32,33,39,40,46,49,50],"damage_taken":[{"damage":2,"enemies":"Cultist","floor":2,"turns":3},{"damage":0,"enemies":"2 Louse","floor":3,"turns":2},{"damage":0,"enemies":"Small Slimes","floor":4,"turns":3},{"damage":19,"enemies":"Gremlin Gang","floor":5,"turns":4},{"damage":5,"enemies":"3 Louse","floor":6,"turns":2},{"damage":7,"enemies":"Replay:BlueRogue","floor":9,"turns":4},{"damage":2,"enemies":"Large Slime","floor":10,"turns":5},{"damage":0,"enemies":"Exordium Thugs","floor":12,"turns":3},{"damage":9,"enemies":"Gremlin Nob","floor":13,"turns":4},{"damage":2,"enemies":"Red Slaver","floor":14,"turns":3},{"damage":0,"enemies":"2 Fungi Beasts","floor":15,"turns":2},{"damage":20,"enemies":"downfall:Ironclad","floor":16,"turns":8},{"damage":5,"enemies":"Chosen","floor":19,"turns":3},{"damage":0,"enemies":"3 Byrds","floor":20,"turns":3},{"damage":6,"enemies":"Snake Plant","floor":21,"turns":3},{"damage":1,"enemies":"Snecko","floor":23,"turns":3},{"damage":1,"enemies":"Cultist and Chosen","floor":25,"turns":3},{"damage":0,"enemies":"Chosen and Byrds","floor":26,"turns":5},{"damage":0,"enemies":"downfall:FleeingMerchant","floor":29,"turns":5},{"damage":0,"enemies":"3 Cultists","floor":30,"turns":3},{"damage":7,"enemies":"Centurion and Healer","floor":32,"turns":4},{"damage":21,"enemies":"downfall:Defect","floor":33,"turns":6},{"damage":2,"enemies":"3 Shapes","floor":36,"turns":3},{"damage":0,"enemies":"3 Darklings","floor":38,"turns":4},{"damage":12,"enemies":"Writhing Mass","floor":39,"turns":5},{"damage":0,"enemies":"downfall:FleeingMerchant","floor":40,"turns":4},{"damage":0,"enemies":"Spire Growth","floor":42,"turns":5},{"damage":0,"enemies":"R_Hoarder","floor":43,"turns":8},{"damage":0,"enemies":"R_Hoarder","floor":45,"turns":3},{"damage":0,"enemies":"Sphere and 2 Shapes","floor":46,"turns":6},{"damage":0,"enemies":"4 Shapes","floor":48,"turns":5},{"damage":12,"enemies":"Writhing Mass","floor":49,"turns":7},{"damage":18,"enemies":"downfall:Silent","floor":50,"turns":8}],"seed_played":"37692128391846153","potions_obtained":[{"floor":2,"key":"Adrenaline Potion"},{"floor":5,"key":"Adrenaline Potion"},{"floor":6,"key":"LifebloodPotion"},{"floor":13,"key":"Venom Potion"},{"floor":15,"key":"sneckomod:MuddlingPotion"},{"floor":16,"key":"Fire Potion"},{"floor":20,"key":"Weak Potion"},{"floor":23,"key":"SkillPotion"},{"floor":28,"key":"EntropicBrew"},{"floor":28,"key":"DemoMod:BlankPotion"},{"floor":30,"key":"Toxic Potion"},{"floor":32,"key":"DemoMod:LeadSkinPotion"},{"floor":33,"key":"Doom Potion"},{"floor":39,"key":"SkillPotion"},{"floor":42,"key":"EssenceOfSteel"},{"floor":46,"key":"LiquidMemories"},{"floor":49,"key":"Languid Potion"}],"is_trial":false,"path_per_floor":["R","M","M","M","M","M","T","R","E","M","?","M","E","M","M","B",null,"R","M","M","M","?","M","T","M","M","R","?","$","M","?","M","B",null,"R","M","?","M","M","$","T","M","E","R","?","M","R","M","M","B",null],"character_chosen":"SHADE","items_purchased":["DemoMod:Spice","Gremlin Food","Shade:StitchTogether"],"campfire_rested":0,"item_purchase_floors":[29,29,40],"current_hp_per_floor":[65,63,63,63,44,39,39,39,32,37,37,37,28,26,26,13,65,65,60,60,54,54,53,53,52,65,75,75,75,73,73,66,59,89,89,89,95,95,101,101,101,101,101,101,107,107,107,107,102,105],"gold":75,"neow_bonus":"THREE_CARDS","is_daily":false,"chose_seed":false,"campfire_upgraded":5,"win_rate":0.0,"timestamp":1609245324,"path_taken":["R","M","M","M","?","M","T","R","E","M","?","M","E","M","M","BOSS","R","M","M","M","?","?","T","M","M","R","?","$","M","?","M","BOSS","R","M","?","M","M","$","T","M","E","R","?","M","R","?","M","BOSS"],"items_purchased_type":["Card","Relic","Card"],"build_version":"2020-12-22","purchased_purges":0,"victory":true,"max_hp_per_floor":[65,65,65,65,65,65,65,65,65,65,65,65,65,65,65,65,65,65,65,65,65,65,65,65,65,65,75,75,75,73,73,71,71,89,89,89,95,95,101,101,101,101,101,101,107,107,107,107,107,107],"card_choices":[{"not_picked":["Shade:Brains","Shade:AuraOfUnlife"],"picked":"Shade:FreshBones","floor":0},{"not_picked":["Shade:ScuttlingHand","Shade:CloudOfShrapnel"],"picked":"Shade:Bonestorm","floor":2},{"not_picked":["Shade:WallOfFlesh","Shade:Bonestorm"],"picked":"Shade:Putrefaction","floor":3},{"not_picked":["Shade:AblativeArmor","Shade:FreshBones"],"picked":"Shade:GreaterAnimation","floor":4},{"not_picked":["Shade:SpontaneousRitual","Shade:FingerOfDeath"],"picked":"Shade:CommandSoldier","floor":5},{"not_picked":["Shade:FeralStrike","Shade:OpenGraves"],"picked":"Shade:StitchTogether","floor":6},{"not_picked":["Shade:SpontaneousRitual","Shade:TouchOfTheGrave"],"picked":"Shade:FeralStrike","floor":9},{"not_picked":["Shade:Awaken","Shade:AncientSpear"],"picked":"Shade:Premonition","floor":10},{"not_picked":["Shade:SkeletonHug","Shade:PressTheAttack"],"picked":"Shade:CommandSoldier","floor":12},{"not_picked":["Shade:Premonition","Shade:FeralStrike"],"picked":"Shade:Putrefaction","floor":13},{"not_picked":["Shade:Doomsay","Shade:CloudOfShrapnel"],"picked":"Shade:SanguineRitual","floor":14},{"not_picked":["Shade:BoneShards","Shade:ClawBack","Shade:Premonition"],"picked":"SKIP","floor":15},{"not_picked":["Shade:SoulPierce","Shade:Putrefaction"],"picked":"Shade:GreaterAnimation","floor":16},{"not_picked":["Shade:LyeBath","Shade:Bonestorm","Shade:PotionOfRestlessness+1"],"picked":"SKIP","floor":19},{"not_picked":["Shade:GreyBargain+1","Shade:AncientSpear"],"picked":"Shade:FingerOfDeath","floor":20},{"not_picked":["Shade:ScuttlingHand","Shade:ClawBack","Shade:CommandSoldier"],"picked":"SKIP","floor":21},{"not_picked":["Shade:Frenzy","Shade:Trample","Shade:ScuttlingHand"],"picked":"SKIP","floor":23},{"not_picked":["Shade:CommandSoldier","Shade:DangerousRitual"],"picked":"Shade:CoffinDance","floor":25},{"not_picked":["Shade:SpectralStrikes","Shade:FuneraryArmor"],"picked":"Shade:GraveStillness","floor":26},{"not_picked":["Shade:FingerOfDeath","Shade:Frenzy"],"picked":"Shade:Consume","floor":29},{"not_picked":["Shade:AuraOfUnlife","Shade:Premonition+1"],"picked":"Shade:Carnophage","floor":30},{"not_picked":["Shade:SkeletonHug","DemoMod:Spice","Shade:SpectralStrikes"],"picked":"SKIP","floor":32},{"not_picked":["Shade:Putrefaction","Shade:OminousRitual"],"picked":"Shade:OneIsEnough","floor":33},{"not_picked":["Pain","StuffTheSpire:CuriosityCurse"],"picked":"Voices","floor":34},{"not_picked":["Voices","Parasite"],"picked":"Replay:Hysterical Blindness","floor":34},{"not_picked":["Replay:Hysterical Blindness","Pain"],"picked":"ReplayTheSpireMod:IOU","floor":34},{"not_picked":["Shade:Trample+1","Shade:GreyBargain"],"picked":"Shade:FleshToFlesh+1","floor":36},{"not_picked":["Shade:Coordination","Shade:Frenzy+1"],"picked":"Shade:FreshBones+1","floor":38},{"not_picked":["Shade:FreshBones","Shade:Trample","DemoMod:Spice"],"picked":"SKIP","floor":39},{"not_picked":["Shade:GraveStillness","Shade:SensePrey"],"picked":"Shade:FleshLikeOak","floor":40},{"not_picked":["DemoMod:Spice+1","Shade:Brains"],"picked":"Shade:WallOfFlesh+1","floor":42},{"not_picked":["DemoMod:Spice+1","DemoMod:Spice"],"picked":"Shade:Awaken+1","floor":43},{"not_picked":["DemoMod:Spice+1","Shade:FingerOfDeath"],"picked":"Shade:WallOfFlesh","floor":45},{"not_picked":["Shade:ExtraLimbs+1","Shade:TouchOfTheGrave","Shade:FleshOffering+1"],"picked":"SKIP","floor":46},{"not_picked":["Shade:LyeBath+1","Shade:BoneShards+1"],"picked":"Shade:WallOfFlesh+1","floor":48},{"not_picked":["Shade:PoundOfFlesh","DemoMod:Spice","Shade:BoneShards"],"picked":"SKIP","floor":49}],"player_experience":581733,"relics_obtained":[{"floor":7,"key":"Oddly Smooth Stone"},{"floor":9,"key":"aspiration:ChemicalBlood"},{"floor":13,"key":"Replay:Towering Pillar of Hats"},{"floor":37,"key":"Ring of Peace"},{"floor":37,"key":"Ring of Chaos"},{"floor":41,"key":"ReplayTheSpireMod:Shallot"},{"floor":45,"key":"downfall:GremlinSack"}],"event_choices":[{"damage_healed":0,"gold_gain":0,"cards_transformed":["Shade:RitualOffering"],"player_choice":"Transformed","damage_taken":0,"max_hp_gain":0,"max_hp_loss":0,"event_name":"Transmorgrifier","floor":22,"gold_loss":0,"cards_obtained":["Shade:CloudOfShrapnel"]},{"damage_healed":0,"gold_gain":0,"player_choice":"Got Potions","damage_taken":0,"max_hp_gain":0,"max_hp_loss":0,"event_name":"Lab","floor":28,"gold_loss":0}],"is_beta":false,"boss_relics":[{"not_picked":["energizedSpire:EnergizedDie","Runic Dome"],"picked":"Replay:Grab Bag"},{"not_picked":["StuffTheSpire:RunicConfusion","Coffee Dripper"],"picked":"ChewingGum"},{"not_picked":["downfall:Hecktoplasm","energizedSpire:DeadBattery"],"picked":"Replay:Bronze Core"},{"not_picked":["Astrolabe","Ring of Chaos"],"picked":"Pandora\u0027s Box"},{"not_picked":["Empty Cage","Black Star"],"picked":"Snecko Heart"},{"not_picked":["Honey Jar","energizedSpire:RedRose"],"picked":"Replay:Ancient Bell"},{"not_picked":["Replay:Bandana","Regal Pillow"],"picked":"aspiration:HiddenCompartment"},{"not_picked":["Meat on the Bone","DemoMod:MeltedRock"],"picked":"Darkstone Periapt"},{"not_picked":["DemoMod:BigBoy","StuffTheSpire:DarkSteelAnvil"],"picked":"aspiration:AnachronicSnailShell"}],"items_purged_floors":[],"is_endless":false,"potions_floor_spawned":[2,5,6,13,14,15,20,23,30,32,42,43,45,46,49],"ascension_level":0}}