{"host":"qnxnem68q7ulahas","time":1609269987,"event":{"mods":["ATMod(阿瑾Mod)","Act Like it!","BaseMod","Challenge The Spire","Decade(王小明)","GungeonMod","Highlight Path","Minty Spire (QoL Compilation)","Replay The Spire","RumiaBox-露米娅的神秘盒子","SOS（斯巴达之子）","Spicy Shops","StSLib","[IsaacMod]以撒尖塔","【功能Mod】混沌之环修复补丁","【遗物卡牌】REMEMod"],"gold_per_floor":[156,193,221,259,259,319,319,161,188,188,188,265,279,324,324,339,339],"floor_reached":16,"playtime":678,"items_purged":["Defend_Dante"],"score":274,"play_id":"ef66e4d5-1b82-46cf-b48e-9459af1ebe32","local_time":"20201230032627","is_ascension_mode":true,"campfire_choices":[{"data":"Provocation","floor":7.0,"key":"SMITH"},{"data":"SSScard","floor":10.0,"key":"SMITH"},{"data":"Attack_b","floor":15.0,"key":"SMITH"}],"circlet_count":0,"master_deck":["AscendersBane","Attack_a","Attack_a","Attack_b+1","Shoot","Shoot","Provocation+1","Defend_Dante","Defend_Dante+1","Defend_Dante+1","Redorb","AT_ChampionKick","ReplayTheSpireMod:Necrogeddon","SSScard+1","Lucifer","Ecstasy","BeastUppercut","Royaldefend"],"relics":["SSS","Combocheck","HushsDoor","REME_ComplimentaryCards","AT_ATBox","Chaos","NeowsBlessing","Omamori","FaceOfCleric","Simple Rune"],"acts_visited":["Exordium"],"potions_floor_usage":[16],"damage_taken":[{"damage":0.0,"enemies":"Cultist","floor":1.0,"turns":2.0},{"damage":0.0,"enemies":"Jaw Worm","floor":2.0,"turns":2.0},{"damage":1.0,"enemies":"2 Louse","floor":3.0,"turns":2.0},{"damage":16.0,"enemies":"Lots of Slimes","floor":4.0,"turns":3.0},{"damage":31.0,"enemies":"Gremlin Nob","floor":6.0,"turns":4.0},{"damage":0.0,"enemies":"Lagavulin","floor":12.0,"turns":3.0},{"damage":0.0,"enemies":"Red Slaver","floor":13.0,"turns":3.0},{"damage":3.0,"enemies":"Exordium Wildlife","floor":14.0,"turns":3.0},{"damage":56,"enemies":"Fading Forest","floor":16,"turns":10}],"seed_played":"6821776812376694054","potions_obtained":[{"floor":2.0,"key":"Strength Potion"},{"floor":3.0,"key":"SkillPotion"},{"floor":6.0,"key":"Adrenaline Potion"},{"floor":14.0,"key":"Explosive Potion"}],"is_trial":false,"path_per_floor":["M","M","M","M","?","E","R","$","T","R","?","E","M","M","R","B"],"character_chosen":"DANTE","items_purchased":["Ecstasy"],"campfire_rested":0,"item_purchase_floors":[8],"current_hp_per_floor":[68,68,67,51,51,20,20,20,20,20,20,21,22,20,20,0,0],"gold":339,"neow_bonus":"THREE_ENEMY_KILL","is_daily":false,"chose_seed":false,"campfire_upgraded":3,"win_rate":0.0,"timestamp":1609269987,"path_taken":["M","M","M","M","?","E","R","$","T","R","?","E","?","M","R","BOSS"],"items_purchased_type":["Card"],"build_version":"2020-12-22","purchased_purges":1,"victory":false,"max_hp_per_floor":[75,75,75,75,75,75,75,75,75,75,75,76,77,78,78,78,78],"card_choices":[{"not_picked":["Chargeshoot2","GilgameshcomboA"],"picked":"SSScard","floor":1.0},{"not_picked":["Kick13","Airhike"],"picked":"Bomb","floor":2.0},{"not_picked":["Blueorb","Kick13","LucifercomboC"],"picked":"SKIP","floor":3.0},{"not_picked":["Doubleshoot","Chargeshoot","Fullhouse"],"picked":"SKIP","floor":4.0},{"not_picked":["Swordcombo","LucifercomboB"],"picked":"Lucifer","floor":6.0},{"not_picked":["Straight","Dash1"],"picked":"BeastUppercut","floor":12.0},{"not_picked":["DT","LucifercomboA"],"picked":"Royaldefend","floor":13.0},{"not_picked":["BeastUppercut","Chargeshoot","Splesh"],"picked":"SKIP","floor":14.0}],"player_experience":418723,"relics_obtained":[{"floor":6.0,"key":"Omamori"},{"floor":12.0,"key":"Simple Rune"}],"event_choices":[{"damage_healed":0.0,"max_hp_gain":0.0,"max_hp_loss":0.0,"gold_gain":0.0,"event_name":"FaceTrader","player_choice":"Trade","floor":11.0,"gold_loss":0.0,"damage_taken":0.0,"relics_obtained":["FaceOfCleric"]}],"is_beta":false,"boss_relics":[],"items_purged_floors":[8],"is_endless":false,"potions_floor_spawned":[2,3,6,14],"killed_by":"Fading Forest","ascension_level":20}}