{"host":"873t0y8ybyo38pfq","time":1609264319,"event":{"mods":["BaseMod","Bestiary","Colored Map","Colored Powertips","Highlight Path","Minty Spire (QoL Compilation)","Quick Restart","RNG Fix","Rare Cards Sparkle","Relic Stats","StSLib"],"gold_per_floor":[116,116,116,36,111,152,152,176,227,260,260,279,279,279,279,378,378,398,413,30,53,53,53,86,106,129,129,150,150,200,200,200,200,200],"floor_reached":33,"playtime":846,"items_purged":["Strike_G"],"score":592,"play_id":"930908ec-539a-471f-a703-981452676440","local_time":"20201229125159","is_ascension_mode":true,"campfire_choices":[{"data":"Noxious Fumes","floor":7,"key":"SMITH"},{"data":"Catalyst","floor":11,"key":"SMITH"},{"data":"Neutralize","floor":15,"key":"SMITH"},{"floor":23,"key":"REST"},{"floor":32,"key":"REST"}],"circlet_count":0,"master_deck":["AscendersBane","Strike_G+1","Defend_G+1","Defend_G+1","Defend_G+1","Defend_G+1","Defend_G+1","Survivor","Neutralize+1","Blade Dance+1","Noxious Fumes+1","Deadly Poison","Catalyst+1","Infinite Blades","Backstab","After Image","PiercingWail","Predator","Crippling Poison","Catalyst","Cloak And Dagger","Footwork","Outmaneuver","Flechettes","Catalyst"],"relics":["Ring of the Snake","NeowsBlessing","Golden Idol","Lizard Tail","Akabeko","Juzu Bracelet","Bird Faced Urn","Fusion Hammer","Omamori","White Beast Statue","Potion Belt","Necronomicon"],"acts_visited":["Exordium","TheCity"],"potions_floor_usage":[16,16,24,28,28,33],"damage_taken":[{"damage":0,"enemies":"Small Slimes","floor":1,"turns":1},{"damage":0,"enemies":"3 Sentries","floor":6,"turns":1},{"damage":0,"enemies":"Cultist","floor":8,"turns":1},{"damage":69,"enemies":"Gremlin Nob","floor":10,"turns":5},{"damage":0,"enemies":"Jaw Worm","floor":12,"turns":2},{"damage":45,"enemies":"Slime Boss","floor":16,"turns":9},{"damage":16,"enemies":"2 Thieves","floor":18,"turns":4},{"damage":9,"enemies":"Spheric Guardian","floor":19,"turns":5},{"damage":13,"enemies":"3 Cultists","floor":21,"turns":5},{"damage":1,"enemies":"Gremlin Leader","floor":24,"turns":4},{"damage":17,"enemies":"Snake Plant","floor":25,"turns":4},{"damage":19,"enemies":"Snecko","floor":28,"turns":5},{"damage":32,"enemies":"Collector","floor":33,"turns":5}],"seed_played":"3183526412899538674","potions_obtained":[{"floor":1,"key":"Regen Potion"},{"floor":10,"key":"Explosive Potion"},{"floor":21,"key":"Explosive Potion"},{"floor":24,"key":"Swift Potion"},{"floor":25,"key":"EssenceOfSteel"},{"floor":28,"key":"SkillPotion"}],"is_trial":false,"path_per_floor":["M","?","?","$","?","E","R","M","T","E","R","M","?","?","R","B",null,"M","M","$","M","?","R","E","M","T","?","M","?","?","?","R","B"],"character_chosen":"THE_SILENT","items_purchased":["Noxious Fumes","Crippling Poison","Omamori","Energy Potion"],"campfire_rested":2,"item_purchase_floors":[4,20,20,20],"current_hp_per_floor":[59,59,54,54,43,43,43,43,43,30,30,30,30,30,30,4,46,36,33,33,26,26,44,49,38,38,38,23,23,23,2,20,0,0],"gold":200,"neow_bonus":"THREE_ENEMY_KILL","is_daily":false,"chose_seed":false,"campfire_upgraded":3,"win_rate":0.0,"timestamp":1609264319,"path_taken":["M","?","?","?","?","E","R","M","T","E","R","M","?","?","R","BOSS","M","M","$","M","?","R","E","M","T","?","M","?","?","?","R","BOSS"],"items_purchased_type":["Card","Card","Relic","Potion"],"build_version":"2020-12-22","purchased_purges":1,"victory":false,"max_hp_per_floor":[66,60,60,60,60,60,60,60,60,60,60,60,60,60,60,60,60,60,60,60,60,60,60,60,60,60,60,60,60,60,60,60,60,60],"relic_stats":{"Lizard Tail":30,"counters":[13,51],"Golden Idol":71,"Bird Faced Urn":[46],"Juzu Bracelet":2,"Necronomicon":[2],"obtain_stats":[{"Potion Belt":26,"Lizard Tail":3,"NeowsBlessing":0,"Golden Idol":2,"Bird Faced Urn":10,"Fusion Hammer":17,"Juzu Bracelet":9,"Omamori":20,"Necronomicon":31,"Akabeko":6,"White Beast Statue":24,"Ring of the Snake":0},{"Potion Belt":11,"Lizard Tail":1,"NeowsBlessing":0,"Golden Idol":1,"Bird Faced Urn":4,"Fusion Hammer":6,"Juzu Bracelet":3,"Omamori":8,"Necronomicon":12,"Akabeko":2,"White Beast Statue":10,"Ring of the Snake":0},{"Potion Belt":41,"Lizard Tail":1,"NeowsBlessing":0,"Golden Idol":1,"Bird Faced Urn":8,"Fusion Hammer":19,"Juzu Bracelet":3,"Omamori":28,"Necronomicon":46,"Akabeko":2,"White Beast Statue":37,"Ring of the Snake":0}],"Ring of the Snake":[26]},"card_choices":[{"not_picked":["Cloak And Dagger","Flechettes"],"picked":"Blade Dance","floor":1},{"not_picked":["Sucker Punch","Endless Agony"],"picked":"Deadly Poison","floor":6},{"not_picked":["Quick Slash","Blade Dance"],"picked":"Catalyst","floor":8},{"not_picked":["Tactician","Dagger Throw"],"picked":"Infinite Blades","floor":10},{"not_picked":["Flying Knee","Accuracy"],"picked":"Backstab","floor":12},{"not_picked":["Wraith Form v2","Grand Finale"],"picked":"After Image","floor":16},{"not_picked":["Quick Slash","Endless Agony"],"picked":"PiercingWail","floor":18},{"not_picked":["Blade Dance","Eviscerate"],"picked":"Predator","floor":19},{"not_picked":["PiercingWail","Dagger Throw"],"picked":"Catalyst","floor":21},{"not_picked":["All Out Attack","Night Terror"],"picked":"Cloak And Dagger","floor":24},{"not_picked":["Flechettes","Heel Hook","Flying Knee"],"picked":"SKIP","floor":25},{"not_picked":["Deadly Poison","Finisher"],"picked":"Outmaneuver","floor":28}],"player_experience":1397363,"relics_obtained":[{"floor":6,"key":"Akabeko"},{"floor":9,"key":"Juzu Bracelet"},{"floor":10,"key":"Bird Faced Urn"},{"floor":24,"key":"White Beast Statue"},{"floor":26,"key":"Potion Belt"},{"floor":31,"key":"Necronomicon"}],"event_choices":[{"damage_healed":0,"gold_gain":0,"player_choice":"Lose Max HP","damage_taken":0,"relics_obtained":["Golden Idol"],"max_hp_gain":0,"max_hp_loss":6,"event_name":"Golden Idol","floor":2,"gold_loss":0},{"damage_healed":0,"gold_gain":0,"player_choice":"Success","damage_taken":5,"relics_obtained":["Lizard Tail"],"max_hp_gain":0,"max_hp_loss":0,"event_name":"Scrap Ooze","floor":3,"gold_loss":0},{"damage_healed":0,"gold_gain":75,"player_choice":"Gather Gold","damage_taken":11,"max_hp_gain":0,"max_hp_loss":0,"event_name":"World of Goop","floor":5,"gold_loss":0},{"damage_healed":0,"gold_gain":0,"player_choice":"Upgraded","damage_taken":0,"max_hp_gain":0,"max_hp_loss":0,"event_name":"Upgrade Shrine","floor":13,"gold_loss":0,"cards_upgraded":["Blade Dance"]},{"cards_removed":["Strike_G"],"damage_healed":0,"gold_gain":0,"player_choice":"Offered Basic","damage_taken":0,"max_hp_gain":0,"max_hp_loss":0,"event_name":"Bonfire Elementals","floor":14,"gold_loss":0},{"damage_healed":0,"gold_gain":0,"player_choice":"Simplicity","damage_taken":0,"max_hp_gain":0,"max_hp_loss":0,"event_name":"Back to Basics","floor":22,"gold_loss":0,"cards_upgraded":["Strike_G","Strike_G","Strike_G","Defend_G","Defend_G","Defend_G","Defend_G","Defend_G"]},{"damage_healed":0,"gold_gain":0,"player_choice":"Read","damage_taken":0,"max_hp_gain":0,"max_hp_loss":0,"event_name":"The Library","floor":27,"gold_loss":0,"cards_obtained":["Footwork"]},{"damage_healed":0,"gold_gain":0,"cards_transformed":["Strike_G","Strike_G"],"player_choice":"Became Test Subject","damage_taken":0,"max_hp_gain":0,"max_hp_loss":0,"event_name":"Drug Dealer","floor":29,"gold_loss":0,"cards_obtained":["Flechettes","Catalyst"]},{"damage_healed":0,"gold_gain":50,"player_choice":"Pray","damage_taken":0,"max_hp_gain":0,"max_hp_loss":0,"event_name":"Golden Shrine","floor":30,"gold_loss":0},{"damage_healed":0,"gold_gain":0,"player_choice":"Obtained Book","damage_taken":21,"max_hp_gain":0,"max_hp_loss":0,"event_name":"Cursed Tome","floor":31,"gold_loss":0}],"is_beta":false,"boss_relics":[{"not_picked":["Philosopher\u0027s Stone","Ring of the Serpent"],"picked":"Fusion Hammer"}],"items_purged_floors":[20],"is_endless":false,"potions_floor_spawned":[1,10,12,21,24,25,28],"killed_by":"Collector","ascension_level":20}}