{"host":"15dd7v8o90xso62x","time":1609222346,"event":{"mods":["BaseMod","Minty Spire (QoL Compilation)","Quick Restart","StSLib","SuperFastMode"],"gold_per_floor":[118,34,44,58,58,58,88,88,140,161,176,194,194,194,194],"floor_reached":14,"playtime":333,"items_purged":[],"score":184,"play_id":"384416f5-9f89-4811-a4d9-9ae760fea2b7","local_time":"20201229151226","is_ascension_mode":true,"campfire_choices":[{"data":"Armaments","floor":6.0,"key":"SMITH"}],"circlet_count":0,"master_deck":["AscendersBane","Strike_R","Strike_R","Strike_R","Strike_R","Defend_R","Defend_R","Defend_R","Defend_R","Bash","Armaments+1","Fire Breathing","Clothesline","Power Through","Entrench","Headbutt","Wild Strike","Sentinel"],"relics":["Burning Blood","NeowsBlessing","Smiling Mask","Golden Idol","MealTicket"],"acts_visited":["Exordium"],"potions_floor_usage":[14],"damage_taken":[{"damage":0.0,"enemies":"Cultist","floor":1.0,"turns":1.0},{"damage":0.0,"enemies":"2 Louse","floor":3.0,"turns":1.0},{"damage":0.0,"enemies":"Small Slimes","floor":4.0,"turns":1.0},{"damage":5.0,"enemies":"3 Sentries","floor":7.0,"turns":5.0},{"damage":3,"enemies":"Looter","floor":10,"turns":4},{"damage":12,"enemies":"Large Slime","floor":11,"turns":5},{"damage":26,"enemies":"Exordium Thugs","floor":12,"turns":5},{"damage":52,"enemies":"Gremlin Nob","floor":14,"turns":4}],"seed_played":"9144976820750825659","potions_obtained":[{"floor":3.0,"key":"Weak Potion"},{"floor":10,"key":"Swift Potion"},{"floor":11,"key":"ElixirPotion"}],"is_trial":false,"path_per_floor":["M","$","M","M","?","R","E","?","T","M","M","M","?","E"],"character_chosen":"IRONCLAD","items_purchased":["Fire Breathing"],"campfire_rested":0,"item_purchase_floors":[2],"current_hp_per_floor":[74,74,75,75,75,75,75,49,49,52,46,26,51,0,0],"gold":194,"neow_bonus":"THREE_ENEMY_KILL","is_daily":false,"chose_seed":false,"campfire_upgraded":1,"win_rate":0.0,"timestamp":1609222346,"path_taken":["M","?","M","?","?","R","E","?","T","M","M","M","?","E"],"items_purchased_type":["Card"],"build_version":"2020-12-22","purchased_purges":0,"victory":false,"max_hp_per_floor":[75,75,75,75,75,75,75,75,75,75,75,75,75,75,75],"card_choices":[{"not_picked":["Sword Boomerang","Warcry"],"picked":"Armaments","floor":1.0},{"not_picked":["Metallicize","Twin Strike"],"picked":"Clothesline","floor":3.0},{"not_picked":["Heavy Blade","Shrug It Off"],"picked":"Power Through","floor":4.0},{"not_picked":["Pummel","Reckless Charge"],"picked":"Headbutt","floor":7.0},{"not_picked":["Rampage","Clash"],"picked":"Wild Strike","floor":10},{"not_picked":["Wild Strike","Armaments","Bloodletting"],"picked":"SKIP","floor":11},{"not_picked":["Double Tap","Clothesline"],"picked":"Sentinel","floor":12}],"player_experience":960519,"relics_obtained":[{"floor":7.0,"key":"Smiling Mask"},{"floor":9.0,"key":"MealTicket"}],"event_choices":[{"damage_healed":0.0,"max_hp_gain":0.0,"max_hp_loss":0.0,"gold_gain":0.0,"cards_transformed":["Strike_R"],"event_name":"Living Wall","player_choice":"Change","floor":5.0,"gold_loss":0.0,"damage_taken":0.0,"cards_obtained":["Entrench"]},{"damage_healed":0.0,"max_hp_gain":0.0,"max_hp_loss":0.0,"gold_gain":0.0,"event_name":"Golden Idol","player_choice":"Take Damage","floor":8.0,"gold_loss":0.0,"damage_taken":26.0,"relics_obtained":["Golden Idol"]},{"damage_healed":25,"gold_gain":0,"player_choice":"Banana","damage_taken":0,"max_hp_gain":0,"max_hp_loss":0,"event_name":"Big Fish","floor":13,"gold_loss":0}],"is_beta":false,"boss_relics":[],"items_purged_floors":[],"is_endless":false,"potions_floor_spawned":[3,10,11],"killed_by":"Gremlin Nob","ascension_level":20}}