{"host":"s1gi8xs3so6zkrm7","time":1609280825,"event":{"mods":["BaseMod","Filter the Spire","Minty Spire (QoL Compilation)"],"gold_per_floor":[111,111,61,79,79,111,111,146,146,165,191,191,202,213,213,318,318,329,6,17,30,30,30,64,64,64,83,83,83,96,108,108,108,108],"floor_reached":33,"playtime":2930,"items_purged":["Anger"],"score":406,"play_id":"4786ede1-1ae1-4fa8-9e19-c63affb369bc","local_time":"20201229162705","is_ascension_mode":true,"campfire_choices":[{"data":"Rage","floor":7,"key":"SMITH"},{"floor":12,"key":"DIG"},{"floor":15,"key":"DIG"},{"floor":23,"key":"REST"},{"floor":28,"key":"REST"},{"data":"Infernal Blade","floor":32,"key":"SMITH"}],"circlet_count":0,"master_deck":["Strike_R+1","Strike_R+1","Strike_R+1","Strike_R+1","Defend_R+1","Defend_R+1","Defend_R+1","Bash","Inflame","Inflame","Rage+1","Inflame","Spot Weakness","Fiend Fire","Flex","Infernal Blade+1","Whirlwind","Burning Pact","Decay","Pommel Strike+1"],"relics":["Burning Blood","NeowsBlessing","Shovel","Anchor","Orichalcum","Du-Vu Doll","Strawberry","Kunai","Happy Flower","Philosopher\u0027s Stone","Brimstone","Smiling Mask","Frozen Egg 2","Thread and Needle"],"acts_visited":["Exordium","TheCity"],"potions_floor_usage":[16,16,20,20,31,33,33],"damage_taken":[{"damage":0,"enemies":"2 Louse","floor":1,"turns":1},{"damage":0,"enemies":"Small Slimes","floor":4,"turns":1},{"damage":0,"enemies":"Lagavulin","floor":6,"turns":1},{"damage":30,"enemies":"3 Sentries","floor":8,"turns":9},{"damage":5,"enemies":"Cultist","floor":10,"turns":4},{"damage":19,"enemies":"Lagavulin","floor":11,"turns":5},{"damage":4,"enemies":"Red Slaver","floor":13,"turns":2},{"damage":10,"enemies":"2 Fungi Beasts","floor":14,"turns":4},{"damage":40,"enemies":"The Guardian","floor":16,"turns":10},{"damage":19,"enemies":"Shell Parasite","floor":18,"turns":4},{"damage":7,"enemies":"2 Thieves","floor":20,"turns":3},{"damage":27,"enemies":"Snecko","floor":21,"turns":4},{"damage":36,"enemies":"Slavers","floor":24,"turns":5},{"damage":25,"enemies":"Sentry and Sphere","floor":27,"turns":4},{"damage":0,"enemies":"Centurion and Healer","floor":30,"turns":4},{"damage":21,"enemies":"Shelled Parasite and Fungi","floor":31,"turns":3},{"damage":63,"enemies":"Champ","floor":33,"turns":6}],"seed_played":"3608622125184800887","potions_obtained":[{"floor":1,"key":"EssenceOfSteel"},{"floor":8,"key":"PowerPotion"},{"floor":16,"key":"SkillPotion"},{"floor":24,"key":"SkillPotion"},{"floor":27,"key":"SneckoOil"},{"floor":30,"key":"SpeedPotion"}],"is_trial":false,"path_per_floor":["M","?","?","M","?","E","R","E","T","M","E","R","M","M","R","B",null,"M","$","M","M","T","R","E","?","T","M","R","?","M","M","R","B"],"character_chosen":"IRONCLAD","items_purchased":["Brimstone","Flex","PowerPotion"],"campfire_rested":2,"item_purchase_floors":[19,19,19],"current_hp_per_floor":[78,75,75,80,80,80,80,56,56,57,51,51,53,49,49,15,69,56,56,55,34,34,60,30,30,30,11,37,37,43,28,28,0,0],"gold":108,"neow_bonus":"THREE_ENEMY_KILL","is_daily":false,"chose_seed":false,"campfire_upgraded":2,"win_rate":0.0,"timestamp":1609280825,"path_taken":["M","?","?","M","?","E","R","E","T","M","E","R","M","M","R","BOSS","M","$","?","M","?","R","E","?","T","M","R","?","M","?","R","BOSS"],"items_purchased_type":["Relic","Card","Potion"],"build_version":"2020-12-22","purchased_purges":1,"victory":false,"max_hp_per_floor":[80,80,80,80,80,80,80,80,80,80,87,87,87,87,87,87,87,87,87,87,87,87,87,87,87,87,87,87,87,87,87,87,87,87],"card_choices":[{"not_picked":["Heavy Blade","Armaments"],"picked":"Inflame","floor":1},{"not_picked":["Thunderclap","Iron Wave"],"picked":"Inflame","floor":4},{"not_picked":["Burning Pact","Reckless Charge"],"picked":"Rage","floor":6},{"not_picked":["Iron Wave","Body Slam"],"picked":"Inflame","floor":8},{"not_picked":["Sword Boomerang","Clash"],"picked":"Anger","floor":10},{"not_picked":["Rampage","Metallicize","Perfected Strike"],"picked":"SKIP","floor":11},{"not_picked":["Clash","Ghostly Armor","Anger"],"picked":"SKIP","floor":13},{"not_picked":["Immolate","Warcry"],"picked":"Spot Weakness","floor":14},{"not_picked":["Immolate","Corruption"],"picked":"Fiend Fire","floor":16},{"not_picked":["Evolve","Rage+1","Spot Weakness"],"picked":"SKIP","floor":18},{"not_picked":["Metallicize","Body Slam+1","Intimidate"],"picked":"SKIP","floor":20},{"not_picked":["Sword Boomerang","Perfected Strike"],"picked":"Infernal Blade","floor":21},{"not_picked":["Headbutt","Fire Breathing+1"],"picked":"Whirlwind","floor":24},{"not_picked":["Clash","Headbutt"],"picked":"Burning Pact","floor":27},{"not_picked":["Iron Wave+1","Blood for Blood"],"picked":"Pommel Strike+1","floor":30},{"not_picked":["Evolve+1","Anger","Warcry"],"picked":"SKIP","floor":31}],"player_experience":226146,"relics_obtained":[{"floor":6,"key":"Anchor"},{"floor":8,"key":"Orichalcum"},{"floor":9,"key":"Du-Vu Doll"},{"floor":11,"key":"Strawberry"},{"floor":12,"key":"Kunai"},{"floor":15,"key":"Happy Flower"},{"floor":22,"key":"Smiling Mask"},{"floor":24,"key":"Frozen Egg 2"},{"floor":26,"key":"Thread and Needle"}],"event_choices":[{"damage_healed":0,"gold_gain":0,"player_choice":"Success","damage_taken":3,"relics_obtained":["Shovel"],"max_hp_gain":0,"max_hp_loss":0,"event_name":"Scrap Ooze","floor":2,"gold_loss":0},{"cards_removed":["Strike_R"],"damage_healed":0,"gold_gain":0,"player_choice":"Card Removal","damage_taken":0,"max_hp_gain":0,"max_hp_loss":0,"event_name":"The Cleric","floor":3,"gold_loss":50},{"cards_removed":["Defend_R"],"damage_healed":0,"gold_gain":0,"player_choice":"Purged","damage_taken":0,"max_hp_gain":0,"max_hp_loss":0,"event_name":"Purifier","floor":5,"gold_loss":0},{"damage_healed":0,"gold_gain":0,"player_choice":"Simplicity","damage_taken":0,"max_hp_gain":0,"max_hp_loss":0,"event_name":"Back to Basics","floor":25,"gold_loss":0,"cards_upgraded":["Strike_R","Strike_R","Strike_R","Strike_R","Defend_R","Defend_R","Defend_R"]},{"damage_healed":0,"gold_gain":0,"player_choice":"Smashed Altar","damage_taken":0,"max_hp_gain":0,"max_hp_loss":0,"event_name":"Forgotten Altar","floor":29,"gold_loss":0,"cards_obtained":["Decay"]}],"is_beta":false,"boss_relics":[{"not_picked":["Runic Cube","Snecko Eye"],"picked":"Philosopher\u0027s Stone"}],"items_purged_floors":[19],"is_endless":false,"potions_floor_spawned":[1,8,16,24,27,30],"killed_by":"Champ","ascension_level":6}}