{"host":"a5zr8hf2yymwt50u","time":1609264699,"event":{"mods":["BaseMod","Colored Map","GungeonMod","Minty Spire (QoL Compilation)","StSLib"],"gold_per_floor":[112,132,151,164,174,174,249,278,278,294,294,294,308,308,308,308,308],"floor_reached":16,"playtime":1002,"items_purged":[],"score":104,"play_id":"dee9041f-f5ac-4dc6-981d-8e1367ea8720","local_time":"20201230025819","is_ascension_mode":false,"campfire_choices":[{"data":"DemoMod:ManualReload","floor":6,"key":"SMITH"},{"floor":15,"key":"REST"}],"circlet_count":0,"master_deck":["DemoMod:Strike_Huntress","DemoMod:Strike_Huntress","DemoMod:Defend_Huntress","DemoMod:Defend_Huntress","DemoMod:Defend_Huntress","DemoMod:Defend_Huntress","DemoMod:Roll","DemoMod:ManualReload+1","DemoMod:RustySidearm","DemoMod:CrossBow","DemoMod:AWP","DemoMod:HuntsMan","DemoMod:TeaPot","DemoMod:GunShield","DemoMod:Elimentaler","DemoMod:PotionOfGunFriendShip","DemoMod:HungryBullets"],"relics":["DemoMod:Dog","Bag of Marbles","Question Card","Regal Pillow"],"acts_visited":["Exordium"],"potions_floor_usage":[8,8],"damage_taken":[{"damage":0,"enemies":"Cultist","floor":1,"turns":3},{"damage":5,"enemies":"Jaw Worm","floor":2,"turns":2},{"damage":0,"enemies":"2 Louse","floor":3,"turns":2},{"damage":2,"enemies":"Looter","floor":4,"turns":5},{"damage":0,"enemies":"Large Slime","floor":5,"turns":2},{"damage":32,"enemies":"Lagavulin","floor":8,"turns":7},{"damage":4,"enemies":"2 Fungi Beasts","floor":10,"turns":3},{"damage":0,"enemies":"Blue Slaver","floor":13,"turns":1},{"damage":47,"enemies":"Slime Boss","floor":16,"turns":8}],"seed_played":"-4716458025738464068","potions_obtained":[{"floor":1,"key":"Regen Potion"},{"floor":2,"key":"Ancient Potion"},{"floor":5,"key":"DuplicationPotion"},{"floor":10,"key":"Regen Potion"}],"is_trial":false,"path_per_floor":["M","M","M","M","M","R","?","E","T","M","?","?","M","T","R","B"],"character_chosen":"HUNTRESS","items_purchased":[],"campfire_rested":1,"item_purchase_floors":[],"current_hp_per_floor":[77,72,72,70,70,70,59,36,36,32,7,7,7,7,45,0,0],"gold":308,"neow_bonus":"TEN_PERCENT_HP_BONUS","is_daily":false,"chose_seed":false,"campfire_upgraded":1,"win_rate":0.0,"timestamp":1609264699,"path_taken":["M","M","M","M","M","R","?","E","T","M","?","?","M","?","R","BOSS"],"items_purchased_type":[],"build_version":"2020-12-22","purchased_purges":0,"victory":false,"max_hp_per_floor":[77,77,77,77,77,77,77,77,77,77,77,77,77,77,77,77,77],"card_choices":[{"not_picked":["DemoMod:GunstockTap","DemoMod:JK47"],"picked":"DemoMod:AWP","floor":1},{"not_picked":["DemoMod:BattleInHaste","DemoMod:TableSutra"],"picked":"DemoMod:HuntsMan","floor":2},{"not_picked":["DemoMod:PotionOfGunFriendShip","DemoMod:GunShield"],"picked":"DemoMod:TeaPot","floor":3},{"not_picked":["DemoMod:BattleInHaste","DemoMod:TeaPot"],"picked":"DemoMod:GunShield","floor":4},{"not_picked":["DemoMod:SkilledReload","DemoMod:Ejector","DemoMod:JK47"],"picked":"SKIP","floor":5},{"not_picked":["DemoMod:CursedBullets","DemoMod:BattleInHaste"],"picked":"DemoMod:Elimentaler","floor":8},{"not_picked":["DemoMod:LifeOrb","DemoMod:HardPowerCard","DemoMod:ConditionalReflex"],"picked":"DemoMod:PotionOfGunFriendShip","floor":10},{"not_picked":["DemoMod:GunstockTap","DemoMod:Unmoved","DemoMod:JK47"],"picked":"DemoMod:HungryBullets","floor":13}],"player_experience":210678,"relics_obtained":[{"floor":8,"key":"Bag of Marbles"},{"floor":9,"key":"Question Card"},{"floor":14,"key":"Regal Pillow"}],"event_choices":[{"damage_healed":0,"gold_gain":75,"player_choice":"Gather Gold","damage_taken":11,"max_hp_gain":0,"max_hp_loss":0,"event_name":"World of Goop","floor":7,"gold_loss":0},{"damage_healed":0,"gold_gain":0,"player_choice":"Fled","damage_taken":25,"max_hp_gain":0,"max_hp_loss":0,"event_name":"Scrap Ooze","floor":11,"gold_loss":0},{"cards_removed":["DemoMod:Strike_Huntress"],"damage_healed":0,"gold_gain":0,"player_choice":"Forget","damage_taken":0,"max_hp_gain":0,"max_hp_loss":0,"event_name":"Living Wall","floor":12,"gold_loss":0}],"is_beta":false,"boss_relics":[],"items_purged_floors":[],"is_endless":false,"potions_floor_spawned":[1,2,5,10],"killed_by":"Slime Boss","ascension_level":0}}