{"host":"dpbezu80jg8zk7un","time":1609282679,"event":{"mods":["BaseMod","Colored Map","Colored Powertips","Custom Start","DeckTracker","Minty Spire (QoL Compilation)","Quick Restart","StSLib","SuperFastMode"],"gold_per_floor":[109,119,44,54,73,73,88,88,88],"floor_reached":8,"playtime":138,"items_purged":[],"score":100,"play_id":"ecd9c545-7925-4b8a-8b99-dce2be7631d6","local_time":"20201230075759","is_ascension_mode":true,"campfire_choices":[{"data":"Eruption","floor":6.0,"key":"SMITH"}],"circlet_count":0,"master_deck":["AscendersBane","Strike_P","Strike_P","Strike_P","Defend_P","Defend_P","Defend_P","Defend_P","Eruption+1","Vigilance","CrushJoints","FollowUp","Meditate"],"relics":["Philosopher\u0027s Stone"],"acts_visited":["Exordium"],"potions_floor_usage":[],"damage_taken":[{"damage":8.0,"enemies":"Jaw Worm","floor":1.0,"turns":3.0},{"damage":0.0,"enemies":"Cultist","floor":2.0,"turns":2.0},{"damage":6.0,"enemies":"2 Louse","floor":4.0,"turns":3.0},{"damage":7.0,"enemies":"Looter","floor":5.0,"turns":2.0},{"damage":3,"enemies":"Large Slime","floor":7,"turns":4},{"damage":38,"enemies":"Gremlin Nob","floor":8,"turns":3}],"seed_played":"-8125143162127247159","potions_obtained":[],"is_trial":false,"path_per_floor":["M","M","?","M","M","R","M","E"],"character_chosen":"WATCHER","items_purchased":[],"campfire_rested":0,"item_purchase_floors":[],"current_hp_per_floor":[53,53,53,47,40,40,37,0,0],"gold":88,"neow_bonus":"BOSS_RELIC","is_daily":false,"chose_seed":false,"campfire_upgraded":1,"win_rate":0.0,"timestamp":1609282679,"path_taken":["M","M","?","M","M","R","M","E"],"items_purchased_type":[],"build_version":"2020-12-22","purchased_purges":0,"victory":false,"max_hp_per_floor":[68,68,68,68,68,68,68,68,68],"card_choices":[{"not_picked":["Protect","BowlingBash"],"picked":"CrushJoints","floor":1.0},{"not_picked":["Evaluate","Establishment"],"picked":"FollowUp","floor":2.0},{"not_picked":["FlyingSleeves","JustLucky"],"picked":"Meditate","floor":4.0},{"not_picked":["BowlingBash","FlurryOfBlows","Evaluate"],"picked":"SKIP","floor":5.0},{"not_picked":["Perseverance","TalkToTheHand","Halt"],"picked":"SKIP","floor":7}],"player_experience":2801392,"relics_obtained":[],"event_choices":[{"cards_removed":["Strike_P"],"damage_healed":0.0,"max_hp_gain":0.0,"max_hp_loss":0.0,"gold_gain":0.0,"event_name":"The Cleric","player_choice":"Card Removal","floor":3.0,"gold_loss":75.0,"damage_taken":0.0}],"is_beta":false,"boss_relics":[],"items_purged_floors":[],"is_endless":false,"potions_floor_spawned":[],"killed_by":"Gremlin Nob","ascension_level":20}}