{"host":"l84l8xigz5v5foa2","time":1609254635,"event":{"mods":["2.2 Compatiblity","AchievementEnabler","BaseMod","Better Note","Better Vampires","Card Filter","Colored Map","DeckTracker","Downfall","Gremlin Skip","Highlight Path","Keyboard Shortcuts","Minty Spire (QoL Compilation)","Permanent Neow","Quick Restart","Relic Filter","Relic Stats","StSLib","SuperFastMode","Transform Curses","Unknown Chances"],"gold_per_floor":[99,109,109,109,126,126,126,136,168,185,285,285,312,332,350,427,427,427,447,447,447,547,547,547,547],"floor_reached":23,"playtime":1266,"items_purged":[],"score":355,"play_id":"61ba6f15-7472-4946-9772-ec53e91c67c0","local_time":"20201230001035","is_ascension_mode":true,"campfire_choices":[{"data":"champ:Taunt","floor":1.0,"key":"SMITH"},{"data":"champ:FanOfKnives","floor":6.0,"key":"SMITH"},{"data":"champ:PreciseThrust","floor":12,"key":"SMITH"},{"floor":18,"key":"RECALL"}],"circlet_count":0,"master_deck":["AscendersBane","champ:Strike","champ:Defend+1","champ:Defend+1","champ:Defend","champ:Defend","champ:Execute","champ:Taunt+1","champ:FaceSlap+1","champ:FanOfKnives+1","champ:PreciseThrust+1","champ:AdrenalArmor","champ:GladiatorStyle","champ:LastStand","champ:SwordSigil+1"],"relics":["champ:ChampionCrownUpgraded","sneckomod:BlankCard","War Paint","Champion Belt","Kunai","Odd Mushroom","Enchiridion"],"acts_visited":["Exordium","TheCity"],"potions_floor_usage":[11,11,14,22,23],"damage_taken":[{"damage":5.0,"enemies":"2 Louse","floor":2.0,"turns":3.0},{"damage":6.0,"enemies":"Small Slimes","floor":5.0,"turns":3.0},{"damage":0.0,"enemies":"Cultist","floor":8.0,"turns":2.0},{"damage":20.0,"enemies":"3 Sentries","floor":9.0,"turns":6.0},{"damage":5,"enemies":"Blue Slaver","floor":10,"turns":2},{"damage":18,"enemies":"Blue Slaver","floor":11,"turns":4},{"damage":16,"enemies":"Lagavulin","floor":13,"turns":6},{"damage":9,"enemies":"The Mushroom Lair","floor":14,"turns":3},{"damage":5,"enemies":"2 Fungi Beasts","floor":15,"turns":3},{"damage":46,"enemies":"downfall:Ironclad","floor":16,"turns":11},{"damage":9,"enemies":"Chosen","floor":19,"turns":4},{"damage":12,"enemies":"downfall:Augmenter","floor":22,"turns":10},{"damage":50,"enemies":"Gremlin Leader","floor":23,"turns":6}],"seed_played":"-7200238272973130442","potions_obtained":[{"floor":2.0,"key":"Weak Potion"},{"floor":10,"key":"Swift Potion"},{"floor":11,"key":"GamblersBrew"},{"floor":13,"key":"Fruit Juice"},{"floor":14,"key":"Weak Potion"}],"is_trial":false,"path_per_floor":["R","M","?","?","M","R","T","M","E","M","?","R","E","?","M","B",null,"R","M","?","?","?","E"],"character_chosen":"THE_CHAMP","items_purchased":[],"campfire_rested":0,"item_purchase_floors":[],"current_hp_per_floor":[73,73,73,73,72,72,72,72,62,62,49,49,38,37,37,18,69,69,69,44,23,23,0,0,0],"gold":547,"neow_bonus":"REMOVE_CARD","is_daily":false,"chose_seed":false,"campfire_upgraded":3,"win_rate":0.0,"timestamp":1609254635,"path_taken":["R","M","?","?","?","R","T","M","E","M","?","R","E","?","M","BOSS","R","M","?","?","?","E"],"items_purchased_type":[],"build_version":"2020-12-22","purchased_purges":0,"victory":false,"max_hp_per_floor":[81,81,81,81,81,81,81,81,81,81,81,81,81,86,86,86,86,86,86,91,91,91,91,91,91],"relic_stats":{"counters":[13,63],"Champion Belt":[7],"Kunai":[7],"War Paint":["champ:Defend","champ:Defend"],"obtain_stats":[{"sneckomod:BlankCard":7,"Enchiridion":21,"champ:ChampionCrown":0,"champ:ChampionCrownUpgraded":17,"Champion Belt":11,"Kunai":13,"War Paint":9,"Odd Mushroom":14},{"sneckomod:BlankCard":2,"Enchiridion":11,"champ:ChampionCrown":0,"champ:ChampionCrownUpgraded":10,"Champion Belt":6,"Kunai":7,"War Paint":4,"Odd Mushroom":8},{"sneckomod:BlankCard":6,"Enchiridion":47,"champ:ChampionCrown":0,"champ:ChampionCrownUpgraded":43,"Champion Belt":20,"Kunai":26,"War Paint":14,"Odd Mushroom":29}]},"card_choices":[{"not_picked":["champ:FanOfKnives","champ:GutPunch"],"picked":"champ:FaceSlap","floor":2.0},{"not_picked":["champ:Circumvent","champ:HeartStrike"],"picked":"champ:FanOfKnives","floor":5.0},{"not_picked":["champ:Circumvent","champ:EndlessRage","champ:FlashCut"],"picked":"SKIP","floor":8.0},{"not_picked":["champ:CrookedStrike","champ:RageSigil"],"picked":"champ:PreciseThrust","floor":9},{"not_picked":["champ:EndlessRage","champ:ViciousMockery","champ:RapidStrikes"],"picked":"SKIP","floor":10},{"not_picked":["champ:BringItOn","champ:FanOfKnives","champ:CalledShot"],"picked":"SKIP","floor":13},{"not_picked":["champ:Circumvent","champ:EnragedBash"],"picked":"champ:AdrenalArmor","floor":15},{"not_picked":["champ:BladeFlurry+1","champ:BerserkerStyle"],"picked":"champ:GladiatorStyle","floor":19},{"not_picked":["champ:Balance","champ:BladeFlurry"],"picked":"champ:SwordSigil+1","floor":22}],"player_experience":2795791,"relics_obtained":[{"floor":7.0,"key":"sneckomod:BlankCard"},{"floor":9,"key":"War Paint"},{"floor":11,"key":"Champion Belt"},{"floor":13,"key":"Kunai"},{"floor":14,"key":"Odd Mushroom"},{"floor":21,"key":"Enchiridion"}],"event_choices":[{"cards_removed":["champ:Strike"],"damage_healed":0.0,"max_hp_gain":0.0,"max_hp_loss":0.0,"gold_gain":0.0,"event_name":"The Cleric","player_choice":"Card Removal","floor":3.0,"gold_loss":0.0,"damage_taken":0.0},{"damage_healed":0.0,"max_hp_gain":0.0,"max_hp_loss":0.0,"gold_gain":0.0,"event_name":"Upgrade Shrine","player_choice":"Upgraded","floor":4.0,"gold_loss":0.0,"damage_taken":0.0,"cards_upgraded":["champ:FaceSlap"]},{"damage_healed":0,"gold_gain":0,"player_choice":"Fought Mushrooms","damage_taken":0,"max_hp_gain":0,"max_hp_loss":0,"event_name":"Mushrooms","floor":14,"gold_loss":0}],"is_beta":false,"boss_relics":[{"not_picked":["Fusion Hammer","Cursed Key"],"picked":"champ:ChampionCrownUpgraded"}],"items_purged_floors":[],"is_endless":false,"potions_floor_spawned":[2,10,11,13,14],"killed_by":"Gremlin Leader","ascension_level":16}}