{"host":"m3qxensetu6036ua","time":1609264414,"event":{"mods":["2.2 Compatiblity","AchievementEnabler","BaseMod","Better Altar","Better Match","Better Sensory Stone","Better Skull","Better Third Choice","Better Vampires","Block Reminder","Colored Powertips","Displayed Cursed Tome","GungeonMod","Hubris","Jedi Mod","Minty Spire (QoL Compilation)","MostiFishMod","Rare Cards Sparkle","Remove Card Discount Mod","Replay The Spire","Robot Space Explorer","Spicy Shops","StSLib","The Dragon Tamer"],"gold_per_floor":[119,119,218,269,269,284,284,315,339,339,363,401,401,401],"floor_reached":12,"playtime":719,"items_purged":["Injury","Spreading Infection"],"score":111,"play_id":"80f4e31d-a404-4bf8-8600-a462cc2238b7","local_time":"20201229185334","is_ascension_mode":false,"metric_token":1555,"campfire_choices":[{"data":"DTMod:SwitchingTactic","floor":7,"key":"SMITH"},{"data":"DTMod:ComboAttack","floor":10,"key":"SMITH"}],"dtmod_dragon_data":[50,50,-1,-1,0,0],"circlet_count":0,"master_deck":["DTMod:Strike","DTMod:Strike","DTMod:Strike","DTMod:Strike","DTMod:DoubleHit","DTMod:TargetDefense","DTMod:TargetDefense","DTMod:TargetDefense","DTMod:TargetDefense","DTMod:SwitchingTactic+1","DTMod:MagicField","DTMod:ComboAttack+1","DTMod:CrossStep","DTMod:TauntingStrike","DTMod:Weaken"],"relics":["DTMod:PactStone","DaveBox","NeowsBlessing","DemoMod:GlassGuonStoneRelic","SynthV:TestCard","Golden Idol","ReplayTheSpireMod:CursedCoin","Lantern","hubris:Towel","Replay:Wax Seal","Pen Nib","ExusiaiGun","Blood Vial"],"acts_visited":["Exordium"],"potions_floor_usage":[12],"damage_taken":[{"damage":0,"enemies":"2 Louse","floor":1,"turns":1},{"damage":0,"enemies":"Jaw Worm","floor":6,"turns":1},{"damage":0,"enemies":"3 Sentries","floor":8,"turns":2},{"damage":0,"enemies":"Small Slimes","floor":11,"turns":2},{"damage":7,"enemies":"Replay:BlueRogue","floor":12,"turns":7}],"seed_played":"1012745789834371779","potions_obtained":[{"floor":1,"key":"Energy Potion"},{"floor":6,"key":"jedi:wingpotion"}],"is_trial":false,"path_per_floor":["M","?","$","T","?","M","R","E","T","R","M","E"],"character_chosen":"THE_DT","items_purchased":["ReplayTheSpireMod:CursedCoin","DTMod:ComboAttack"],"campfire_rested":0,"item_purchase_floors":[3,3],"current_hp_per_floor":[45,45,45,45,45,45,45,45,45,45,45,38,38,38],"gold":401,"neow_bonus":"THREE_ENEMY_KILL","is_daily":false,"chose_seed":false,"campfire_upgraded":2,"win_rate":0.0,"timestamp":1609264414,"path_taken":["M","?","$","?","?","M","R","E","T","R","M","E"],"items_purchased_type":["Relic","Card"],"build_version":"2020-12-22","purchased_purges":2,"victory":false,"max_hp_per_floor":[45,45,45,45,45,45,45,45,45,45,45,45,45,45],"card_choices":[{"not_picked":["DTMod:DragonDance","DTMod:QuickFly"],"picked":"DTMod:MagicField","floor":1},{"not_picked":["DTMod:MagicField","DTMod:RunningTactic","DTMod:CalculatedDefense","DTMod:MagiciansMark"],"picked":"DTMod:CrossStep","floor":6},{"not_picked":["DTMod:Observe","DTMod:CleansingStrike","DTMod:LowKick","DTMod:MasterPlan"],"picked":"DTMod:TauntingStrike","floor":8},{"not_picked":["DTMod:QuickFly","DTMod:ComboAttack","DTMod:MagicField","DTMod:HeatWave"],"picked":"DTMod:Weaken","floor":11}],"player_experience":163455,"relics_obtained":[{"floor":1,"key":"SynthV:TestCard"},{"floor":4,"key":"Lantern"},{"floor":8,"key":"Replay:Wax Seal"},{"floor":9,"key":"Pen Nib"},{"floor":12,"key":"Blood Vial"}],"event_choices":[{"damage_healed":0,"gold_gain":0,"player_choice":"Take Wound","damage_taken":0,"relics_obtained":["Golden Idol"],"max_hp_gain":0,"max_hp_loss":0,"event_name":"Golden Idol","floor":2,"gold_loss":0,"cards_obtained":["Injury"]}],"is_beta":false,"boss_relics":[],"items_purged_floors":[3,3],"is_endless":false,"potions_floor_spawned":[1,6],"killed_by":"Replay:BlueRogue","ascension_level":0}}