{"host":"dfw6edahkz448cbz","time":1609210115,"event":{"mods":["BaseMod","Better Silent Start","Block Reminder","Gold Saver","Minty Spire (QoL Compilation)","StSLib","everything is the same but u backflip on backflip"],"gold_per_floor":[542,467,483,558,570,604,604,604,604],"floor_reached":8,"playtime":430,"items_purged":["Havoc"],"score":67,"play_id":"0eeb8288-216b-41a6-ab98-7ad3de2b6dd5","local_time":"20201228194835","is_ascension_mode":true,"campfire_choices":[],"circlet_count":0,"master_deck":["Bash","Sentinel","Impervious","Shrug It Off","Spot Weakness","Entrench","Bludgeon","Demon Form","Flex","Iron Wave","Body Slam","Heavy Blade","Regret"],"relics":["Pandora\u0027s Box","Strawberry","Pantograph"],"acts_visited":["Exordium"],"potions_floor_usage":[6,6,8],"damage_taken":[{"damage":14.0,"enemies":"Jaw Worm","floor":1.0,"turns":3.0},{"damage":12.0,"enemies":"2 Louse","floor":3.0,"turns":4.0},{"damage":7.0,"enemies":"Small Slimes","floor":5.0,"turns":3.0},{"damage":12,"enemies":"3 Sentries","floor":6,"turns":6},{"damage":56,"enemies":"Gremlin Nob","floor":8,"turns":4}],"seed_played":"-8454833359699490150","potions_obtained":[{"floor":1.0,"key":"SkillPotion"},{"floor":5.0,"key":"Regen Potion"},{"floor":6,"key":"PowerPotion"}],"is_trial":false,"path_per_floor":["M","$","M","?","M","E","?","E"],"character_chosen":"IRONCLAD","items_purchased":[],"campfire_rested":0,"item_purchase_floors":[],"current_hp_per_floor":[66,66,54,43,36,40,40,0,0],"gold":604,"neow_bonus":"BOSS_RELIC","is_daily":false,"chose_seed":false,"campfire_upgraded":0,"win_rate":0.0,"timestamp":1609210115,"path_taken":["M","$","M","?","M","E","?","E"],"items_purchased_type":[],"build_version":"2020-12-22","purchased_purges":1,"victory":false,"max_hp_per_floor":[80,80,80,80,80,87,87,87,87],"card_choices":[{"not_picked":["Feel No Pain","Fire Breathing"],"picked":"Iron Wave","floor":1.0},{"not_picked":["Sword Boomerang","Armaments"],"picked":"Body Slam","floor":3.0},{"not_picked":["Sword Boomerang","Thunderclap","Clash"],"picked":"SKIP","floor":5.0},{"not_picked":["Wild Strike","Warcry"],"picked":"Heavy Blade","floor":6}],"player_experience":141027,"relics_obtained":[{"floor":6,"key":"Strawberry"}],"event_choices":[{"damage_healed":0.0,"max_hp_gain":0.0,"max_hp_loss":0.0,"gold_gain":75.0,"event_name":"World of Goop","player_choice":"Gather Gold","floor":4.0,"gold_loss":0.0,"damage_taken":11.0},{"damage_healed":0,"gold_gain":0,"player_choice":"Box","damage_taken":0,"relics_obtained":["Pantograph"],"max_hp_gain":0,"max_hp_loss":0,"event_name":"Big Fish","floor":7,"gold_loss":0,"cards_obtained":["Regret"]}],"is_beta":false,"boss_relics":[],"items_purged_floors":[2],"is_endless":false,"potions_floor_spawned":[1,5,6],"killed_by":"Gremlin Nob","ascension_level":4}}