{"host":"2no1vwhhkhf0ohz3","time":1609235627,"event":{"mods":["AchievementEnabler","BaseMod","Colored Map","DeckTracker","Keyboard Shortcuts","Minty Spire (QoL Compilation)","Relic Stats","SuperFastMode"],"gold_per_floor":[116,116,191,210,135,135,153,153,153,153,163,192,203,220,220,317,317,332,332,332],"floor_reached":19,"playtime":291,"items_purged":["Strike_G"],"score":220,"play_id":"47485098-5e41-4e2c-b1bd-ed5d3123a877","local_time":"20201229185347","is_ascension_mode":true,"campfire_choices":[{"data":"Cloak And Dagger","floor":6.0,"key":"SMITH"},{"data":"Cloak And Dagger","floor":8.0,"key":"SMITH"},{"data":"Poisoned Stab","floor":10.0,"key":"SMITH"},{"floor":15.0,"key":"REST"}],"circlet_count":0,"master_deck":["Survivor","Neutralize","Cloak And Dagger+1","Poisoned Stab+1","Cloak And Dagger+1","Deadly Poison","Noxious Fumes","Deadly Poison","Burst","After Image","Dodge and Roll","Heel Hook","Acrobatics","Riddle With Holes","Malaise","Flying Knee","Riddle With Holes","Blade Dance","PiercingWail+1"],"relics":["Ring of the Snake","NeowsBlessing","Pear","InkBottle","The Specimen","Pandora\u0027s Box"],"acts_visited":["Exordium","TheCity"],"potions_floor_usage":[],"damage_taken":[{"damage":0.0,"enemies":"Small Slimes","floor":1.0,"turns":1.0},{"damage":0.0,"enemies":"Cultist","floor":4.0,"turns":1.0},{"damage":0.0,"enemies":"2 Louse","floor":7.0,"turns":1.0},{"damage":29.0,"enemies":"Exordium Thugs","floor":11.0,"turns":4.0},{"damage":14.0,"enemies":"Lagavulin","floor":12.0,"turns":5.0},{"damage":10.0,"enemies":"3 Louse","floor":13.0,"turns":3.0},{"damage":4.0,"enemies":"2 Fungi Beasts","floor":14.0,"turns":3.0},{"damage":7.0,"enemies":"The Guardian","floor":16.0,"turns":9.0},{"damage":12.0,"enemies":"Chosen","floor":18.0,"turns":5.0},{"damage":0,"enemies":"3 Byrds","floor":19,"turns":1}],"seed_played":"-5868619208972957870","potions_obtained":[{"floor":1.0,"key":"Regen Potion"},{"floor":7.0,"key":"Weak Potion"},{"floor":12.0,"key":"Strength Potion"},{"floor":14.0,"key":"Energy Potion"}],"is_trial":false,"path_per_floor":["M","?","?","M","$","R","M","R","T","R","M","E","M","M","R","B",null,"M","M"],"character_chosen":"THE_SILENT","items_purchased":[],"campfire_rested":1,"item_purchase_floors":[],"current_hp_per_floor":[63,61,50,50,50,50,50,50,50,50,35,21,11,7,31,24,66,54,54,54],"gold":332,"neow_bonus":"THREE_ENEMY_KILL","is_daily":false,"chose_seed":false,"campfire_upgraded":3,"win_rate":0.0,"timestamp":1609235627,"path_taken":["M","?","?","M","$","R","M","R","T","R","M","E","M","M","R","BOSS","M","M"],"items_purchased_type":[],"build_version":"2020-12-22","purchased_purges":1,"victory":false,"max_hp_per_floor":[70,80,80,80,80,80,80,80,80,80,80,80,80,80,80,80,80,80,80,80],"relic_stats":{"counters":[10,33],"Pandora\u0027s Box":["After Image","Dodge and Roll","Heel Hook","Acrobatics","Riddle With Holes","Malaise","Flying Knee","Riddle With Holes","Blade Dance"],"obtain_stats":[{"Pear":2,"NeowsBlessing":0,"The Specimen":12,"Pandora\u0027s Box":17,"InkBottle":9,"Ring of the Snake":0},{"Pear":1,"NeowsBlessing":0,"The Specimen":5,"Pandora\u0027s Box":8,"InkBottle":3,"Ring of the Snake":0},{"Pear":1,"NeowsBlessing":0,"The Specimen":12,"Pandora\u0027s Box":27,"InkBottle":3,"Ring of the Snake":0}],"InkBottle":[11],"Ring of the Snake":[20]},"card_choices":[{"not_picked":["Underhanded Strike","Calculated Gamble"],"picked":"Cloak And Dagger","floor":1.0},{"not_picked":["Flying Knee","Calculated Gamble"],"picked":"Poisoned Stab","floor":4.0},{"not_picked":["Blade Dance","Quick Slash"],"picked":"Cloak And Dagger","floor":7.0},{"not_picked":["Skewer","Dagger Throw"],"picked":"Deadly Poison","floor":11.0},{"not_picked":["Flying Knee","Heel Hook"],"picked":"Noxious Fumes","floor":12.0},{"not_picked":["Underhanded Strike","Dash","Quick Slash"],"picked":"SKIP","floor":13.0},{"not_picked":["Dagger Throw","Dagger Spray"],"picked":"Deadly Poison","floor":14.0},{"not_picked":["Phantasmal Killer","Grand Finale"],"picked":"Burst","floor":16.0},{"not_picked":["Acrobatics","Expertise"],"picked":"PiercingWail+1","floor":18.0}],"player_experience":260206,"relics_obtained":[{"floor":9.0,"key":"InkBottle"},{"floor":12.0,"key":"The Specimen"}],"event_choices":[{"damage_healed":0.0,"max_hp_gain":0.0,"max_hp_loss":0.0,"gold_gain":0.0,"event_name":"Scrap Ooze","player_choice":"Success","floor":2.0,"gold_loss":0.0,"damage_taken":12.0,"relics_obtained":["Pear"]},{"damage_healed":0.0,"max_hp_gain":0.0,"max_hp_loss":0.0,"gold_gain":75.0,"event_name":"World of Goop","player_choice":"Gather Gold","floor":3.0,"gold_loss":0.0,"damage_taken":11.0}],"is_beta":false,"boss_relics":[{"not_picked":["Runic Dome","Black Star"],"picked":"Pandora\u0027s Box"}],"items_purged_floors":[5],"is_endless":false,"potions_floor_spawned":[1,7,12,14],"killed_by":"3 Byrds","ascension_level":6}}