{"host":"yq9dmb6jykv04g7m","time":1609245384,"event":{"mods":["Aspiration","BaseMod","Colored Map","Colored Powertips","Hubris","Infinite Spire","Minty Spire (QoL Compilation)","MostiFishMod","Rare Cards Sparkle","Replay The Spire","Spicy Shops","StSLib","SuperFastMode","【功能Mod】聪明的最终Boss"],"gold_per_floor":[113,133,133,58,58,90,108,118,118,130,130,144,177,187,187,292,292,308,320,7,7,7,22,50,50,50,65,82,92,11,27,27,123,123,134,148,161,161,36,70,70,70,70,98,98,112,126,161,161,161,161,161,16,49,150],"floor_reached":56,"playtime":1804,"items_purged":["Strike_B","Strike_B","Strike_B"],"score":1841,"play_id":"e757acf1-f247-4c5e-a6be-8052e51172d0","local_time":"20201229203624","is_ascension_mode":true,"campfire_choices":[{"data":"aspiration:Polymerization","floor":11,"key":"SMITH"},{"data":"Time Bomb","floor":15,"key":"SMITH"},{"data":"Buffer","floor":25,"key":"SMITH"},{"data":"Zap","floor":32,"key":"SMITH"},{"data":"Crystallizer","floor":41,"key":"SMITH"},{"floor":49,"key":"RECALL"},{"data":"MostiFishMod:ActiveDefenseSystem","floor":52,"key":"SMITH"}],"circlet_count":0,"master_deck":["Strike_B","Defend_B","Defend_B","Defend_B","Zap+1","Dualcast","Force Field","Crystallizer+1","hubris:Ukulele","aspiration:Polymerization+1","Time Bomb+1","Buffer+1","MostiFishMod:ActiveDefenseSystem+1","Time Bomb+1","MostiFishMod:PushDownKick+1","MostiFishMod:DeathFromBelow","Loop","Meteor Strike","Time Bomb","ReplayTheSpireMod:Haul","Seek+1","Time Bomb","hubris:Rewind","MostiFishMod:IntelligentEquipment","Meteor Strike"],"relics":["Cracked Core","DaveBox","aspiration:Nostalgia","Burning Blood","SynthV:TestCard","Civilization","hubris:Towel","Toy Ornithopter","PreservedInsect","aspiration:TomeofQuesting","Blue Doll","Snack Pack","Nuclear Battery","Juzu Bracelet","hubris:PeanutButter","aspiration:Lifesprig","hubris:TenFootPole","Runic Capacitor","Bottled Flame"],"acts_visited":["Exordium","TheCity","TheBeyond","TheEnding"],"potions_floor_usage":[16,16,16,55,55],"damage_taken":[{"damage":9,"enemies":"2 Louse","floor":1,"turns":2},{"damage":15,"enemies":"Small Slimes","floor":2,"turns":3},{"damage":23,"enemies":"Lagavulin","floor":6,"turns":5},{"damage":6,"enemies":"Cultist","floor":7,"turns":3},{"damage":10,"enemies":"Exordium Thugs","floor":8,"turns":4},{"damage":0,"enemies":"Looter","floor":10,"turns":2},{"damage":0,"enemies":"2 Fungi Beasts","floor":12,"turns":2},{"damage":0,"enemies":"Gremlin Nob","floor":13,"turns":2},{"damage":5,"enemies":"Gremlin Gang","floor":14,"turns":2},{"damage":23,"enemies":"Hexaghost","floor":16,"turns":4},{"damage":0,"enemies":"Spheric Guardian","floor":18,"turns":1},{"damage":22,"enemies":"2 Thieves","floor":19,"turns":3},{"damage":0,"enemies":"Centurion and Healer","floor":23,"turns":3},{"damage":0,"enemies":"Nightmare","floor":24,"turns":4},{"damage":0,"enemies":"Snecko","floor":27,"turns":5},{"damage":0,"enemies":"3 Cultists","floor":28,"turns":3},{"damage":0,"enemies":"Centurion and Healer","floor":29,"turns":4},{"damage":0,"enemies":"Snake Plant","floor":31,"turns":2},{"damage":0,"enemies":"Automaton","floor":33,"turns":5},{"damage":0,"enemies":"Orb Walker","floor":35,"turns":2},{"damage":9,"enemies":"3 Shapes","floor":36,"turns":3},{"damage":0,"enemies":"Spire Growth","floor":37,"turns":2},{"damage":0,"enemies":"Reptomancer","floor":40,"turns":2},{"damage":0,"enemies":"R_Hoarder","floor":44,"turns":2},{"damage":0,"enemies":"Maw","floor":46,"turns":1},{"damage":0,"enemies":"4 Shapes","floor":47,"turns":2},{"damage":0,"enemies":"Nightmare","floor":48,"turns":3},{"damage":27,"enemies":"LordOfAnnihilation","floor":50,"turns":11},{"damage":0,"enemies":"Shield and Spear","floor":54,"turns":1},{"damage":60,"enemies":"The Heart","floor":55,"turns":5}],"seed_played":"-3735916024464588849","potions_obtained":[{"floor":2,"key":"Block Potion"},{"floor":7,"key":"Block Potion"},{"floor":12,"key":"Block Potion"},{"floor":14,"key":"SkillPotion"},{"floor":18,"key":"Weak Potion"},{"floor":24,"key":"ColorlessPotion"},{"floor":28,"key":"FocusPotion"},{"floor":35,"key":"infinitespire:BlackPotion"},{"floor":54,"key":"FairyPotion"},{"floor":55,"key":"Weak Potion"}],"is_trial":false,"path_per_floor":["M","M","?","$","?","E","M","M","T","M","R","M","E","M","R","B",null,"M","M","$","?","?","M","NM","R","T","M","M","M","$","M","R","B",null,"M","M","M","?","$","E","R","?","T","E","?","M","M","NM","R","B",null,"R","$","E","B",null],"character_chosen":"DEFECT","items_purchased":["Time Bomb","aspiration:TomeofQuesting","Loop","Runic Capacitor"],"campfire_rested":0,"item_purchase_floors":[20,20,30,53],"current_hp_per_floor":[72,65,65,65,65,51,55,57,57,70,70,85,101,116,116,128,141,161,163,163,163,163,189,216,216,216,242,267,294,294,322,322,353,353,385,417,456,338,338,384,384,384,384,431,431,479,531,584,584,612,694,694,694,751,759],"gold":150,"neow_bonus":"NOSTALGIA","is_daily":false,"chose_seed":false,"campfire_upgraded":6,"win_rate":0.0,"timestamp":1609245384,"path_taken":["M","M","?","$","?","E","M","M","T","M","R","M","E","M","R","BOSS","M","?","$","?","?","M","NM","R","T","M","M","M","$","M","R","BOSS","M","M","M","?","$","E","R","?","T","E","?","M","M","NM","R","BOSS","R","$","E","BOSS"],"items_purchased_type":["Card","Relic","Card","Relic"],"build_version":"2020-12-22","purchased_purges":3,"victory":true,"max_hp_per_floor":[75,77,77,77,77,80,84,90,90,97,97,106,116,130,130,145,145,161,179,179,179,179,199,220,220,220,242,267,294,294,322,322,353,353,385,420,456,456,456,496,496,496,496,537,537,579,625,672,672,721,721,721,721,772,824],"card_choices":[{"not_picked":["Leap","Beam Cell"],"picked":"Force Field","floor":1},{"not_picked":["Ball Lightning","Storm","BasicCrystalCard","Defragment"],"picked":"Crystallizer","floor":2},{"not_picked":["Reprogram","ReplayTheSpireMod:Repulse","MostiFishMod:DawningShadow","Time Bomb"],"picked":"aspiration:Polymerization","floor":6},{"not_picked":["ReplayGash","Go for the Eyes","Stack","ReplayTheSpireMod:System Scan","Gash"],"picked":"SKIP","floor":7},{"not_picked":["Go for the Eyes","Redo","Doom and Gloom","Barrage","Reprogram"],"picked":"SKIP","floor":8},{"not_picked":["hubris:Ukulele","BasicCrystalCard","Genetic Algorithm","Stack","Cold Snap"],"picked":"SKIP","floor":10},{"not_picked":["Rainbow","Streamline","Self Repair","White Noise","Ball Lightning"],"picked":"SKIP","floor":12},{"not_picked":["Force Field","Steam","Redo","Steam Power","BasicCrystalCard"],"picked":"SKIP","floor":13},{"not_picked":["BasicCrystalCard","Blizzard","Redo","Compile Driver"],"picked":"Time Bomb","floor":14},{"not_picked":["MostiFishMod:Tomorrow","MostiFishMod:TalkingToTheRain","MostiFishMod:Overload","Core Surge"],"picked":"Buffer","floor":16},{"not_picked":["Redo","Hologram","Double Energy","Leap"],"picked":"MostiFishMod:ActiveDefenseSystem","floor":18},{"not_picked":["Hologram+1","ReplayGash","Tempest","Hyperbeam","Ball Lightning"],"picked":"SKIP","floor":19},{"not_picked":["Stack","Heatsinks+1","Melter","Rebound+1","Reprogram"],"picked":"SKIP","floor":23},{"not_picked":["Rebound+1","Stack","Sweeping Beam+1","Rip and Tear+1"],"picked":"MostiFishMod:PushDownKick+1","floor":24},{"not_picked":["Auto Shields","Conserve Battery+1","Beam Cell","Cold Snap","ReplayTheSpireMod:System Scan+1"],"picked":"SKIP","floor":27},{"not_picked":["Auto Shields","MostiFishMod:PushDownKick+1","Turbo","Compile Driver"],"picked":"MostiFishMod:DeathFromBelow","floor":28},{"not_picked":["Gash","Conserve Battery","hubris:Ukulele+1","Panic Button+1","MostiFishMod:DeathFromBelow"],"picked":"SKIP","floor":29},{"not_picked":["Redo","Self Repair","BasicCrystalCard","Stack","Go for the Eyes+1"],"picked":"SKIP","floor":31},{"not_picked":["MostiFishMod:ATRI","MostiFishMod:DeathFromBelow","Multi-Cast","Thunder Strike"],"picked":"Meteor Strike","floor":33},{"not_picked":["ReplayGash+1","Sunder+1","Defragment+1","Gash","Tempest"],"picked":"SKIP","floor":35},{"not_picked":["Streamline+1","Turbo+1","Auto Shields+1","Cold Snap+1","Coolheaded"],"picked":"SKIP","floor":36},{"not_picked":["Cold Snap","Turbo+1","Gash","MostiFishMod:SeaWaves"],"picked":"Time Bomb","floor":37},{"not_picked":["ReplayTheSpireMod:Chaos Vortex","infinitespire:Gouge"],"picked":"ReplayTheSpireMod:Haul","floor":38},{"not_picked":["Leap","MostiFishMod:GatherIntelligence+1","Rebound","Conserve Battery+1"],"picked":"Seek","floor":40},{"not_picked":["Hologram","Scrape+1","Steam","Turbo","Cold Snap"],"picked":"SKIP","floor":44},{"not_picked":["Reinforced Body","Go for the Eyes+1","Turbo","Streamline+1"],"picked":"Time Bomb","floor":46},{"not_picked":["ReplayTheSpireMod:Omega Cannon","Beam Cell","ReplayGash","Storm+1","Consume+1"],"picked":"SKIP","floor":47},{"not_picked":["infinitespire:Oblivion","ReplayTheSpireMod:??????????????????????"],"picked":"hubris:Rewind","floor":48},{"not_picked":["Reinforced Body","Gash+1","Steam","Undo","Turbo"],"picked":"SKIP","floor":48},{"not_picked":["MostiFishMod:ReprogramOld+1","Rebound+1","Compile Driver+1","Reinforced Body+1"],"picked":"MostiFishMod:IntelligentEquipment","floor":54},{"not_picked":["MostiFishMod:IntelligentEquipment","MostiFishMod:GoodWordForIt","Echo Form","MostiFishMod:StarOceanB"],"picked":"Meteor Strike","floor":55}],"player_experience":103839,"relics_obtained":[{"floor":1,"key":"SynthV:TestCard"},{"floor":6,"key":"Toy Ornithopter"},{"floor":13,"key":"PreservedInsect"},{"floor":24,"key":"Blue Doll"},{"floor":26,"key":"Snack Pack"},{"floor":40,"key":"Juzu Bracelet"},{"floor":43,"key":"hubris:PeanutButter"},{"floor":44,"key":"aspiration:Lifesprig"},{"floor":48,"key":"hubris:TenFootPole"},{"floor":54,"key":"Bottled Flame"}],"event_choices":[{"damage_healed":0,"gold_gain":0,"cards_transformed":["Defend_B"],"player_choice":"Transformed","damage_taken":0,"max_hp_gain":0,"max_hp_loss":0,"event_name":"Transmorgrifier","floor":5,"gold_loss":0,"cards_obtained":["hubris:Ukulele"]},{"damage_healed":0,"gold_gain":0,"player_choice":"Ignored","damage_taken":0,"max_hp_gain":0,"max_hp_loss":0,"event_name":"Vampires","floor":21,"gold_loss":0},{"damage_healed":0,"gold_gain":0,"player_choice":"Forge","damage_taken":0,"max_hp_gain":0,"max_hp_loss":0,"event_name":"Accursed Blacksmith","floor":42,"gold_loss":0,"cards_upgraded":["Seek"]},{"damage_healed":0,"gold_gain":0,"player_choice":"Upgraded","damage_taken":0,"max_hp_gain":0,"max_hp_loss":0,"event_name":"Upgrade Shrine","floor":45,"gold_loss":0,"cards_upgraded":["Time Bomb"]}],"is_beta":false,"boss_relics":[{"not_picked":["Ectoplasm","TakeMeEscape","ExusiaiGun"]},{"not_picked":["Replay:Grab Bag","Philosopher\u0027s Stone"],"picked":"Nuclear Battery"}],"items_purged_floors":[4,20,39],"is_endless":true,"potions_floor_spawned":[2,7,12,14,18,24,28,29,31,33,35,44,46,47,54,55],"ascension_level":5}}