{"host":"xy5qih4nvxccm4rc","time":1609286211,"event":{"mods":["AchievementEnabler","BaseMod","Minty Spire (QoL Compilation)","StSLib"],"gold_per_floor":[361,361,372,372,390,415,415,433,483,516,791,23,41,76,76,177,177,189,135,135,135,135,135,64,95,95,95,95],"floor_reached":27,"playtime":1549,"items_purged":["Regret"],"score":259,"play_id":"29a97111-488a-47c8-b59f-2e667d409b06","local_time":"20201229175651","is_ascension_mode":true,"campfire_choices":[{"data":"Eruption","floor":7,"key":"SMITH"},{"data":"TalkToTheHand","floor":15,"key":"SMITH"},{"data":"RitualDagger","floor":23,"key":"SMITH"}],"circlet_count":0,"master_deck":["Eruption+1","Vigilance+1","FlurryOfBlows","Eruption","WheelKick","FlurryOfBlows","Fasting2","ClearTheMind","TalkToTheHand+1","JustLucky","FlyingSleeves","Vault","Fasting2","LessonLearned","Adaptation","InnerPeace","EmptyFist","MasterReality","SpiritShield","Swivel","Consecrate","Crescendo","Tantrum","RitualDagger+1","BattleHymn"],"relics":["PureWater","Blue Candle","MealTicket","Bag of Marbles","Torii","Yang","Thread and Needle","Pandora\u0027s Box","Molten Egg 2","The Courier","Mercury Hourglass"],"acts_visited":["Exordium","TheCity"],"potions_floor_usage":[10,16,16,25,25,25,27],"damage_taken":[{"damage":12,"enemies":"Jaw Worm","floor":1,"turns":4},{"damage":0,"enemies":"Cultist","floor":3,"turns":2},{"damage":0,"enemies":"2 Louse","floor":5,"turns":3},{"damage":20,"enemies":"3 Sentries","floor":6,"turns":6},{"damage":5,"enemies":"Looter","floor":8,"turns":2},{"damage":12,"enemies":"Lagavulin","floor":10,"turns":4},{"damage":1,"enemies":"Exordium Thugs","floor":13,"turns":3},{"damage":6,"enemies":"Gremlin Nob","floor":14,"turns":3},{"damage":10,"enemies":"The Guardian","floor":16,"turns":9},{"damage":14,"enemies":"Shell Parasite","floor":18,"turns":3},{"damage":61,"enemies":"Slavers","floor":25,"turns":5},{"damage":4,"enemies":"3 Byrds","floor":27,"turns":1}],"seed_played":"6085706058382571907","potions_obtained":[{"floor":3,"key":"ColorlessPotion"},{"floor":14,"key":"Weak Potion"},{"floor":16,"key":"EntropicBrew"},{"floor":25,"key":"CultistPotion"}],"is_trial":false,"path_per_floor":["M","?","M","?","M","E","R","M","T","E","?","$","M","E","R","B",null,"M","$","?","?","?","R","$","E","T","M"],"character_chosen":"WATCHER","items_purchased":["Torii","PowerPotion","Yang","TalkToTheHand","Crescendo","DuplicationPotion"],"campfire_rested":0,"item_purchase_floors":[12,12,12,12,19,24],"current_hp_per_floor":[53,53,53,53,53,33,33,28,28,16,16,31,30,24,24,14,65,51,65,65,59,59,59,65,4,4,0,0],"gold":95,"neow_bonus":"TWO_FIFTY_GOLD","is_daily":false,"chose_seed":false,"campfire_upgraded":3,"win_rate":0.0,"timestamp":1609286211,"path_taken":["M","?","?","?","M","E","R","M","T","E","?","$","?","E","R","BOSS","M","$","?","?","?","R","$","E","T","M"],"items_purchased_type":["Relic","Potion","Relic","Card","Card","Potion"],"build_version":"2020-12-22","purchased_purges":1,"victory":false,"max_hp_per_floor":[65,65,65,65,65,65,65,65,65,65,65,65,65,65,65,65,65,65,65,65,65,65,65,65,65,65,65,65],"card_choices":[{"not_picked":["Conclude","Evaluate"],"picked":"FlurryOfBlows","floor":1},{"not_picked":["ThirdEye","CrushJoints"],"picked":"WheelKick","floor":3},{"not_picked":["FollowUp","SashWhip"],"picked":"FlurryOfBlows","floor":5},{"not_picked":["FlurryOfBlows","Worship"],"picked":"Fasting2","floor":6},{"not_picked":["Meditate","BowlingBash"],"picked":"Devotion","floor":8},{"not_picked":["Perseverance","SashWhip"],"picked":"ClearTheMind","floor":10},{"not_picked":["CrushJoints","Study"],"picked":"JustLucky","floor":13},{"not_picked":["FlurryOfBlows","EmptyFist"],"picked":"FlyingSleeves","floor":14},{"not_picked":["Scrawl","ConjureBlade"],"picked":"Vault","floor":16},{"not_picked":["Nirvana+1","CrushJoints"],"picked":"Consecrate","floor":18},{"not_picked":["Protect","EmptyBody"],"picked":"BattleHymn","floor":25}],"player_experience":317723,"relics_obtained":[{"floor":6,"key":"Blue Candle"},{"floor":9,"key":"MealTicket"},{"floor":10,"key":"Bag of Marbles"},{"floor":14,"key":"Thread and Needle"},{"floor":25,"key":"The Courier"},{"floor":26,"key":"Mercury Hourglass"}],"event_choices":[{"damage_healed":0,"gold_gain":0,"player_choice":"2 cards matched","damage_taken":0,"max_hp_gain":0,"max_hp_loss":0,"event_name":"Match and Keep!","floor":2,"gold_loss":0,"cards_obtained":["Doubt","Eruption"]},{"cards_removed":["Doubt"],"damage_healed":0,"gold_gain":0,"player_choice":"Forget","damage_taken":0,"max_hp_gain":0,"max_hp_loss":0,"event_name":"Living Wall","floor":4,"gold_loss":0},{"damage_healed":0,"gold_gain":275,"player_choice":"Desecrate","damage_taken":0,"max_hp_gain":0,"max_hp_loss":0,"event_name":"Golden Shrine","floor":11,"gold_loss":0,"cards_obtained":["Regret"]},{"damage_healed":0,"gold_gain":0,"player_choice":"Read","damage_taken":0,"max_hp_gain":0,"max_hp_loss":0,"event_name":"The Library","floor":20,"gold_loss":0,"cards_obtained":["Tantrum"]},{"damage_healed":0,"gold_gain":0,"player_choice":"Joined the Cult","damage_taken":6,"max_hp_gain":0,"max_hp_loss":0,"event_name":"Nest","floor":21,"gold_loss":0,"cards_obtained":["RitualDagger"]},{"cards_removed":["Devotion"],"damage_healed":0,"gold_gain":0,"player_choice":"Gave Card","damage_taken":0,"relics_obtained":["Molten Egg 2"],"max_hp_gain":0,"max_hp_loss":0,"event_name":"WeMeetAgain","floor":22,"gold_loss":0}],"is_beta":false,"boss_relics":[{"not_picked":["Sozu","Runic Dome"],"picked":"Pandora\u0027s Box"}],"items_purged_floors":[12],"is_endless":false,"potions_floor_spawned":[3,14,16,25],"killed_by":"3 Byrds","ascension_level":1}}