{"host":"c1eyolnqlwr8bi2x","time":1609205934,"event":{"mods":["Aspiration","BaseMod","Colored Map","Colored Powertips","DeckTracker","Highlight Path","Hubris","Infinite Spire","Minty Spire (QoL Compilation)","Quick Restart","Random Character Button","Relic Sorter","Replay The Spire","StSLib","SuperFastMode","Synergy Search","The Cursed","The Disciple","The Jungle","The Runesmith"],"gold_per_floor":[117,117,117,137,147,147,422,442,442,442,442],"floor_reached":10,"playtime":229,"items_purged":[],"score":58,"play_id":"bb5b8e8e-2171-488f-9196-31dbbcc5acb4","local_time":"20201228183854","is_ascension_mode":false,"campfire_choices":[{"data":"Outmaneuver","floor":6,"key":"SMITH"}],"circlet_count":0,"master_deck":["Strike_G","Strike_G","Strike_G","Strike_G","Strike_G","Defend_G","Defend_G","Defend_G","Defend_G","Defend_G","Survivor","Neutralize","Outmaneuver+1","Quick Slash","Hidden Blade","Regret","hubris:SlightOfHand"],"relics":["Ring of the Snake","NeowsBlessing","aspiration:FetidBarrel"],"acts_visited":["Exordium"],"potions_floor_usage":[3,8],"damage_taken":[{"damage":0,"enemies":"Cultist","floor":1,"turns":1},{"damage":0,"enemies":"2 Louse","floor":4,"turns":1},{"damage":0,"enemies":"Small Slimes","floor":5,"turns":1},{"damage":8,"enemies":"2 Fungi Beasts","floor":8,"turns":3},{"damage":0,"enemies":"Lagavulin","floor":10,"turns":1}],"seed_played":"5437929962352743631","potions_obtained":[{"floor":1,"key":"Poison Potion"},{"floor":3,"key":"Fruit Juice"},{"floor":3,"key":"CunningPotion"},{"floor":3,"key":"Doom Potion"},{"floor":8,"key":"Fire Potion"}],"is_trial":false,"path_per_floor":["M","$","?","M","M","R","?","M","T","E"],"character_chosen":"THE_SILENT","items_purchased":[],"campfire_rested":0,"item_purchase_floors":[],"current_hp_per_floor":[70,70,75,75,75,75,75,67,67,67,67],"gold":442,"neow_bonus":"THREE_ENEMY_KILL","is_daily":false,"chose_seed":false,"campfire_upgraded":1,"win_rate":0.0,"timestamp":1609205934,"path_taken":["M","$","?","?","M","R","?","?","T","E"],"items_purchased_type":[],"build_version":"2020-12-22","purchased_purges":0,"victory":false,"max_hp_per_floor":[70,70,75,75,75,75,75,75,75,75,75],"card_choices":[{"not_picked":["Deflect","ReplayTheSpireMod:The Works"],"picked":"Outmaneuver","floor":1},{"not_picked":["Poisoned Stab","hubris:TrickCloak"],"picked":"Quick Slash","floor":4},{"not_picked":["Sucker Punch","Predator"],"picked":"Hidden Blade","floor":5},{"not_picked":["Dagger Throw","Draining Mist"],"picked":"hubris:SlightOfHand","floor":8}],"player_experience":2290,"relics_obtained":[{"floor":9,"key":"aspiration:FetidBarrel"}],"event_choices":[{"damage_healed":0,"gold_gain":0,"player_choice":"Got Potions","damage_taken":0,"max_hp_gain":0,"max_hp_loss":0,"event_name":"Lab","floor":3,"gold_loss":0},{"damage_healed":0,"gold_gain":275,"player_choice":"Desecrate","damage_taken":0,"max_hp_gain":0,"max_hp_loss":0,"event_name":"Golden Shrine","floor":7,"gold_loss":0,"cards_obtained":["Regret"]}],"is_beta":false,"boss_relics":[],"items_purged_floors":[],"is_endless":false,"potions_floor_spawned":[1,8],"killed_by":"Lagavulin","ascension_level":0}}