{"host":"lpcxcvdszk9zyesf","time":1609247262,"event":{"mods":["BaseMod","Better Third Choice","BetterRewards","Minty Spire (QoL Compilation)","Rare Cards Sparkle","Relic Stats","Say the Spire","Spicy Shops","StSLib"],"gold_per_floor":[116,116,128,40,54,54,64,84,84,97,112,112,128,139,139,234,234,253,253,269,321,321,321,352,352,352,352,22,38,38,51,51,146,146,160,160,160,175,175,175],"floor_reached":39,"playtime":1272,"items_purged":["Strike_R"],"score":843,"play_id":"2f16ddf1-3bda-4bb7-9c0b-67f92cd214de","local_time":"20201229210742","is_ascension_mode":true,"campfire_choices":[{"data":"Bandage Up","floor":6.0,"key":"SMITH"},{"data":"Flash of Steel","floor":15,"key":"SMITH"},{"floor":23,"key":"REST"},{"floor":25,"key":"REST"},{"floor":32,"key":"REST"}],"circlet_count":0,"master_deck":["AscendersBane","Strike_R","Strike_R","Strike_R","Strike_R","Defend_R","Defend_R","Defend_R","Defend_R","Bash","Flash of Steel+1","Battle Trance","Pummel","Flex","Bandage Up+1","Reckless Charge","Inflame","Inflame","Inflame","Immolate","Reaper","Heavy Blade","Shockwave","Demon Form","Limit Break","Sword Boomerang+1","Bloodletting"],"relics":["Burning Blood","Du-Vu Doll","Darkstone Periapt","Fusion Hammer","Toy Ornithopter","Pear","Vajra","Frozen Egg 2","Regal Pillow","Mark of Pain"],"acts_visited":["Exordium","TheCity","TheBeyond"],"potions_floor_usage":[16,16,24],"damage_taken":[{"damage":7.0,"enemies":"Jaw Worm","floor":1.0,"turns":3.0},{"damage":1.0,"enemies":"Cultist","floor":3.0,"turns":3.0},{"damage":7.0,"enemies":"Small Slimes","floor":5.0,"turns":3.0},{"damage":14,"enemies":"Red Slaver","floor":7,"turns":2},{"damage":11,"enemies":"3 Louse","floor":8,"turns":4},{"damage":12,"enemies":"Exordium Wildlife","floor":10,"turns":3},{"damage":6,"enemies":"Looter","floor":11,"turns":2},{"damage":15,"enemies":"3 Louse","floor":13,"turns":2},{"damage":6,"enemies":"Blue Slaver","floor":14,"turns":3},{"damage":49,"enemies":"Hexaghost","floor":16,"turns":7},{"damage":28,"enemies":"2 Thieves","floor":18,"turns":3},{"damage":30,"enemies":"Shell Parasite","floor":20,"turns":5},{"damage":52,"enemies":"Book of Stabbing","floor":24,"turns":4},{"damage":45,"enemies":"Shelled Parasite and Fungi","floor":29,"turns":6},{"damage":8,"enemies":"Snecko","floor":31,"turns":3},{"damage":109,"enemies":"Automaton","floor":33,"turns":8},{"damage":26,"enemies":"3 Darklings","floor":35,"turns":4},{"damage":29,"enemies":"3 Shapes","floor":38,"turns":5},{"damage":83,"enemies":"Writhing Mass","floor":39,"turns":5}],"seed_played":"-6468049431526668865","potions_obtained":[{"floor":5.0,"key":"PowerPotion"},{"floor":13,"key":"GamblersBrew"},{"floor":14,"key":"AttackPotion"},{"floor":18,"key":"SpeedPotion"}],"is_trial":false,"path_per_floor":["M","?","M","$","M","R","M","M","T","M","M","?","M","M","R","B",null,"M","?","M","T","?","R","E","R","T","?","$","M","?","M","R","B",null,"M","?","?","M","M"],"character_chosen":"IRONCLAD","items_purchased":["Du-Vu Doll","Flash of Steel","Bandage Up","Frozen Egg 2"],"campfire_rested":3,"item_purchase_floors":[0,0,4,28],"current_hp_per_floor":[71,71,76,76,79,79,71,72,72,72,78,70,67,73,73,36,69,49,75,57,57,42,67,42,70,70,70,70,37,37,35,78,17,76,94,94,94,71,0,0],"gold":175,"neow_bonus":"","is_daily":false,"chose_seed":false,"campfire_upgraded":2,"win_rate":0.0,"timestamp":1609247262,"path_taken":["M","?","M","$","M","R","M","M","T","?","M","?","?","M","R","BOSS","M","?","M","?","?","R","E","R","T","?","$","M","?","?","R","BOSS","M","?","?","M","M"],"items_purchased_type":["Relic","Card","Card","Relic"],"build_version":"2020-12-22","purchased_purges":1,"victory":false,"max_hp_per_floor":[80,80,80,80,80,80,80,80,80,80,80,80,80,80,80,80,80,80,80,80,80,85,85,95,95,95,95,95,95,95,95,95,95,95,95,95,95,95,95,95],"relic_stats":{"Darkstone Periapt":0,"Regal Pillow":15,"counters":[75,380],"obtain_stats":[{"Darkstone Periapt":7,"Regal Pillow":30,"Nilry\u0027s Codex":27,"CeramicFish":0,"Black Blood":17,"Vajra":26,"StoneCalendar":4,"Incense Burner":17,"Ginger":9,"Bottled Tornado":23,"Empty Cage":17,"Boot":9,"Cursed Key":17,"Burning Blood":0,"Lizard Tail":0,"Centennial Puzzle":2,"Nunchaku":13,"DollysMirror":23,"Tiny Chest":17,"Fusion Hammer":17,"Toxic Egg 2":17,"Lee\u0027s Waffle":21,"Pear":24,"Happy Flower":7,"Golden Idol":2,"Oddly Smooth Stone":26,"Eternal Feather":9,"PreservedInsect":9,"Frozen Egg 2":0,"War Paint":9,"White Beast Statue":20,"Akabeko":7,"Mercury Hourglass":31,"Calling Bell":17,"Du-Vu Doll":0,"Bottled Flame":5,"Mark of Pain":34,"Toy Ornithopter":21,"Meat on the Bone":0,"NlothsMask":19},{"Darkstone Periapt":19,"Regal Pillow":70,"Nilry\u0027s Codex":12,"CeramicFish":46,"Black Blood":34,"Vajra":69,"StoneCalendar":41,"Incense Burner":22,"Ginger":42,"Bottled Tornado":11,"Empty Cage":7,"Boot":30,"Cursed Key":53,"Burning Blood":0,"Lizard Tail":15,"Centennial Puzzle":16,"Nunchaku":44,"DollysMirror":55,"Tiny Chest":22,"Fusion Hammer":66,"Toxic Egg 2":22,"Lee\u0027s Waffle":36,"Pear":69,"Happy Flower":3,"Golden Idol":47,"Oddly Smooth Stone":12,"Eternal Feather":4,"PreservedInsect":19,"Frozen Egg 2":15,"War Paint":49,"White Beast Statue":9,"Akabeko":29,"Mercury Hourglass":14,"Calling Bell":22,"Du-Vu Doll":56,"Bottled Flame":48,"Mark of Pain":72,"Toy Ornithopter":68,"Meat on the Bone":0,"NlothsMask":35},{"Darkstone Periapt":84,"Regal Pillow":355,"Nilry\u0027s Codex":44,"CeramicFish":248,"Black Blood":163,"Vajra":349,"StoneCalendar":203,"Incense Burner":96,"Ginger":210,"Bottled Tornado":43,"Empty Cage":26,"Boot":141,"Cursed Key":286,"Burning Blood":0,"Lizard Tail":61,"Centennial Puzzle":65,"Nunchaku":224,"DollysMirror":301,"Tiny Chest":96,"Fusion Hammer":337,"Toxic Egg 2":96,"Lee\u0027s Waffle":176,"Pear":349,"Happy Flower":13,"Golden Idol":254,"Oddly Smooth Stone":44,"Eternal Feather":17,"PreservedInsect":84,"Frozen Egg 2":61,"War Paint":262,"White Beast Statue":33,"Akabeko":136,"Mercury Hourglass":54,"Calling Bell":96,"Du-Vu Doll":305,"Bottled Flame":258,"Mark of Pain":366,"Toy Ornithopter":345,"Meat on the Bone":0,"NlothsMask":167}],"Burning Blood":429,"Toy Ornithopter":5},"card_choices":[{"not_picked":["Heavy Blade","Uppercut"],"picked":"Battle Trance","floor":1.0},{"not_picked":["Anger","Iron Wave"],"picked":"Flex","floor":3.0},{"not_picked":["Spot Weakness","Armaments"],"picked":"Reckless Charge","floor":5.0},{"not_picked":["Reckless Charge","Cleave"],"picked":"Inflame","floor":7},{"not_picked":["Pommel Strike","Body Slam"],"picked":"Inflame","floor":8},{"not_picked":["Wild Strike","Havoc","Flex"],"picked":"SKIP","floor":10},{"not_picked":["Anger","Armaments"],"picked":"Inflame","floor":11},{"not_picked":["Cleave","Body Slam"],"picked":"Immolate","floor":13},{"not_picked":["Twin Strike","Clash","Flex"],"picked":"SKIP","floor":14},{"not_picked":["Immolate","Exhume"],"picked":"Reaper","floor":16},{"not_picked":["Perfected Strike","Clash"],"picked":"Heavy Blade","floor":18},{"not_picked":["Anger","True Grit"],"picked":"Shockwave","floor":20},{"not_picked":["Perfected Strike","Evolve"],"picked":"Demon Form","floor":24},{"not_picked":["Pommel Strike+1","Cleave","Armaments"],"picked":"SKIP","floor":29},{"not_picked":["Clothesline","Perfected Strike","Pommel Strike"],"picked":"SKIP","floor":31},{"not_picked":["Barricade+1","Bludgeon"],"picked":"Limit Break","floor":33},{"not_picked":["Flex","True Grit"],"picked":"Sword Boomerang+1","floor":35},{"not_picked":["Ghostly Armor","Pommel Strike+1"],"picked":"Bloodletting","floor":38}],"player_experience":274851,"relics_obtained":[{"floor":9,"key":"Darkstone Periapt"},{"floor":21,"key":"Toy Ornithopter"},{"floor":24,"key":"Pear"},{"floor":26,"key":"Vajra"}],"event_choices":[{"damage_healed":0.0,"max_hp_gain":0.0,"max_hp_loss":0.0,"gold_gain":0.0,"event_name":"Match and Keep!","player_choice":"1 cards matched","floor":2.0,"gold_loss":0.0,"damage_taken":0.0,"cards_obtained":["Pummel"]},{"damage_healed":0,"gold_gain":0,"player_choice":"Damaged","damage_taken":8,"max_hp_gain":0,"max_hp_loss":0,"event_name":"Wheel of Change","floor":12,"gold_loss":0},{"damage_healed":26,"gold_gain":0,"player_choice":"Heal","damage_taken":0,"max_hp_gain":0,"max_hp_loss":0,"event_name":"The Library","floor":19,"gold_loss":0},{"damage_healed":0,"gold_gain":0,"player_choice":"Shed Blood","damage_taken":20,"max_hp_gain":5,"max_hp_loss":0,"event_name":"Forgotten Altar","floor":22,"gold_loss":0},{"damage_healed":0,"gold_gain":0,"player_choice":"Ignored","damage_taken":0,"max_hp_gain":0,"max_hp_loss":0,"event_name":"Ghosts","floor":27,"gold_loss":0},{"damage_healed":0,"gold_gain":0,"player_choice":"Opened","damage_taken":0,"relics_obtained":["Regal Pillow"],"max_hp_gain":0,"max_hp_loss":0,"event_name":"The Mausoleum","floor":30,"gold_loss":0},{"damage_healed":0,"gold_gain":0,"player_choice":"Ignored","damage_taken":0,"max_hp_gain":0,"max_hp_loss":0,"event_name":"Tomb of Lord Red Mask","floor":36,"gold_loss":0},{"damage_healed":0,"gold_gain":0,"player_choice":"Ignored","damage_taken":0,"max_hp_gain":0,"max_hp_loss":0,"event_name":"betterThird:BetterPortal","floor":37,"gold_loss":0}],"is_beta":false,"boss_relics":[{"not_picked":["Velvet Choker","Runic Dome"],"picked":"Fusion Hammer"},{"not_picked":["Snecko Eye","Runic Cube"],"picked":"Mark of Pain"}],"items_purged_floors":[28],"is_endless":false,"potions_floor_spawned":[5,13,14,18],"killed_by":"Writhing Mass","ascension_level":10}}