{"host":"61ejhfsushs0xmcl","time":1609233359,"event":{"mods":["ATMod(阿瑾Mod)","Act Like it!","BaseMod","Colored Map","Gensokyo","Gold Saver","Marisa（F雨　魔理沙）","Minty Spire (QoL Compilation)","MostiFishMod","Pale of the Ancients","Spicy Shops","StSLib","TestMod","Waifu the Spire","Yakumo Yukari mod","[地精首领爬塔]The Maniac","【功能Mod】聪明的最终Boss","残留之物","篝火指南"],"gold_per_floor":[1917,1937,1141,1152,610,610,1472,2060,2060,2358,2487,2487,2924,3125,2193,3167,3167,3757,3757,4061,3370,3527,3838,3838,3971,3998,3998,4138,4138,4538,4638,3743,4293,4293,4331,3651,3651,2672,2672,2672,1867,1958,1958,1958,3521,3521,3521,5023,4046,4745,5572,5635,5684,4998,4444,5283,4475,3729,3729,4706],"floor_reached":61,"playtime":3111,"items_purged":["Strike_MRS","Strike_MRS","Strike_MRS","MasterSpark","Injury","Defend_MRS","UpSweep","Defend_MRS","MeteoricShower+1","WitchLeyline+1","Defend_MRS+1","WitchLeyline+1","ManaRampage+1"],"score":2578,"play_id":"4f778cb6-d42b-4cc3-9b6f-b098452d51af","local_time":"20201229171559","is_ascension_mode":true,"campfire_choices":[{"data":"Gensokyo:MonkeysPaw","floor":6.0,"key":"SMITH"},{"data":"AT_Dispersion","floor":12.0,"key":"SMITH"},{"floor":29.0,"key":"RECALL"},{"data":"Gensokyo:HAARP","floor":40.0,"key":"SMITH"}],"circlet_count":0,"master_deck":["AscendersBane","AT_Dispersion+1","Gensokyo:MonkeysPaw+1","GasGiant+1","BlazingStar+1","Acceleration+1","SuperNova+1","Gensokyo:LockedMedkit","MachineGunSpark+1","GasGiant+1","Acceleration","CollectingQuirk+1","UltimateShortwave+1","CasketOfStar+1","Gensokyo:SevenSchoolMysteries","Gensokyo:HAARP+1","UltimateShortwave+1","EscapeVelocity+1","Parasite","Parasite","MachineGunSpark+1"],"relics":["MiniHakkero","testmod-TestBox","AT_ATBox","NeowsBlessing","testmod-HarvestTotem","ImprovedEquipment","SynthV:TestCard","BrkXgEgg","Molten Egg 2","BreadOfAWashokuLover","Medical Kit","SynthV:C4","testmod-CasingShield","Happy Flower","Juzu Bracelet","AT_RedNoBalance","Pantograph","xbg","PlaceholderMod:FlatBlood","Technique","Orrery","Pear","Matryoshka","Lantern","AT_MibuBalloonWealth","Gensokyo:DirgeOfMelancholy","testmod-FatalChain","testmod-Alchemist","BionicSphere","AT_BellDemon","Prayer Wheel","Meat on the Bone","testmod-SaigiyounoYou","Mercury Hourglass","AT_RedTearstoneRing","Lee\u0027s Waffle","Dodecahedron","Chemical X","testmod-Charity","AT_PhaseBoots","ClockworkSouvenir","Shuriken","testmod-Nyarlathotep","MealTicket","AT_ImmortalShieldbow","Gensokyo:EmptyGrave","Ancient Tea Set","Boot","War Paint","Gensokyo:TheCrow","AT_ForceNature","testmod-IndustrialRevolution","Bag of Marbles","Gremlin Horn","Akabeko","Sling","paleoftheancients:Timepiece","paleoftheancients:KeyRelic","CultistMask","AT_BladeRuinedKing","testmod-TurbochargingSystem","Membership Card","AT_DeathDance","ShroomBag","DollysMirror","SimpleLauncher","Art of War","Bronze Scales","testmod-AssaultLearning","Bottled Lightning","Bottled Tornado","Whetstone","Kunai","Pen Nib","Bottled Flame","Turnip","testmod-Justice","Vajra","Centennial Puzzle","HornCleat"],"acts_visited":["Exordium","Gensokyo:Gensokyo","Gensokyo:Gensokyoer","Gensokyo:Gensokyoest"],"potions_floor_usage":[57,60],"damage_taken":[{"damage":0.0,"enemies":"Gensokyo:Gryphon","floor":1.0,"turns":1.0},{"damage":0.0,"enemies":"Gensokyo:3_Fairies","floor":2.0,"turns":1.0},{"damage":0.0,"enemies":"Gensokyo:2_Kodama","floor":4.0,"turns":1.0},{"damage":86.0,"enemies":"Gensokyo:2_Rabbits","floor":7.0,"turns":4.0},{"damage":39.0,"enemies":"Gensokyo:Aya","floor":8.0,"turns":7.0},{"damage":11.0,"enemies":"Gensokyo:Mamizou","floor":10.0,"turns":9.0},{"damage":13.0,"enemies":"Gensokyo:Python_and_Kodama","floor":11.0,"turns":4.0},{"damage":31.0,"enemies":"Gensokyo:Cirno","floor":13.0,"turns":5.0},{"damage":17.0,"enemies":"Gensokyo:3_Kodama","floor":14.0,"turns":3.0},{"damage":83.0,"enemies":"Gensokyo:Yukari","floor":16.0,"turns":11.0},{"damage":44.0,"enemies":"Gensokyo:3_Dogs","floor":18.0,"turns":2.0},{"damage":22.0,"enemies":"Gensokyo:CosmicMonolith","floor":20.0,"turns":2.0},{"damage":18.0,"enemies":"Gensokyo:Chomper_and_Gloop","floor":22.0,"turns":4.0},{"damage":2.0,"enemies":"Gensokyo:Reisen","floor":23.0,"turns":2.0},{"damage":33.0,"enemies":"Gensokyo:Tenshi","floor":25.0,"turns":3.0},{"damage":4.0,"enemies":"Gensokyo:3_Gloops","floor":28.0,"turns":3.0},{"damage":0.0,"enemies":"Gensokyo:Reisen","floor":31.0,"turns":2.0},{"damage":27.0,"enemies":"Gensokyo:Kaguya","floor":33.0,"turns":7.0},{"damage":0.0,"enemies":"Gensokyo:AncientGuardian","floor":35.0,"turns":1.0},{"damage":0,"enemies":"Gensokyo:3_Boulders","floor":42,"turns":2},{"damage":162,"enemies":"Gensokyo:Doremy","floor":45,"turns":5},{"damage":155,"enemies":"Gensokyo:Kasen","floor":48,"turns":5},{"damage":63,"enemies":"Gensokyo:Scarlet_Devils","floor":50,"turns":6},{"damage":61,"enemies":"Gensokyo:Scarlet_Devils","floor":51,"turns":4},{"damage":0,"enemies":"Gensokyo:Scarlet_Devils","floor":52,"turns":3},{"damage":65,"enemies":"Gensokyo:Scarlet_Devils","floor":56,"turns":3},{"damage":66,"enemies":"paleoftheancients:N","floor":60,"turns":2}],"seed_played":"1771355346251142136","potions_obtained":[{"floor":1.0,"key":"SmokeBomb"},{"floor":4.0,"key":"Energy Potion"},{"floor":10.0,"key":"DuplicationPotion"},{"floor":16.0,"key":"GamblersBrew"},{"floor":23.0,"key":"Swift Potion"},{"floor":31.0,"key":"Energy Potion"}],"is_trial":false,"path_per_floor":["M","M","$","M","COS","R","M","E","T","E","M","R","E","M","R","B",null,"M","?","M","COS","M","E","?","E","T","?","M","R","?","E","R","B",null,"M","$","?","COS","?","R","$","M","T","?","E","?","?","E","R","B","M","M","?","$","R","M","R","$","?","B",null],"character_chosen":"MARISA","items_purchased":["BrkXgEgg","Molten Egg 2","BreadOfAWashokuLover","Juzu Bracelet","AT_SilverBalance","Fruit Juice","Pantograph","BionicSphere","AT_BellDemon","Prayer Wheel","AT_RedTearstoneRing","Lee\u0027s Waffle","FairyPotion","AT_SpeedBoots","ClockworkSouvenir","Shuriken","Bag of Marbles","Gremlin Horn","Akabeko","Sling","Membership Card","AT_DeathDance","ShroomBag","DollysMirror","SimpleLauncher","Art of War","Bronze Scales","testmod-AssaultLearning","testmod-SpacePotion","Bottled Tornado","Whetstone","Kunai","Pen Nib","Bottled Flame","Turnip","testmod-Justice","Vajra","Centennial Puzzle","HornCleat"],"campfire_rested":0,"item_purchase_floors":[3,3,3,15,15,15,15,32,32,32,36,36,36,41,41,41,49,49,49,49,54,54,54,54,55,55,55,55,57,57,57,57,57,57,57,58,58,58,58],"current_hp_per_floor":[133,133,133,133,133,133,49,16,16,19,62,62,31,14,34,55,176,44,44,22,22,4,42,42,9,9,9,5,5,5,5,5,28,196,196,210,210,210,168,168,168,210,210,197,205,205,205,219,219,245,251,257,259,259,259,265,265,265,265,277],"gold":4706,"neow_bonus":"THREE_ENEMY_KILL","is_daily":false,"chose_seed":false,"campfire_upgraded":3,"win_rate":0.0,"timestamp":1609233359,"path_taken":["M","M","$","M","COS","R","M","E","T","E","?","R","E","M","R","BOSS","M","?","M","COS","M","E","?","E","T","?","M","R","?","E","R","BOSS","M","?","?","COS","?","R","$","M","T","?","E","?","?","E","R","BOSS","M","M","?","$","R","M","R","$","?","BOSS"],"items_purchased_type":["Relic","Relic","Relic","Relic","Relic","Potion","Relic","Relic","Relic","Relic","Relic","Relic","Potion","Relic","Relic","Relic","Relic","Relic","Relic","Relic","Relic","Relic","Relic","Relic","Relic","Relic","Relic","Relic","Potion","Relic","Relic","Relic","Relic","Relic","Relic","Relic","Relic","Relic","Relic"],"build_version":"2020-12-22","purchased_purges":13,"victory":true,"max_hp_per_floor":[140,140,140,140,140,140,140,140,140,140,166,166,166,166,176,176,176,176,176,176,176,176,196,196,196,196,196,196,196,196,196,196,196,196,196,210,210,210,210,210,210,218,218,197,205,205,205,219,219,245,251,257,259,259,259,265,265,265,265,277],"card_choices":[{"not_picked":["MysteriousBeam","StarBarrage"],"picked":"MeteoricShower","floor":1.0},{"not_picked":["NonDirectionalLaser","WitchOfGreed","WitchLeyline","IllusionStar","ChargeUpSpray"],"picked":"SKIP","floor":2.0},{"not_picked":["PowerUp","SporeBomb","WitchOfGreed","GalacticHalo","EnergyRecoil"],"picked":"SKIP","floor":4.0},{"not_picked":["DeepEcoloBomb+1","MagicAbsorber+1","OpenUniverse+1","AlicesGift+1"],"picked":"GasGiant+1","floor":7.0},{"not_picked":["ManaConvection","StarlightTyphoon","GrandCross+1","AsteroidBelt","MagicAbsorber"],"picked":"SKIP","floor":7.0},{"not_picked":["StarDustReverie","MaximisePower","SuperNova","FinalSpark"],"picked":"ManaRampage","floor":8.0},{"not_picked":["GrandCross+1","ShootTheMoon+1","ShootingEcho+1","GasGiant"],"picked":"BlazingStar+1","floor":8.0},{"not_picked":["MaximisePower+1","MysteriousBeam+1","Robbery+1","DC+1"],"picked":"WitchLeyline+1","floor":10.0},{"not_picked":["AsteroidBelt","DoubleSpark+1","ChargingUp","PulseMagic"],"picked":"Acceleration","floor":11.0},{"not_picked":["EnergyFlow","GravityBeat+1","DC+1","Acceleration","AsteroidBelt"],"picked":"SKIP","floor":13.0},{"not_picked":["Singularity","Acceleration","DragonMeteor+1","PowerUp","ChargeUpSpray+1"],"picked":"SKIP","floor":14.0},{"not_picked":["MillisecondPulsars+1","BlazingStar+1","ManaRampage+1","CasketOfStar+1"],"picked":"SuperNova+1","floor":16.0},{"not_picked":["SuperPerseids","NonDirectionalLaser+1","ShootingEcho+1","AlicesGift+1","IllusionStar"],"picked":"SKIP","floor":18.0},{"not_picked":["GrandCross+1","Robbery+1","PulseMagic","Singularity","DoubleSpark+1"],"picked":"SKIP","floor":20.0},{"not_picked":["DragonMeteor+1","6A+1","MysteriousBeam+1","DC+1"],"picked":"WitchLeyline+1","floor":21.0},{"not_picked":["ShootingEcho+1","UnstableBomb+1","SporeBomb","GrandCross+1"],"picked":"MachineGunSpark+1","floor":21.0},{"not_picked":["DarkMatter","IllusionStar","MagicAbsorber","SporeBomb"],"picked":"GasGiant","floor":22.0},{"not_picked":["Occultation+1","IllusionStar+1","UnstableBomb+1","GravityBeat+1","ManaConvection+1"],"picked":"SKIP","floor":22.0},{"not_picked":["AbsoluteMagnitude+1","EnergyRecoil","DC+1","6A+1","AsteroidBelt"],"picked":"SKIP","floor":23.0},{"not_picked":["ShootingEcho+1","MeteoricShower+1","LuminesStrike+1","SuperPerseids"],"picked":"Acceleration","floor":25.0},{"not_picked":["ManaRampage","BlazingStar","BigCrunch","SuperNova"],"picked":"CollectingQuirk","floor":28.0},{"not_picked":["DarkMatter","OortCloud","ChargingUp","SporeBomb","OrrerysSun"],"picked":"SKIP","floor":28.0},{"not_picked":["MeteoricShower+1","DoubleSpark+1","LuminesStrike+1","RefractionSpark+1"],"picked":"UltimateShortwave+1","floor":31.0},{"not_picked":["FinalSpark+1","JA+1","StarDustReverie+1","BinaryStars+1"],"picked":"CasketOfStar+1","floor":33.0},{"not_picked":["IllusionStar","ShootingEcho+1","WitchLeyline+1","MysteriousBeam+1","ShootTheMoon+1"],"picked":"SKIP","floor":35.0},{"not_picked":["DragonMeteor+1","MachineGunSpark+1","6A+1","ShootingEcho+1","AsteroidBelt"],"picked":"SKIP","floor":35.0},{"not_picked":["IllusionStar","ShootingEcho+1","WitchLeyline+1","MysteriousBeam+1","ShootTheMoon+1"],"picked":"SKIP","floor":35.0},{"not_picked":["DragonMeteor+1","MachineGunSpark+1","6A+1","ShootingEcho+1","AsteroidBelt"],"picked":"SKIP","floor":35.0},{"not_picked":["GalacticHalo","ShootTheMoon+1","WitchOfGreed+1","DoubleSpark+1"],"picked":"UltimateShortwave+1","floor":42},{"not_picked":["Acceleration","Robbery+1","EnergyFlow","EarthLightRay","WitchOfGreed"],"picked":"SKIP","floor":42},{"not_picked":["OpenUniverse","PropBag+1","MilkyWay+1","SuperPerseids","CollectingQuirk+1"],"picked":"SKIP","floor":45},{"not_picked":["TreasureHunter","SatelliteIllusion","BigCrunch","BinaryStars"],"picked":"EscapeVelocity","floor":48},{"not_picked":["MeteoricShower+1","NonDirectionalLaser+1","DragonMeteor+1","DoubleSpark+1","Occultation"],"picked":"SKIP","floor":48},{"not_picked":["EnergyRecoil","IllusionStar","Acceleration+1","ShootingEcho+1","JA+1"],"picked":"SKIP","floor":51},{"not_picked":["LuminesStrike+1","WitchLeyline+1","6A+1","ShootingEcho+1","OortCloud"],"picked":"SKIP","floor":51},{"not_picked":["UnstableBomb+1","MysteriousBeam+1","SuperPerseids","StarlightTyphoon","PulseMagic"],"picked":"SKIP","floor":52},{"not_picked":["GalacticHalo+1","IllusionStar","PowerUp","SuperPerseids","BlazeAway"],"picked":"SKIP","floor":52},{"not_picked":["ChargeUpSpray+1","GrandCross+1","GalacticHalo+1","LuminesStrike+1","SporeBomb"],"picked":"SKIP","floor":56},{"not_picked":["NonDirectionalLaser+1","MagicChant","LuminesStrike+1","SporeBomb+1","GalacticHalo"],"picked":"SKIP","floor":56}],"player_experience":815726,"relics_obtained":[{"floor":1.0,"key":"SynthV:TestCard"},{"floor":8.0,"key":"testmod-LifeArmor"},{"floor":10.0,"key":"testmod-CasingShield"},{"floor":13.0,"key":"Happy Flower"},{"floor":23.0,"key":"Pear"},{"floor":25.0,"key":"Matryoshka"},{"floor":26.0,"key":"Lantern"},{"floor":26.0,"key":"AT_MibuBalloonWealth"},{"floor":31.0,"key":"testmod-Alchemist"},{"floor":33.0,"key":"Meat on the Bone"},{"floor":35.0,"key":"Mercury Hourglass"},{"floor":42,"key":"testmod-Nyarlathotep"},{"floor":43,"key":"MealTicket"},{"floor":43,"key":"AT_ImmortalShieldbow"},{"floor":45,"key":"Boot"},{"floor":45,"key":"War Paint"},{"floor":48,"key":"AT_ForceNature"},{"floor":48,"key":"testmod-IndustrialRevolution"},{"floor":51,"key":"AT_BladeRuinedKing"},{"floor":52,"key":"testmod-TurbochargingSystem"},{"floor":56,"key":"Bottled Lightning"}],"event_choices":[{"damage_healed":0.0,"max_hp_gain":0.0,"max_hp_loss":0.0,"gold_gain":400.0,"event_name":"恩洛斯的盘子","player_choice":"Sell","floor":30.0,"relics_lost":["DaveBox"],"gold_loss":0.0,"damage_taken":0.0},{"damage_healed":0,"gold_gain":0,"player_choice":"Ignored","damage_taken":0,"max_hp_gain":0,"max_hp_loss":0,"event_name":"给自己的盒子","floor":47,"gold_loss":0},{"damage_healed":0,"gold_gain":50,"player_choice":"Pray","damage_taken":0,"max_hp_gain":0,"max_hp_loss":0,"event_name":"Golden Shrine","floor":53,"gold_loss":0}],"is_beta":false,"boss_relics":[{"not_picked":["testmod-Prudence","TimeKeys"],"picked":"xbg"},{"not_picked":["Runic Pyramid","RhineFirstAidKit"],"picked":"testmod-SaigiyounoYou"}],"items_purged_floors":[3,15,32,32,36,41,49,54,54,55,57,58,58],"is_endless":false,"potions_floor_spawned":[1,4,10,14,16,18,20,23,28,31,42,56],"ascension_level":16}}