{"host":"qwv9nni2x0umspiu","time":1609210008,"event":{"mods":["BaseMod","Downfall","Minty Spire (QoL Compilation)","Replay The Spire","StSLib","The Hierophant","Wandering Minibosses"],"gold_per_floor":[113,188,188,17,17,52,52,72,72,71,86,103,114,39,39,39,39],"floor_reached":16,"playtime":486,"items_purged":["hierophant:Defend_Hierophant"],"score":286,"play_id":"033d6138-9e35-4221-912f-af2bfaf44e66","local_time":"20201228184648","is_ascension_mode":true,"campfire_choices":[{"data":"hierophant:ChurchCoffers","floor":7,"key":"SMITH"},{"data":"hierophant:Punish","floor":15,"key":"SMITH"}],"circlet_count":0,"master_deck":["AscendersBane","hierophant:Strike_Hierophant","hierophant:Strike_Hierophant","hierophant:Strike_Hierophant","hierophant:Strike_Hierophant","hierophant:Punish+1","hierophant:Defend_Hierophant","hierophant:Defend_Hierophant","hierophant:Defend_Hierophant","hierophant:ChurchCoffers+1","hierophant:Smite","hierophant:ChurchCoffers+1","hierophant:Zeal","hierophant:Shelter"],"relics":["hierophant:PropheticMaskRelic","NeowsBlessing","DollysMirror","Mango","Snack Pack","Replay:Baseball","Question Card"],"acts_visited":["Exordium"],"potions_floor_usage":[12,13,16],"damage_taken":[{"damage":0,"enemies":"2 Louse","floor":1,"turns":1},{"damage":0,"enemies":"3 Sentries","floor":6,"turns":1},{"damage":0,"enemies":"Small Slimes","floor":8,"turns":1},{"damage":24,"enemies":"Lagavulin","floor":10,"turns":5},{"damage":0,"enemies":"Cultist","floor":11,"turns":2},{"damage":11,"enemies":"Gremlin Nob","floor":12,"turns":3},{"damage":0,"enemies":"Exordium Thugs","floor":13,"turns":1},{"damage":65,"enemies":"The Guardian","floor":16,"turns":8}],"seed_played":"-420985815829419947","potions_obtained":[{"floor":10,"key":"champ:CounterPotion"},{"floor":11,"key":"Venom Potion"},{"floor":12,"key":"AttackPotion"}],"is_trial":false,"path_per_floor":["M","?","?","$","?","E","R","M","T","E","M","E","M","$","R","B"],"character_chosen":"HIEROPHANT","items_purchased":["DollysMirror"],"campfire_rested":0,"item_purchase_floors":[4],"current_hp_per_floor":[68,57,57,57,57,71,71,71,71,53,57,50,52,52,52,0,0],"gold":39,"neow_bonus":"THREE_ENEMY_KILL","is_daily":false,"chose_seed":false,"campfire_upgraded":2,"win_rate":0.0,"timestamp":1609210008,"path_taken":["M","?","?","$","?","E","R","?","T","E","M","E","M","$","R","BOSS"],"items_purchased_type":["Relic"],"build_version":"2020-12-22","purchased_purges":1,"victory":false,"max_hp_per_floor":[75,75,75,75,75,89,89,89,89,89,89,89,89,89,89,89,89],"card_choices":[{"not_picked":["hierophant:EyeForCoin","hierophant:Zeal"],"picked":"hierophant:Smite","floor":1},{"not_picked":["hierophant:RustyCrate","hierophant:OrnateJavelin","hierophant:Patience"],"picked":"SKIP","floor":6},{"not_picked":["hierophant:ThreeLashes","hierophant:Doubloon"],"picked":"hierophant:Zeal","floor":8},{"not_picked":["hierophant:Cornucopia","hierophant:Charity","hierophant:Smite"],"picked":"SKIP","floor":10},{"not_picked":["hierophant:Bribe","hierophant:Martyrdom","hierophant:FieryStrike"],"picked":"SKIP","floor":11},{"not_picked":["hierophant:Remorse","hierophant:LocustPlague"],"picked":"hierophant:Shelter","floor":12},{"not_picked":["hierophant:ArchangelShield","hierophant:RustyCrate","hierophant:AuricBeam","hierophant:Shelter"],"picked":"SKIP","floor":13}],"player_experience":1323427,"relics_obtained":[{"floor":6,"key":"Mango"},{"floor":9,"key":"Snack Pack"},{"floor":10,"key":"Replay:Baseball"},{"floor":12,"key":"Question Card"}],"event_choices":[{"damage_healed":0,"gold_gain":75,"player_choice":"Gather Gold","damage_taken":11,"max_hp_gain":0,"max_hp_loss":0,"event_name":"World of Goop","floor":2,"gold_loss":0},{"damage_healed":0,"gold_gain":0,"player_choice":"Upgraded","damage_taken":0,"max_hp_gain":0,"max_hp_loss":0,"event_name":"Upgrade Shrine","floor":5,"gold_loss":0,"cards_upgraded":["hierophant:ChurchCoffers"]}],"is_beta":false,"boss_relics":[],"items_purged_floors":[14],"is_endless":false,"potions_floor_spawned":[10,11,12],"killed_by":"The Guardian","ascension_level":20}}