{"host":"5fasz840ryq7obdf","time":1609248659,"event":{"mods":["AchievementEnabler","BaseMod","Bestiary","Better Altar","Better Skull","Better Third Choice","BetterRewards","Block Reminder","Colored Powertips","Curses Come First","Highlight Path","Minty Spire (QoL Compilation)","Quick Restart","Rare Cards Sparkle","Relic Sorter","Relic Stats","Shop Mod","Slay-I","Spicy Shops","StSLib","SuperFastMode"],"gold_per_floor":[112,45,82,0,0,34,34,61,114,140,140,140,140,5,5,79,79,97,17,32,32,32,67,67,112,112,125,155,199,249,277,277,351,351,389,389,401,256,256,256,281,281,281,315,315,39,39,55,55,55,55,55,55,13,44,44,44],"floor_reached":56,"playtime":5122,"items_purged":["Strike_P","Regret"],"score":2725,"play_id":"ea52e3b9-c86f-4283-9611-6995720d4396","local_time":"20201229133059","is_ascension_mode":true,"campfire_choices":[{"floor":7.0,"key":"REST"},{"floor":11.0,"key":"REST"},{"data":"CrushJoints","floor":15.0,"key":"SMITH"},{"floor":24.0,"key":"RECALL"},{"data":"Omniscience","floor":32.0,"key":"SMITH"},{"data":"Ragnarok","floor":40.0,"key":"SMITH"},{"data":"WreathOfFlame","floor":42.0,"key":"SMITH"},{"data":"MentalFortress","floor":47.0,"key":"SMITH"},{"data":"Wish","floor":49.0,"key":"SMITH"},{"data":"TalkToTheHand","floor":53.0,"key":"SMITH"}],"circlet_count":0,"master_deck":["AscendersBane","Strike_P+1","Strike_P+1","Defend_P+1","Defend_P+1","Defend_P+1","Eruption+1","Vigilance","Nirvana+1","EmptyMind+1","LessonLearned+1","EmptyBody","Wish+1","CutThroughFate+1","SashWhip+1","FlurryOfBlows+1","Protect+1","LikeWater+1","CutThroughFate+1","CrushJoints+1","MentalFortress+1","Ragnarok+1","Tantrum","Consecrate+1","Protect","WreathOfFlame+1","Halt","Omniscience+1","CrushJoints","Ragnarok","Vengeance","Brilliance","TalkToTheHand+1","Trip+1","Madness","Madness","Tantrum","EmptyMind+1","Crescendo+1","Swivel","FlurryOfBlows","FlyingSleeves","ClearTheMind","EmptyBody+1","Protect","SashWhip+1"],"relics":["PureWater","TeardropLocket","Lantern","HandDrill","Pen Nib","Nunchaku","Happy Flower","Orichalcum","MealTicket","Blood Vial","Oddly Smooth Stone","The Courier","StrikeDummy","VioletLotus","MutagenicStrength","Meat on the Bone","Gremlin Horn","Bottled Tornado","Ornamental Fan","SlaversCollar","Boot","Akabeko","Dream Catcher","Orrery","Vajra","Whetstone"],"acts_visited":["Exordium","TheCity","TheBeyond","TheEnding"],"potions_floor_usage":[56],"damage_taken":[{"damage":1.0,"enemies":"Jaw Worm","floor":1.0,"turns":3.0},{"damage":2.0,"enemies":"Small Slimes","floor":3.0,"turns":4.0},{"damage":11.0,"enemies":"Lagavulin","floor":6.0,"turns":6.0},{"damage":7.0,"enemies":"3 Sentries","floor":8.0,"turns":5.0},{"damage":18.0,"enemies":"Gremlin Nob","floor":10.0,"turns":4.0},{"damage":0.0,"enemies":"Slime Boss","floor":16.0,"turns":5.0},{"damage":25.0,"enemies":"Shell Parasite","floor":18.0,"turns":6.0},{"damage":3.0,"enemies":"2 Thieves","floor":20.0,"turns":4.0},{"damage":19.0,"enemies":"Slavers","floor":23.0,"turns":5.0},{"damage":15.0,"enemies":"Snake Plant","floor":25.0,"turns":6.0},{"damage":0.0,"enemies":"Snecko","floor":27.0,"turns":3.0},{"damage":4.0,"enemies":"Book of Stabbing","floor":28.0,"turns":3.0},{"damage":0.0,"enemies":"Centurion and Healer","floor":29.0,"turns":9.0},{"damage":0.0,"enemies":"Gremlin Leader","floor":31.0,"turns":3.0},{"damage":14.0,"enemies":"Automaton","floor":33.0,"turns":8.0},{"damage":22.0,"enemies":"Orb Walker","floor":35.0,"turns":5.0},{"damage":10.0,"enemies":"3 Darklings","floor":37.0,"turns":4.0},{"damage":1.0,"enemies":"Nemesis","floor":41.0,"turns":6.0},{"damage":0.0,"enemies":"Reptomancer","floor":44.0,"turns":2.0},{"damage":8.0,"enemies":"Maw","floor":48.0,"turns":7.0},{"damage":1.0,"enemies":"Awakened One","floor":50.0,"turns":5.0},{"damage":57.0,"enemies":"Time Eater","floor":51.0,"turns":7.0},{"damage":16.0,"enemies":"Shield and Spear","floor":55.0,"turns":3.0},{"damage":59,"enemies":"The Heart","floor":56,"turns":8}],"seed_played":"-1945372740228148695","potions_obtained":[{"floor":3.0,"key":"SteroidPotion"},{"floor":8.0,"key":"SpeedPotion"},{"floor":20.0,"key":"Block Potion"},{"floor":27.0,"key":"Block Potion"},{"floor":29.0,"key":"Ancient Potion"},{"floor":33.0,"key":"EssenceOfSteel"},{"floor":37.0,"key":"Strength Potion"},{"floor":44.0,"key":"BottledMiracle"},{"floor":55.0,"key":"SpeedPotion"}],"is_trial":false,"path_per_floor":["M","$","M","$","?","E","R","E","T","E","R","T","?","$","R","B",null,"M","$","M","?","?","E","R","M","T","M","E","M","?","E","R","B",null,"M","?","M","$","?","R","E","R","T","E","?","$","R","M","R","B","B",null,"R","$","E","B"],"character_chosen":"WATCHER","items_purchased":["TeardropLocket","Nirvana","EmptyMind","LessonLearned","Lantern","HandDrill","EmptyBody","Wish","Pen Nib","Nunchaku","CutThroughFate","SashWhip","Happy Flower","Orichalcum","MentalFortress","Trip","Boot","Orrery","Vajra","ClearTheMind","Protect"],"campfire_rested":2,"item_purchase_floors":[0,0,0,0,0,0,0,0,0,0,0,0,2,4,14,38,38,46,46,46,54],"current_hp_per_floor":[18,18,16,16,16,5,25,18,18,2,22,22,44,59,59,61,66,43,58,57,57,57,40,40,39,39,41,39,41,41,43,43,43,62,42,42,46,61,49,49,50,50,50,52,52,67,67,60,60,61,18,56,56,68,52,0,0],"gold":44,"neow_bonus":"","is_daily":false,"chose_seed":false,"campfire_upgraded":7,"win_rate":0.0,"timestamp":1609248659,"path_taken":["M","$","M","$","?","E","R","E","T","E","R","?","?","?","R","BOSS","M","$","M","?","?","E","R","M","T","M","E","M","?","E","R","BOSS","M","?","M","?","?","R","E","R","T","E","?","$","R","M","R","BOSS","BOSS","R","$","E","BOSS"],"items_purchased_type":["Relic","Card","Card","Card","Relic","Relic","Card","Card","Relic","Relic","Card","Card","Relic","Relic","Card","Card","Relic","Relic","Relic","Card","Card"],"build_version":"2020-12-22","purchased_purges":2,"victory":false,"max_hp_per_floor":[68,68,68,68,68,68,68,68,68,68,68,68,68,68,68,68,68,68,68,68,68,68,68,68,68,68,68,68,68,68,68,68,68,68,68,68,68,68,68,68,68,68,68,68,68,68,68,68,68,68,68,68,68,68,68,68,68],"relic_stats":{"Happy Flower":[52],"Gremlin Horn":[50,52],"counters":[56,263],"Pen Nib":[51],"Whetstone":["FlurryOfBlows","SashWhip"],"Orichalcum":[114],"Boot":[42],"Blood Vial":37,"Nunchaku":[28],"Dream Catcher":2,"Ornamental Fan":[140],"MealTicket":72,"VioletLotus":[27],"HandDrill":[34],"obtain_stats":[{"Darkstone Periapt":44,"Lantern":9,"Gremlin Horn":0,"CeramicFish":0,"Vajra":0,"Incense Burner":22,"TeardropLocket":0,"Whetstone":55,"Bottled Tornado":28,"Smiling Mask":25,"Boot":38,"Blood Vial":8,"Dream Catcher":13,"Nunchaku":0,"Prayer Wheel":42,"MealTicket":6,"VioletLotus":17,"HandDrill":0,"Kunai":22,"Runic Pyramid":17,"Potion Belt":40,"Happy Flower":42,"Oddly Smooth Stone":22,"Damaru":26,"Pen Nib":6,"The Courier":10,"Omamori":48,"Letter Opener":44,"Frozen Egg 2":48,"Orichalcum":4,"Akabeko":41,"Strange Spoon":0,"SlaversCollar":34,"Anchor":40,"Ornamental Fan":31,"MutagenicStrength":22,"Orrery":46,"Turnip":30,"Bag of Marbles":0,"Black Star":34,"Membership Card":0,"PureWater":0,"StrikeDummy":10,"Meat on the Bone":23},{"Darkstone Periapt":27,"Lantern":5,"Gremlin Horn":0,"CeramicFish":0,"Vajra":0,"Incense Burner":14,"TeardropLocket":32,"Whetstone":55,"Bottled Tornado":44,"Smiling Mask":16,"Boot":49,"Blood Vial":36,"Dream Catcher":9,"Nunchaku":32,"Prayer Wheel":26,"MealTicket":35,"VioletLotus":38,"HandDrill":32,"Kunai":14,"Runic Pyramid":11,"Potion Belt":25,"Happy Flower":26,"Oddly Smooth Stone":14,"Damaru":16,"Pen Nib":4,"The Courier":37,"Omamori":30,"Letter Opener":27,"Frozen Egg 2":30,"Orichalcum":34,"Akabeko":50,"Strange Spoon":0,"SlaversCollar":47,"Anchor":25,"Ornamental Fan":46,"MutagenicStrength":40,"Orrery":51,"Turnip":18,"Bag of Marbles":0,"Black Star":20,"Membership Card":0,"PureWater":0,"StrikeDummy":6,"Meat on the Bone":41},{"Darkstone Periapt":110,"Lantern":11,"Gremlin Horn":0,"CeramicFish":0,"Vajra":0,"Incense Burner":41,"TeardropLocket":142,"Whetstone":255,"Bottled Tornado":196,"Smiling Mask":48,"Boot":225,"Blood Vial":160,"Dream Catcher":24,"Nunchaku":142,"Prayer Wheel":103,"MealTicket":155,"VioletLotus":169,"HandDrill":142,"Kunai":41,"Runic Pyramid":32,"Potion Belt":96,"Happy Flower":103,"Oddly Smooth Stone":41,"Damaru":48,"Pen Nib":9,"The Courier":164,"Omamori":126,"Letter Opener":110,"Frozen Egg 2":126,"Orichalcum":149,"Akabeko":231,"Strange Spoon":0,"SlaversCollar":216,"Anchor":96,"Ornamental Fan":208,"MutagenicStrength":179,"Orrery":233,"Turnip":59,"Bag of Marbles":0,"Black Star":74,"Membership Card":0,"PureWater":0,"StrikeDummy":15,"Meat on the Bone":184}],"Meat on the Bone":48},"card_choices":[{"not_picked":["Crescendo","ThirdEye"],"picked":"FlurryOfBlows","floor":1.0},{"not_picked":["Crescendo","WreathOfFlame"],"picked":"Protect","floor":3.0},{"not_picked":["WaveOfTheHand","SignatureMove"],"picked":"LikeWater","floor":6.0},{"not_picked":["SashWhip","PathToVictory"],"picked":"CutThroughFate","floor":8.0},{"not_picked":["FollowUp","Pray"],"picked":"CrushJoints","floor":10.0},{"not_picked":["SpiritShield","Wish"],"picked":"Ragnarok","floor":16.0},{"not_picked":["Conclude","FlyingSleeves"],"picked":"Tantrum","floor":18.0},{"not_picked":["Adaptation","Collect"],"picked":"Consecrate","floor":20.0},{"not_picked":["ReachHeaven","Fasting2"],"picked":"Protect","floor":23.0},{"not_picked":["Vengeance","Consecrate"],"picked":"WreathOfFlame","floor":25.0},{"not_picked":["Evaluate","BowlingBash"],"picked":"Halt","floor":27.0},{"not_picked":["ClearTheMind","Adaptation"],"picked":"Omniscience","floor":28.0},{"not_picked":["FlyingSleeves","SignatureMove"],"picked":"CrushJoints","floor":29.0},{"not_picked":["EmptyFist","Protect","BowlingBash"],"picked":"SKIP","floor":31.0},{"not_picked":["ConjureBlade","DevaForm"],"picked":"Ragnarok","floor":33.0},{"not_picked":["EmptyBody","Prostrate"],"picked":"Vengeance","floor":35.0},{"not_picked":["Study","CarveReality"],"picked":"TalkToTheHand","floor":37.0},{"not_picked":["Evaluate","CrushJoints"],"picked":"Tantrum","floor":41.0},{"not_picked":["FlyingSleeves","DevaForm","CrushJoints"],"picked":"SKIP","floor":44.0},{"not_picked":["Prostrate+1","Halt"],"picked":"EmptyMind+1","floor":46.0},{"not_picked":["Evaluate","WheelKick"],"picked":"Crescendo+1","floor":46.0},{"not_picked":["CrushJoints","DevaForm"],"picked":"Swivel","floor":46.0},{"not_picked":["CutThroughFate+1","Halt"],"picked":"FlurryOfBlows","floor":46.0},{"not_picked":["Prostrate","Fasting2"],"picked":"FlyingSleeves","floor":46.0},{"not_picked":["Worship+1","Devotion"],"picked":"EmptyBody+1","floor":48.0},{"not_picked":["BowlingBash","Study"],"picked":"SashWhip","floor":55.0}],"player_experience":1246365,"relics_obtained":[{"floor":6.0,"key":"MealTicket"},{"floor":8.0,"key":"Blood Vial"},{"floor":9.0,"key":"Oddly Smooth Stone"},{"floor":10.0,"key":"The Courier"},{"floor":12.0,"key":"StrikeDummy"},{"floor":23.0,"key":"Meat on the Bone"},{"floor":26.0,"key":"Gremlin Horn"},{"floor":28.0,"key":"Bottled Tornado"},{"floor":31.0,"key":"Ornamental Fan"},{"floor":41.0,"key":"Akabeko"},{"floor":44.0,"key":"Dream Catcher"},{"floor":55.0,"key":"Whetstone"}],"event_choices":[{"damage_healed":0.0,"max_hp_gain":0.0,"max_hp_loss":0.0,"gold_gain":0.0,"event_name":"Living Wall","player_choice":"Grow","floor":5.0,"gold_loss":0.0,"damage_taken":0.0,"cards_upgraded":["Eruption"]},{"damage_healed":22.0,"max_hp_gain":0.0,"max_hp_loss":0.0,"gold_gain":0.0,"event_name":"Big Fish","player_choice":"Banana","floor":13.0,"gold_loss":0.0,"damage_taken":0.0},{"damage_healed":0.0,"max_hp_gain":0.0,"max_hp_loss":0.0,"gold_gain":0.0,"event_name":"Cursed Tome","player_choice":"Ignored","floor":21.0,"gold_loss":0.0,"damage_taken":0.0},{"damage_healed":0.0,"max_hp_gain":0.0,"max_hp_loss":0.0,"gold_gain":0.0,"event_name":"Drug Dealer","player_choice":"Inject Mutagens","floor":22.0,"gold_loss":0.0,"damage_taken":0.0,"relics_obtained":["MutagenicStrength"]},{"damage_healed":0.0,"max_hp_gain":0.0,"max_hp_loss":0.0,"gold_gain":50.0,"event_name":"betterThird:BetterNest","player_choice":"Steal","floor":30.0,"gold_loss":0.0,"damage_taken":0.0},{"damage_healed":0.0,"max_hp_gain":0.0,"max_hp_loss":0.0,"gold_gain":0.0,"cards_transformed":["Defend_P"],"event_name":"Transmorgrifier","player_choice":"Transformed","floor":36.0,"gold_loss":0.0,"damage_taken":0.0,"cards_obtained":["Brilliance"]},{"damage_healed":0.0,"max_hp_gain":0.0,"max_hp_loss":0.0,"gold_gain":0.0,"event_name":"Winding Halls","player_choice":"Embrace Madness","floor":39.0,"gold_loss":0.0,"damage_taken":12.0,"cards_obtained":["Madness","Madness"]},{"cards_removed":["Strike_P"],"damage_healed":0.0,"max_hp_gain":0.0,"max_hp_loss":0.0,"gold_gain":0.0,"event_name":"Purifier","player_choice":"Purged","floor":45.0,"gold_loss":0.0,"damage_taken":0.0}],"is_beta":false,"boss_relics":[{"not_picked":["SacredBark","Empty Cage"],"picked":"VioletLotus"},{"not_picked":["Fusion Hammer","HolyWater"],"picked":"SlaversCollar"}],"items_purged_floors":[0,19],"is_endless":false,"potions_floor_spawned":[3,8,20,27,29,33,37,44,55],"killed_by":"The Heart","ascension_level":20}}