{"host":"s1gi8xs3so6zkrm7","time":1609215027,"event":{"mods":["BaseMod","Filter the Spire","Minty Spire (QoL Compilation)"],"gold_per_floor":[117,117,170,170,184,184,216,11,81,81,94,94,110,143,143,246,246,265,284,284,296,25,25,57,57,57,57,89,89,108,133,133,229,229,246,246,246,0,17,17,28,28,54,54,85,85,105,105,105,105],"floor_reached":51,"playtime":6264,"items_purged":["Strike_R+1","Strike_R+1"],"score":1018,"play_id":"84dd1156-75b6-40f4-a339-e6cb51c042d9","local_time":"20201228221027","is_ascension_mode":true,"campfire_choices":[{"data":"Infernal Blade","floor":6,"key":"SMITH"},{"data":"Double Tap","floor":10,"key":"SMITH"},{"data":"Flex","floor":12,"key":"SMITH"},{"data":"1","floor":15,"key":"LIFT"},{"data":"2","floor":23,"key":"LIFT"},{"data":"3","floor":25,"key":"LIFT"},{"data":"Heavy Blade","floor":27,"key":"SMITH"},{"data":"Double Tap","floor":32,"key":"SMITH"},{"data":"Spot Weakness","floor":40,"key":"SMITH"},{"data":"Bash","floor":42,"key":"SMITH"},{"data":"Cleave","floor":44,"key":"SMITH"},{"data":"Clash","floor":46,"key":"SMITH"},{"data":"Clash","floor":49,"key":"SMITH"}],"circlet_count":0,"master_deck":["Strike_R+1","Strike_R+1","Strike_R+1","Defend_R+1","Defend_R+1","Defend_R+1","Defend_R+1","Bash+1","Infernal Blade+1","Flex+1","Double Tap+1","Cleave+1","Spot Weakness+1","Clash+1","Heavy Blade+1","Clash+1","Double Tap+1","Juggernaut"],"relics":["Busted Crown","Blood Vial","InkBottle","Eternal Feather","Girya","Runic Cube","Red Skull","Boot","Bottled Lightning","Omamori","Kunai","Juzu Bracelet","Cursed Key","Sling","Art of War","Bag of Preparation"],"acts_visited":["Exordium","TheCity","TheBeyond"],"potions_floor_usage":[33,50,50],"damage_taken":[{"damage":8,"enemies":"2 Louse","floor":1,"turns":2},{"damage":7,"enemies":"Jaw Worm","floor":5,"turns":2},{"damage":29,"enemies":"3 Sentries","floor":7,"turns":10},{"damage":0,"enemies":"Small Slimes","floor":11,"turns":3},{"damage":7,"enemies":"3 Louse","floor":13,"turns":4},{"damage":0,"enemies":"Lagavulin","floor":14,"turns":2},{"damage":0,"enemies":"Slime Boss","floor":16,"turns":3},{"damage":11,"enemies":"Spheric Guardian","floor":18,"turns":3},{"damage":2,"enemies":"Chosen","floor":19,"turns":2},{"damage":7,"enemies":"Centurion and Healer","floor":21,"turns":3},{"damage":30,"enemies":"Book of Stabbing","floor":24,"turns":4},{"damage":7,"enemies":"Slavers","floor":28,"turns":4},{"damage":0,"enemies":"3 Cultists","floor":30,"turns":3},{"damage":9,"enemies":"Gremlin Leader","floor":31,"turns":3},{"damage":38,"enemies":"Collector","floor":33,"turns":6},{"damage":24,"enemies":"3 Darklings","floor":35,"turns":3},{"damage":19,"enemies":"3 Shapes","floor":39,"turns":3},{"damage":6,"enemies":"Transient","floor":41,"turns":5},{"damage":0,"enemies":"Reptomancer","floor":45,"turns":3},{"damage":4,"enemies":"Writhing Mass","floor":47,"turns":2},{"damage":60,"enemies":"Donu and Deca","floor":50,"turns":6}],"seed_played":"-1783373649904828189","potions_obtained":[{"floor":1,"key":"BlessingOfTheForge"},{"floor":7,"key":"Dexterity Potion"},{"floor":14,"key":"PowerPotion"},{"floor":31,"key":"BloodPotion"},{"floor":35,"key":"PowerPotion"},{"floor":37,"key":"AttackPotion"}],"is_trial":false,"path_per_floor":["M","?","T","?","M","R","E","$","T","R","M","R","M","E","R","B",null,"M","M","?","M","$","R","E","R","T","R","E","?","M","E","R","B",null,"M","?","?","$","M","R","M","R","T","R","E","R","M","?","R","B",null],"character_chosen":"IRONCLAD","items_purchased":["Double Tap","Cleave","Heavy Blade","Red Skull","Sling"],"campfire_rested":0,"item_purchase_floors":[8,8,22,22,38],"current_hp_per_floor":[72,77,77,60,55,55,28,28,28,34,36,42,37,39,48,50,76,67,67,67,62,62,71,43,52,52,61,56,56,58,51,60,24,70,48,48,48,48,31,40,36,45,45,54,56,65,63,63,72,30],"gold":105,"neow_bonus":"BOSS_RELIC","is_daily":false,"chose_seed":false,"campfire_upgraded":10,"win_rate":0.0,"timestamp":1609215027,"path_taken":["M","?","?","?","M","R","E","$","T","R","M","R","M","E","R","BOSS","M","M","?","M","$","R","E","R","T","R","E","?","?","E","R","BOSS","M","?","?","$","M","R","M","R","T","R","E","R","M","?","R","BOSS"],"items_purchased_type":["Card","Card","Card","Relic","Relic"],"build_version":"2020-12-22","purchased_purges":2,"victory":true,"max_hp_per_floor":[80,85,85,85,85,85,85,85,85,85,85,85,85,85,85,85,85,85,85,85,85,85,85,85,85,85,85,85,85,85,85,85,85,85,85,81,81,81,81,81,81,81,81,81,81,81,81,81,81,81],"card_choices":[{"not_picked":[],"picked":"Infernal Blade","floor":1},{"not_picked":[],"picked":"Flex","floor":5},{"not_picked":["True Grit"],"picked":"SKIP","floor":7},{"not_picked":["Headbutt"],"picked":"SKIP","floor":11},{"not_picked":[],"picked":"Spot Weakness","floor":13},{"not_picked":["Pommel Strike"],"picked":"SKIP","floor":14},{"not_picked":["Clothesline"],"picked":"SKIP","floor":18},{"not_picked":["Wild Strike"],"picked":"SKIP","floor":19},{"not_picked":[],"picked":"Clash","floor":21},{"not_picked":["Anger"],"picked":"SKIP","floor":24},{"not_picked":["Disarm"],"picked":"SKIP","floor":28},{"not_picked":[],"picked":"Clash","floor":30},{"not_picked":[],"picked":"Double Tap","floor":31},{"not_picked":[],"picked":"Juggernaut","floor":33},{"not_picked":["Sword Boomerang+1"],"picked":"SKIP","floor":35},{"not_picked":["Cleave"],"picked":"SKIP","floor":39},{"not_picked":["Rampage"],"picked":"SKIP","floor":41},{"not_picked":["Anger"],"picked":"SKIP","floor":45},{"not_picked":["Sword Boomerang"],"picked":"SKIP","floor":47}],"player_experience":207220,"relics_obtained":[{"floor":3,"key":"Blood Vial"},{"floor":7,"key":"InkBottle"},{"floor":9,"key":"Eternal Feather"},{"floor":14,"key":"Girya"},{"floor":24,"key":"Boot"},{"floor":26,"key":"Bottled Lightning"},{"floor":28,"key":"Omamori"},{"floor":31,"key":"Juzu Bracelet"},{"floor":43,"key":"Art of War"},{"floor":45,"key":"Bag of Preparation"}],"event_choices":[{"damage_healed":0,"gold_gain":0,"player_choice":"Donut","damage_taken":0,"max_hp_gain":5,"max_hp_loss":0,"event_name":"Big Fish","floor":2,"gold_loss":0},{"damage_healed":0,"gold_gain":0,"player_choice":"Entered Light","damage_taken":17,"max_hp_gain":0,"max_hp_loss":0,"event_name":"Shining Light","floor":4,"gold_loss":0,"cards_upgraded":["Defend_R","Defend_R"]},{"damage_healed":0,"gold_gain":0,"player_choice":"Simplicity","damage_taken":0,"max_hp_gain":0,"max_hp_loss":0,"event_name":"Back to Basics","floor":20,"gold_loss":0,"cards_upgraded":["Strike_R","Strike_R","Strike_R","Strike_R","Strike_R","Defend_R","Defend_R"]},{"damage_healed":0,"gold_gain":0,"player_choice":"Opened","damage_taken":0,"relics_obtained":["Kunai"],"max_hp_gain":0,"max_hp_loss":0,"event_name":"The Mausoleum","floor":29,"gold_loss":0},{"damage_healed":0,"gold_gain":0,"player_choice":"Max HP","damage_taken":0,"max_hp_gain":0,"max_hp_loss":4,"event_name":"Winding Halls","floor":36,"gold_loss":0},{"damage_healed":0,"gold_gain":0,"player_choice":"Got Potions","damage_taken":0,"max_hp_gain":0,"max_hp_loss":0,"event_name":"Lab","floor":37,"gold_loss":0},{"damage_healed":0,"gold_gain":0,"player_choice":"Memory 1","damage_taken":0,"max_hp_gain":0,"max_hp_loss":0,"event_name":"SensoryStone","floor":48,"gold_loss":0}],"is_beta":false,"boss_relics":[{"not_picked":["SacredBark","Runic Dome"],"picked":"Runic Cube"},{"not_picked":["Empty Cage","Astrolabe"],"picked":"Cursed Key"}],"items_purged_floors":[22,38],"is_endless":false,"potions_floor_spawned":[1,7,14,21,28,31,35,45],"ascension_level":5}}