{"host":"wwo1kwxjf4eyz37q","time":1609205622,"event":{"mods":["AchievementEnabler","BaseMod","Colored Map","Minty Spire (QoL Compilation)","Quick Restart","SuperFastMode"],"gold_per_floor":[112,112,131,62,32,62,81,111,138,138,167,187,202,152,152,227,227,242,62,81,8,8,41,41,71,71,85,85,100,100,128,128,206,206,224,224,238,188,201,151,181,194,194,213,228,34,65,83,83,83],"floor_reached":51,"playtime":2987,"items_purged":["Strike_R","Strike_R","Strike_R","Defend_R","Searing Blow","Defend_R+1"],"score":1533,"play_id":"222b6490-77b7-479e-b40e-3dcebb92c775","local_time":"20201229103342","is_ascension_mode":true,"campfire_choices":[{"data":"Barricade","floor":10.0,"key":"SMITH"},{"data":"Entrench","floor":15.0,"key":"SMITH"},{"data":"Body Slam","floor":24.0,"key":"SMITH"},{"floor":28.0,"key":"REST"},{"data":"True Grit","floor":32.0,"key":"SMITH"},{"data":"True Grit","floor":49,"key":"SMITH"}],"circlet_count":0,"master_deck":["AscendersBane","Strike_R+1","Bash","Twin Strike","Shrug It Off","Impervious","Barricade+1","Entrench+1","Ghostly Armor","Offering","Offering","True Grit+1","Evolve","True Grit+1","Body Slam+1","Twin Strike","Battle Trance","Double Tap"],"relics":["Black Blood","NeowsBlessing","Vajra","Centennial Puzzle","Smiling Mask","Strawberry","Sozu","Regal Pillow","MealTicket","Pear","Omamori","Toy Ornithopter","ClockworkSouvenir","Red Skull"],"acts_visited":["Exordium","TheCity","TheBeyond"],"potions_floor_usage":[],"damage_taken":[{"damage":0.0,"enemies":"2 Louse","floor":1.0,"turns":1.0},{"damage":0.0,"enemies":"Jaw Worm","floor":3.0,"turns":1.0},{"damage":0.0,"enemies":"3 Sentries","floor":6.0,"turns":1.0},{"damage":0.0,"enemies":"Cultist","floor":7.0,"turns":3.0},{"damage":32.0,"enemies":"Gremlin Nob","floor":8.0,"turns":4.0},{"damage":2.0,"enemies":"3 Sentries","floor":11.0,"turns":16.0},{"damage":6.0,"enemies":"Looter","floor":12.0,"turns":4.0},{"damage":6.0,"enemies":"Large Slime","floor":13.0,"turns":5.0},{"damage":6.0,"enemies":"The Guardian","floor":16.0,"turns":19.0},{"damage":12.0,"enemies":"Shell Parasite","floor":18.0,"turns":7.0},{"damage":12.0,"enemies":"Spheric Guardian","floor":20.0,"turns":6.0},{"damage":16.0,"enemies":"Slavers","floor":23.0,"turns":8.0},{"damage":30.0,"enemies":"Gremlin Leader","floor":25.0,"turns":7.0},{"damage":21.0,"enemies":"Snake Plant","floor":27.0,"turns":3.0},{"damage":12.0,"enemies":"Sentry and Sphere","floor":29.0,"turns":3.0},{"damage":12.0,"enemies":"Slavers","floor":31.0,"turns":4.0},{"damage":14.0,"enemies":"Automaton","floor":33.0,"turns":7.0},{"damage":12.0,"enemies":"Orb Walker","floor":35.0,"turns":3.0},{"damage":12.0,"enemies":"3 Shapes","floor":37.0,"turns":4.0},{"damage":25.0,"enemies":"Writhing Mass","floor":39.0,"turns":5.0},{"damage":12.0,"enemies":"Giant Head","floor":41.0,"turns":3.0},{"damage":12.0,"enemies":"3 Darklings","floor":42.0,"turns":6.0},{"damage":12,"enemies":"Maw","floor":44,"turns":6},{"damage":12,"enemies":"Sphere and 2 Shapes","floor":45,"turns":3},{"damage":55,"enemies":"Reptomancer","floor":47,"turns":4},{"damage":16,"enemies":"Transient","floor":48,"turns":5},{"damage":18,"enemies":"Donu and Deca","floor":50,"turns":5}],"seed_played":"-6054694455065718707","potions_obtained":[{"floor":5.0,"key":"Energy Potion"},{"floor":5.0,"key":"Swift Potion"},{"floor":8.0,"key":"SteroidPotion"},{"floor":12.0,"key":"Swift Potion"},{"floor":16.0,"key":"PowerPotion"}],"is_trial":false,"path_per_floor":["M","?","M","$","?","E","M","E","T","R","E","M","M","$","R","B",null,"M","$","M","$","?","E","R","E","T","M","R","M","?","E","R","B",null,"M","?","M","$","M","$","E","M","T","M","M","$","E","M","R","B",null],"character_chosen":"IRONCLAD","items_purchased":["Impervious","True Grit","Evolve","True Grit","ClockworkSouvenir"],"campfire_rested":1,"item_purchase_floors":[4,19,19,21,46],"current_hp_per_floor":[74,59,65,65,65,71,75,49,49,49,60,60,60,60,60,60,77,71,71,65,65,65,55,55,31,41,26,68,62,62,56,56,48,81,81,81,81,92,79,92,92,92,92,92,92,92,49,45,45,39],"gold":83,"neow_bonus":"THREE_ENEMY_KILL","is_daily":false,"chose_seed":false,"campfire_upgraded":5,"win_rate":0.0,"timestamp":1609205622,"path_taken":["M","?","M","$","?","E","M","E","T","R","E","M","M","$","R","BOSS","M","?","M","$","?","E","R","E","T","M","R","M","?","E","R","BOSS","M","?","M","$","M","$","E","M","T","M","M","$","E","M","R","BOSS"],"items_purchased_type":["Card","Card","Card","Card","Relic"],"build_version":"2020-12-22","purchased_purges":6,"victory":true,"max_hp_per_floor":[75,75,75,75,75,75,75,75,75,75,82,82,82,82,82,82,82,82,82,82,82,82,82,82,82,92,92,92,92,92,92,92,92,92,92,92,92,92,92,92,92,92,92,92,92,92,92,92,92,92],"card_choices":[{"not_picked":["Flex","Anger"],"picked":"Twin Strike","floor":1.0},{"not_picked":["Blood for Blood","Perfected Strike"],"picked":"Shrug It Off","floor":3.0},{"not_picked":["Havoc","Shockwave"],"picked":"Barricade","floor":6.0},{"not_picked":["True Grit","Anger"],"picked":"Entrench","floor":7.0},{"not_picked":["Entrench","Clash"],"picked":"Ghostly Armor","floor":8.0},{"not_picked":["Uppercut","Armaments"],"picked":"Offering","floor":11.0},{"not_picked":["Inflame","Pommel Strike","Heavy Blade"],"picked":"SKIP","floor":12.0},{"not_picked":["Entrench","Sever Soul","Sword Boomerang"],"picked":"SKIP","floor":13.0},{"not_picked":["Corruption","Bludgeon"],"picked":"Offering","floor":16.0},{"not_picked":["Anger+1","Clothesline","Dual Wield"],"picked":"SKIP","floor":18.0},{"not_picked":["Sword Boomerang","Flex","Cleave"],"picked":"SKIP","floor":20.0},{"not_picked":["Searing Blow","Body Slam","Pommel Strike"],"picked":"SKIP","floor":23.0},{"not_picked":["Spot Weakness","Flame Barrier","Dropkick+1"],"picked":"SKIP","floor":25.0},{"not_picked":["True Grit","Iron Wave","Combust"],"picked":"SKIP","floor":27.0},{"not_picked":["Dark Embrace","Clash","Rupture"],"picked":"SKIP","floor":29.0},{"not_picked":["Hemokinesis","Headbutt","Armaments"],"picked":"SKIP","floor":31.0},{"not_picked":["Barricade","Brutality"],"picked":"Double Tap","floor":33.0},{"not_picked":["Clash","Fire Breathing","Dropkick"],"picked":"SKIP","floor":35.0},{"not_picked":["Blood for Blood","Carnage","Dark Embrace"],"picked":"SKIP","floor":37.0},{"not_picked":["Clothesline","Perfected Strike","Cleave+1"],"picked":"SKIP","floor":39.0},{"not_picked":["Anger","Dark Embrace","Limit Break"],"picked":"SKIP","floor":41.0},{"not_picked":["Havoc","Clash","Shrug It Off"],"picked":"SKIP","floor":42.0},{"not_picked":["Reckless Charge","Headbutt","Ghostly Armor"],"picked":"SKIP","floor":44},{"not_picked":["Entrench+1","Havoc","Hemokinesis+1"],"picked":"SKIP","floor":45},{"not_picked":["Hemokinesis","Evolve","Havoc+1"],"picked":"SKIP","floor":47},{"not_picked":["Pummel","Wild Strike","Entrench"],"picked":"SKIP","floor":48}],"player_experience":156986,"relics_obtained":[{"floor":6.0,"key":"Vajra"},{"floor":8.0,"key":"Centennial Puzzle"},{"floor":9.0,"key":"Smiling Mask"},{"floor":11.0,"key":"Strawberry"},{"floor":23.0,"key":"Regal Pillow"},{"floor":25.0,"key":"MealTicket"},{"floor":26.0,"key":"Pear"},{"floor":31.0,"key":"Omamori"},{"floor":41.0,"key":"Toy Ornithopter"},{"floor":47,"key":"Red Skull"}],"event_choices":[{"damage_healed":0.0,"max_hp_gain":0.0,"max_hp_loss":0.0,"gold_gain":0.0,"event_name":"Shining Light","player_choice":"Entered Light","floor":2.0,"gold_loss":0.0,"damage_taken":15.0,"cards_upgraded":["Strike_R","Defend_R"]},{"damage_healed":0.0,"max_hp_gain":0.0,"max_hp_loss":0.0,"gold_gain":0.0,"event_name":"The Woman in Blue","player_choice":"Bought 2 Potions","floor":5.0,"gold_loss":0.0,"damage_taken":0.0},{"damage_healed":0.0,"max_hp_gain":0.0,"max_hp_loss":0.0,"gold_gain":0.0,"event_name":"The Library","player_choice":"Read","floor":22.0,"gold_loss":0.0,"damage_taken":0.0,"cards_obtained":["Body Slam"]},{"damage_healed":0.0,"max_hp_gain":0.0,"max_hp_loss":0.0,"gold_gain":0.0,"cards_transformed":["Strike_R","Defend_R"],"event_name":"Drug Dealer","player_choice":"Became Test Subject","floor":30.0,"gold_loss":0.0,"damage_taken":0.0,"cards_obtained":["Twin Strike","Battle Trance"]},{"damage_healed":0.0,"max_hp_gain":0.0,"max_hp_loss":0.0,"gold_gain":0.0,"cards_transformed":["Defend_R"],"event_name":"Transmorgrifier","player_choice":"Transformed","floor":36.0,"gold_loss":0.0,"damage_taken":0.0,"cards_obtained":["Searing Blow"]}],"is_beta":false,"boss_relics":[{"not_picked":["Fusion Hammer","Philosopher\u0027s Stone"],"picked":"Sozu"},{"not_picked":["Black Star","Calling Bell"],"picked":"Black Blood"}],"items_purged_floors":[14,19,21,38,40,46],"is_endless":false,"potions_floor_spawned":[7,8,12,16,18,20,29,31,35,39,44,45],"ascension_level":14}}