{"host":"svwqvw2il1zfkkg0","time":1609275788,"event":{"mods":["AchievementEnabler","BaseMod","BetterRewards","Colored Map","Colored Powertips","Custom Start","Downfall","GifTheSpireLib","Highlight Path","Hubris","Infinite Spire","Minty Spire (QoL Compilation)","Quick Restart","Replay The Spire","Shop Mod","StSLib","SuperFastMode"],"gold_per_floor":[117,117,392,17,27,54,65,80,105,131,131,131,131,131,131,235,235,255,270,280,295,295,295,309,321,321,337,337,337,337],"floor_reached":29,"playtime":1111,"items_purged":["Regret"],"score":262,"play_id":"a7313b11-8cfe-4aad-bf8e-bfabc18d3748","local_time":"20201229130308","is_ascension_mode":false,"campfire_choices":[{"data":"Cloak And Dagger","floor":11,"key":"SMITH"},{"data":"Cloak And Dagger","floor":13,"key":"SMITH"},{"floor":15,"key":"REST"},{"floor":23,"key":"REST"}],"circlet_count":0,"master_deck":["Strike_G","Strike_G","Strike_G","Strike_G+1","Strike_G","Defend_G","Defend_G","Defend_G","Defend_G","Defend_G","Neutralize","Backstab","m_Survivalism","Cloak And Dagger+1","Blade Dance","Cloak And Dagger+1","Quick Slash","Flying Knee+1","Bullet Time","Replay:Bag of Tricks","Sucker Punch","Dagger Spray","Dash"],"relics":["Ring of the Snake","NeowsBlessing","Sling","MealTicket","Bottled Flame","ReplayFunnel","Juzu Bracelet","hubris:VirtuousBlindfold","Ancient Tea Set","Replay:Accelerometer","hubris:CrackedHourglass"],"acts_visited":["Exordium","TheCity"],"potions_floor_usage":[16,16,16,20,27,29],"damage_taken":[{"damage":0,"enemies":"2 Louse","floor":1,"turns":1},{"damage":0,"enemies":"Jaw Worm","floor":5,"turns":1},{"damage":0,"enemies":"Replay:BlueRogue","floor":6,"turns":1},{"damage":1,"enemies":"Cultist","floor":7,"turns":3},{"damage":0,"enemies":"Lots of Slimes","floor":8,"turns":3},{"damage":9,"enemies":"3 Sentries","floor":10,"turns":6},{"damage":31,"enemies":"Hexaghost","floor":16,"turns":9},{"damage":8,"enemies":"2 Thieves","floor":18,"turns":4},{"damage":1,"enemies":"3 Byrds","floor":19,"turns":5},{"damage":32,"enemies":"Snake Plant","floor":20,"turns":6},{"damage":6,"enemies":"3 Cultists","floor":21,"turns":6},{"damage":0,"enemies":"Chosen and Byrds","floor":24,"turns":6},{"damage":28,"enemies":"Snake Plant","floor":25,"turns":5},{"damage":10,"enemies":"Sentry and Sphere","floor":27,"turns":5},{"damage":11,"enemies":"Book of Stabbing","floor":29,"turns":3}],"seed_played":"4240171869301320661","potions_obtained":[{"floor":6,"key":"SteroidPotion"},{"floor":7,"key":"SkillPotion"},{"floor":10,"key":"infinitespire:BlackPotion"},{"floor":18,"key":"Strength Potion"},{"floor":25,"key":"Poison Potion"},{"floor":27,"key":"Fire Potion"}],"is_trial":false,"path_per_floor":["M","?","?","$","M","E","M","M","T","E","R","?","R","?","R","B",null,"M","M","M","M","?","R","M","M","T","M","AVR","E"],"character_chosen":"THE_SILENT","items_purchased":["Sling","MealTicket"],"campfire_rested":2,"item_purchase_floors":[4,4],"current_hp_per_floor":[70,70,70,70,70,70,69,69,69,60,60,60,60,46,67,36,70,62,61,29,23,23,44,44,16,16,6,6,0,0],"gold":337,"neow_bonus":"THREE_ENEMY_KILL","is_daily":false,"chose_seed":false,"campfire_upgraded":2,"win_rate":0.0,"timestamp":1609275788,"path_taken":["M","?","?","$","M","E","M","M","T","E","R","?","R","?","R","BOSS","M","M","M","M","?","R","M","M","T","M","AVR","E"],"items_purchased_type":["Relic","Relic"],"build_version":"2020-12-22","purchased_purges":1,"victory":false,"max_hp_per_floor":[70,70,70,70,70,70,70,70,70,70,70,70,70,70,70,70,70,70,70,70,70,70,70,70,70,70,70,70,70,70],"card_choices":[{"not_picked":["Skewer","Concentrate"],"picked":"Backstab","floor":1},{"not_picked":["Flechettes","Dagger Throw"],"picked":"Cloak And Dagger","floor":5},{"not_picked":["Poisoned Stab","Deflect"],"picked":"Blade Dance","floor":6},{"not_picked":["Reflex","Deadly Poison"],"picked":"Cloak And Dagger","floor":7},{"not_picked":["Deflect","Slice"],"picked":"Quick Slash","floor":8},{"not_picked":["Malaise","Leg Sweep"],"picked":"Flying Knee","floor":10},{"not_picked":["infinitespire:Neurotoxin","A Thousand Cuts"],"picked":"Bullet Time","floor":16},{"not_picked":["Dodge and Roll","Tactician","Deflect"],"picked":"SKIP","floor":18},{"not_picked":["Deadly Poison","Reflex","Draining Mist+1"],"picked":"SKIP","floor":19},{"not_picked":["Underhanded Strike+1","Flying Knee"],"picked":"Replay:Bag of Tricks","floor":20},{"not_picked":["Distraction","Expertise"],"picked":"Sucker Punch","floor":21},{"not_picked":["Flying Knee","Outmaneuver"],"picked":"Dagger Spray","floor":24},{"not_picked":["Quick Slash","Concentrate+1"],"picked":"Dash","floor":25},{"not_picked":["hubris:Sniper+1","Deadly Poison","Outmaneuver"],"picked":"SKIP","floor":27}],"player_experience":436277,"relics_obtained":[{"floor":6,"key":"Bottled Flame"},{"floor":9,"key":"ReplayFunnel"},{"floor":10,"key":"Juzu Bracelet"},{"floor":26,"key":"Ancient Tea Set"}],"event_choices":[{"damage_healed":0,"gold_gain":275,"player_choice":"Desecrate","damage_taken":0,"max_hp_gain":0,"max_hp_loss":0,"event_name":"Golden Shrine","floor":3,"gold_loss":0,"cards_obtained":["Regret"]},{"damage_healed":0,"gold_gain":0,"player_choice":"Bought 0 Potions","damage_taken":0,"max_hp_gain":0,"max_hp_loss":0,"event_name":"The Woman in Blue","floor":12,"gold_loss":0},{"damage_healed":0,"gold_gain":0,"player_choice":"Entered Light","damage_taken":14,"max_hp_gain":0,"max_hp_loss":0,"event_name":"Shining Light","floor":14,"gold_loss":0,"cards_upgraded":["Strike_G","Flying Knee"]}],"is_beta":false,"boss_relics":[{"not_picked":["Honey Jar","hubris:TerracottaHorce"],"picked":"hubris:VirtuousBlindfold"}],"items_purged_floors":[4],"is_endless":false,"potions_floor_spawned":[6,7,10,18,25,27],"killed_by":"Book of Stabbing","ascension_level":0}}