{"host":"sc0o2qwpf9j16a4i","time":1609236140,"event":{"mods":["AchievementEnabler","BaseMod","BetterRewards","Block Reminder","Colored Map","Colored Powertips","Custom Start","Highlight Path","Minty Spire (QoL Compilation)","Relic Stats"],"gold_per_floor":[118,132,132,145,145,145,174,174,222,222,258,7,38,62,62,155,155,170,195,195,195,195],"floor_reached":21,"playtime":698,"items_purged":["Strike_G"],"score":619,"play_id":"1779d6bb-71d4-4489-974d-383eedaa612a","local_time":"20201229120220","is_ascension_mode":true,"campfire_choices":[{"data":"Bouncing Flask","floor":6.0,"key":"SMITH"},{"data":"Noxious Fumes","floor":10.0,"key":"SMITH"},{"floor":15.0,"key":"REST"}],"circlet_count":0,"master_deck":["AscendersBane","Survivor","Neutralize","Noxious Fumes+1","Glass Knife","Bouncing Flask+1","Flying Knee","Sucker Punch","Predator","PiercingWail","PiercingWail","Wraith Form v2+1","Doppelganger","Bullet Time","Setup","Night Terror","Acrobatics","Unload","Distraction","Burst","Deflect","Bite","Bite","Bite","Bite","Bite"],"relics":["Ring of the Snake","Lee\u0027s Waffle","ClockworkSouvenir","Toy Ornithopter","Frozen Egg 2","Regal Pillow","Vajra","Golden Idol","Pen Nib","Potion Belt","Membership Card","Akabeko","Pandora\u0027s Box"],"acts_visited":["Exordium","TheCity"],"potions_floor_usage":[19],"damage_taken":[{"damage":7.0,"enemies":"Small Slimes","floor":1.0,"turns":4.0},{"damage":0.0,"enemies":"2 Louse","floor":2.0,"turns":2.0},{"damage":0.0,"enemies":"Jaw Worm","floor":4.0,"turns":4.0},{"damage":12.0,"enemies":"3 Sentries","floor":7.0,"turns":7.0},{"damage":17.0,"enemies":"Gremlin Nob","floor":11.0,"turns":4.0},{"damage":17.0,"enemies":"Lagavulin","floor":13.0,"turns":6.0},{"damage":6.0,"enemies":"Looter","floor":14.0,"turns":3.0},{"damage":19,"enemies":"The Guardian","floor":16,"turns":9},{"damage":25,"enemies":"Shell Parasite","floor":18,"turns":5},{"damage":25,"enemies":"3 Byrds","floor":19,"turns":5},{"damage":32,"enemies":"Centurion and Healer","floor":21,"turns":3}],"seed_played":"-9037020232483494090","potions_obtained":[{"floor":1.0,"key":"SpeedPotion"},{"floor":4.0,"key":"AttackPotion"},{"floor":13.0,"key":"Weak Potion"},{"floor":16,"key":"Poison Potion"}],"is_trial":false,"path_per_floor":["M","M","?","M","?","R","E","?","T","R","E","$","E","M","R","B",null,"M","M","?","M"],"character_chosen":"THE_SILENT","items_purchased":["Lee\u0027s Waffle","Noxious Fumes","ClockworkSouvenir","Glass Knife","Toy Ornithopter","Frozen Egg 2","Regal Pillow","Bouncing Flask","Membership Card","Fruit Juice","BlessingOfTheForge"],"campfire_rested":1,"item_purchase_floors":[0,0,0,0,0,0,0,0,12,12,12],"current_hp_per_floor":[66,66,59,59,59,59,52,52,52,52,35,35,28,22,58,39,63,38,18,18,0,0],"gold":195,"neow_bonus":"","is_daily":false,"chose_seed":false,"campfire_upgraded":2,"win_rate":0.0,"timestamp":1609236140,"path_taken":["M","M","?","M","?","R","E","?","T","R","E","$","E","M","R","BOSS","M","M","?","M"],"items_purchased_type":["Relic","Card","Relic","Card","Relic","Relic","Relic","Card","Relic","Potion","Potion"],"build_version":"2020-12-22","purchased_purges":1,"victory":false,"max_hp_per_floor":[73,73,73,73,73,73,73,66,66,66,66,66,71,71,71,71,71,71,71,49,49,49],"relic_stats":{"Lee\u0027s Waffle":55,"Regal Pillow":15,"counters":[78,424],"Golden Idol":45,"Pandora\u0027s Box":["Doppelganger","Bullet Time","Setup","Night Terror","Acrobatics","Unload","Distraction","Burst"],"Pen Nib":[4],"obtain_stats":[{"TwistedFunnel":0,"Regal Pillow":0,"Singing Bowl":0,"CeramicFish":9,"Vajra":7,"Bag of Preparation":9,"Cursed Key":0,"Boot":10,"Smiling Mask":30,"Old Coin":40,"ClockworkSouvenir":46,"Blood Vial":43,"Dream Catcher":8,"Tough Bandages":0,"Centennial Puzzle":40,"Pantograph":24,"Strawberry":8,"Tiny Chest":13,"Toxic Egg 2":6,"Ring of the Snake":0,"Potion Belt":11,"Lee\u0027s Waffle":0,"Golden Idol":5,"Eternal Feather":47,"PreservedInsect":6,"The Courier":7,"Pen Nib":9,"Frozen Egg 2":0,"Akabeko":0,"White Beast Statue":0,"SlaversCollar":34,"Busted Crown":34,"Ornamental Fan":9,"Bloody Idol":20,"Snecko Eye":17,"Pandora\u0027s Box":17,"Molten Egg 2":5,"Bag of Marbles":46,"Bottled Lightning":31,"Membership Card":12,"FossilizedHelix":45,"Toy Ornithopter":0},{"TwistedFunnel":43,"Regal Pillow":67,"Singing Bowl":43,"CeramicFish":48,"Vajra":71,"Bag of Preparation":11,"Cursed Key":0,"Boot":23,"Smiling Mask":57,"Old Coin":39,"ClockworkSouvenir":40,"Blood Vial":39,"Dream Catcher":22,"Tough Bandages":43,"Centennial Puzzle":63,"Pantograph":31,"Strawberry":48,"Tiny Chest":49,"Toxic Egg 2":21,"Ring of the Snake":0,"Potion Belt":72,"Lee\u0027s Waffle":67,"Golden Idol":3,"Eternal Feather":41,"PreservedInsect":4,"The Courier":11,"Pen Nib":71,"Frozen Egg 2":67,"Akabeko":43,"White Beast Statue":43,"SlaversCollar":59,"Busted Crown":35,"Ornamental Fan":22,"Bloody Idol":15,"Snecko Eye":14,"Pandora\u0027s Box":27,"Molten Egg 2":46,"Bag of Marbles":40,"Bottled Lightning":34,"Membership Card":72,"FossilizedHelix":64,"Toy Ornithopter":67},{"TwistedFunnel":217,"Regal Pillow":372,"Singing Bowl":217,"CeramicFish":232,"Vajra":389,"Bag of Preparation":65,"Cursed Key":0,"Boot":119,"Smiling Mask":296,"Old Coin":192,"ClockworkSouvenir":197,"Blood Vial":192,"Dream Catcher":116,"Tough Bandages":217,"Centennial Puzzle":347,"Pantograph":146,"Strawberry":232,"Tiny Chest":236,"Toxic Egg 2":110,"Ring of the Snake":0,"Potion Belt":393,"Lee\u0027s Waffle":372,"Golden Idol":13,"Eternal Feather":203,"PreservedInsect":21,"The Courier":65,"Pen Nib":389,"Frozen Egg 2":372,"Akabeko":217,"White Beast Statue":217,"SlaversCollar":315,"Busted Crown":169,"Ornamental Fan":116,"Bloody Idol":90,"Snecko Eye":84,"Pandora\u0027s Box":131,"Molten Egg 2":222,"Bag of Marbles":197,"Bottled Lightning":161,"Membership Card":393,"FossilizedHelix":356,"Toy Ornithopter":372}],"Toy Ornithopter":15,"Ring of the Snake":[147]},"card_choices":[{"not_picked":["Terror","Underhanded Strike"],"picked":"Flying Knee","floor":1.0},{"not_picked":["Flying Knee","Backflip"],"picked":"Sucker Punch","floor":2.0},{"not_picked":["Blade Dance","Flying Knee","Dagger Throw"],"picked":"SKIP","floor":4.0},{"not_picked":["All Out Attack","Underhanded Strike"],"picked":"Predator","floor":7.0},{"not_picked":["Heel Hook","Cloak And Dagger","Predator"],"picked":"SKIP","floor":11.0},{"not_picked":["Acrobatics","Venomology"],"picked":"PiercingWail","floor":13.0},{"not_picked":["Dodge and Roll","Prepared"],"picked":"PiercingWail","floor":14.0},{"not_picked":["Unload","Adrenaline"],"picked":"Wraith Form v2+1","floor":16},{"not_picked":["Reflex","Underhanded Strike","Riddle With Holes"],"picked":"SKIP","floor":18},{"not_picked":["Underhanded Strike","Quick Slash"],"picked":"Deflect","floor":19}],"player_experience":380604,"relics_obtained":[{"floor":7.0,"key":"Vajra"},{"floor":9.0,"key":"Pen Nib"},{"floor":11.0,"key":"Potion Belt"},{"floor":13.0,"key":"Akabeko"}],"event_choices":[{"cards_removed":["Strike_G"],"damage_healed":0.0,"max_hp_gain":0.0,"max_hp_loss":0.0,"gold_gain":0.0,"event_name":"Golden Wing","player_choice":"Card Removal","floor":3.0,"gold_loss":0.0,"damage_taken":7.0},{"damage_healed":0.0,"max_hp_gain":0.0,"max_hp_loss":0.0,"gold_gain":0.0,"event_name":"Liars Game","player_choice":"Ignored","floor":5.0,"gold_loss":0.0,"damage_taken":0.0},{"damage_healed":0.0,"max_hp_gain":0.0,"max_hp_loss":7.0,"gold_gain":0.0,"event_name":"Golden Idol","player_choice":"Lose Max HP","floor":8.0,"gold_loss":0.0,"damage_taken":0.0,"relics_obtained":["Golden Idol"]},{"damage_healed":0,"gold_gain":0,"player_choice":"Became a vampire","damage_taken":0,"max_hp_gain":0,"max_hp_loss":22,"event_name":"Vampires","floor":20,"gold_loss":0,"cards_obtained":["Bite","Bite","Bite","Bite","Bite"]}],"is_beta":false,"boss_relics":[{"not_picked":["Tiny House","Fusion Hammer"],"picked":"Pandora\u0027s Box"}],"items_purged_floors":[0],"is_endless":false,"potions_floor_spawned":[1,4,13,16,18],"killed_by":"Centurion and Healer","ascension_level":20}}