{"host":"6r3ioyv75hs1gp74","time":1609275285,"event":{"mods":["AchievementEnabler","BaseMod","Colored Map","Colored Powertips","Minty Spire (QoL Compilation)"],"gold_per_floor":[117,132,5,5,25,51,51,61,61,61,236,249,249,1,1,104,104,120,23,23,23,40,66,66,80,80,99,10,10,10,45,45,45,45],"floor_reached":33,"playtime":1994,"items_purged":[],"score":283,"play_id":"553d0641-f0b9-4c6c-8da9-0455227b8b48","local_time":"20201229205445","is_ascension_mode":false,"campfire_choices":[{"data":"Dropkick","floor":7,"key":"SMITH"},{"floor":10,"key":"REST"},{"data":"Fire Breathing","floor":15,"key":"SMITH"},{"floor":24,"key":"REST"},{"data":"Infernal Blade","floor":30,"key":"SMITH"},{"data":"Armaments","floor":32,"key":"SMITH"}],"circlet_count":0,"master_deck":["Strike_R+1","Strike_R+1","Strike_R+1","Strike_R+1","Defend_R+1","Defend_R+1","Defend_R+1","Defend_R+1","Bash","Dropkick+1","Thunderclap","Fire Breathing+1","Iron Wave","Bloodletting","Power Through","Infernal Blade+1","Thunderclap","Defend_G+1","Feed+1","Carnage+1","Dramatic Entrance+1","Headbutt+1","True Grit","Clash+1","Shrug It Off","Blood for Blood+1","Armaments+1","Spot Weakness","Intimidate"],"relics":["Sozu","PreservedInsect","Bottled Flame","Pen Nib","Molten Egg 2","Philosopher\u0027s Stone","Eternal Feather","Darkstone Periapt","Frozen Egg 2"],"acts_visited":["Exordium","TheCity"],"potions_floor_usage":[],"damage_taken":[{"damage":3,"enemies":"Small Slimes","floor":1,"turns":3},{"damage":1,"enemies":"2 Louse","floor":2,"turns":2},{"damage":1,"enemies":"Cultist","floor":5,"turns":3},{"damage":11,"enemies":"Lagavulin","floor":6,"turns":5},{"damage":0,"enemies":"Looter","floor":8,"turns":3},{"damage":0,"enemies":"Large Slime","floor":12,"turns":5},{"damage":64,"enemies":"Hexaghost","floor":16,"turns":11},{"damage":24,"enemies":"Spheric Guardian","floor":18,"turns":6},{"damage":14,"enemies":"2 Thieves","floor":22,"turns":3},{"damage":13,"enemies":"Gremlin Leader","floor":23,"turns":2},{"damage":4,"enemies":"Chosen and Byrds","floor":25,"turns":2},{"damage":0,"enemies":"Snecko","floor":27,"turns":4},{"damage":5,"enemies":"Book of Stabbing","floor":31,"turns":4},{"damage":105,"enemies":"Collector","floor":33,"turns":9}],"seed_played":"2471851135837016458","potions_obtained":[],"is_trial":false,"path_per_floor":["M","M","$","?","M","E","R","M","T","R","?","M","?","$","R","B",null,"M","$","?","?","M","E","R","M","T","M","$","?","R","E","R","B"],"character_chosen":"IRONCLAD","items_purchased":["Fire Breathing","Iron Wave","Molten Egg 2","Dramatic Entrance+1","Blood for Blood+1","Armaments"],"campfire_rested":2,"item_purchase_floors":[3,3,14,19,28,28],"current_hp_per_floor":[77,76,76,69,68,57,57,57,57,80,80,80,80,80,80,16,80,60,60,60,60,50,41,80,76,76,76,76,76,91,86,92,0,0],"gold":45,"neow_bonus":"BOSS_RELIC","is_daily":false,"chose_seed":false,"campfire_upgraded":4,"win_rate":0.0,"timestamp":1609275285,"path_taken":["M","M","$","?","M","E","R","M","T","R","?","M","?","$","R","BOSS","M","$","?","?","M","E","R","M","T","M","$","?","R","E","R","BOSS"],"items_purchased_type":["Card","Card","Relic","Card","Card","Card"],"build_version":"2020-12-22","purchased_purges":0,"victory":false,"max_hp_per_floor":[80,80,80,80,80,80,80,80,80,80,80,80,80,80,80,80,80,84,84,84,84,88,92,92,92,92,92,92,92,92,92,92,92,92],"card_choices":[{"not_picked":["True Grit","Rage"],"picked":"Dropkick","floor":1},{"not_picked":["Sword Boomerang","Headbutt"],"picked":"Thunderclap","floor":2},{"not_picked":["Sword Boomerang","Dual Wield"],"picked":"Bloodletting","floor":5},{"not_picked":["Flame Barrier","Barricade"],"picked":"Power Through","floor":6},{"not_picked":["Warcry","Headbutt"],"picked":"Infernal Blade","floor":8},{"not_picked":["Clothesline","Heavy Blade"],"picked":"Thunderclap","floor":12},{"not_picked":["Fiend Fire+1","Reaper+1"],"picked":"Feed+1","floor":16},{"not_picked":["Thunderclap+1","Warcry"],"picked":"Carnage+1","floor":18},{"not_picked":["Power Through","Entrench"],"picked":"Headbutt+1","floor":22},{"not_picked":["Headbutt+1","Sever Soul+1"],"picked":"True Grit","floor":23},{"not_picked":["Twin Strike+1","Headbutt+1"],"picked":"Clash+1","floor":25},{"not_picked":["Clash+1","Heavy Blade+1"],"picked":"Shrug It Off","floor":27},{"not_picked":["Seeing Red+1","Offering"],"picked":"Intimidate","floor":31}],"player_experience":28842,"relics_obtained":[{"floor":6,"key":"Bottled Flame"},{"floor":9,"key":"Pen Nib"},{"floor":23,"key":"Eternal Feather"},{"floor":26,"key":"Darkstone Periapt"},{"floor":31,"key":"Frozen Egg 2"}],"event_choices":[{"damage_healed":0,"gold_gain":0,"player_choice":"Success","damage_taken":7,"relics_obtained":["PreservedInsect"],"max_hp_gain":0,"max_hp_loss":0,"event_name":"Scrap Ooze","floor":4,"gold_loss":0},{"damage_healed":0,"gold_gain":175,"player_choice":"AGREE","damage_taken":0,"max_hp_gain":0,"max_hp_loss":0,"event_name":"Liars Game","floor":11,"gold_loss":0,"cards_obtained":["Doubt"]},{"cards_removed":["Doubt"],"damage_healed":0,"gold_gain":0,"player_choice":"Took Card","damage_taken":0,"max_hp_gain":0,"max_hp_loss":0,"event_name":"NoteForYourself","floor":13,"gold_loss":0,"cards_obtained":["Defend_G"]},{"damage_healed":0,"gold_gain":0,"player_choice":"Simplicity","damage_taken":0,"max_hp_gain":0,"max_hp_loss":0,"event_name":"Back to Basics","floor":20,"gold_loss":0,"cards_upgraded":["Strike_R","Strike_R","Strike_R","Strike_R","Strike_R","Defend_R","Defend_R","Defend_R","Defend_R","Defend_G"]},{"damage_healed":0,"gold_gain":0,"player_choice":"Ignored","damage_taken":0,"max_hp_gain":0,"max_hp_loss":0,"event_name":"Ghosts","floor":21,"gold_loss":0},{"damage_healed":0,"gold_gain":0,"cards_transformed":["Strike_R"],"player_choice":"Transformed","damage_taken":0,"max_hp_gain":0,"max_hp_loss":0,"event_name":"Transmorgrifier","floor":29,"gold_loss":0,"cards_obtained":["Spot Weakness"]}],"is_beta":false,"boss_relics":[{"not_picked":["Coffee Dripper","SacredBark"],"picked":"Philosopher\u0027s Stone"}],"items_purged_floors":[],"is_endless":false,"potions_floor_spawned":[6,8,16,27,31],"killed_by":"Collector","ascension_level":0}}