{"host":"640uue19m79c7wbt","time":1609203577,"event":{"mods":["BaseMod","Colored Map","Googly Eyes","Highlight Path","Minty Spire (QoL Compilation)","Quick Restart","StSLib"],"gold_per_floor":[116,191,201,201,225,251,251,267,292,309,328,102,118,149,149,250,250,269,194,205,225,52,85,98,113,137,2,19,19,19,19,19,122,122,136,149,149,194,209,235,235,248,274,308,32,82,82,100,100,100,100,100,25,52,52],"floor_reached":56,"playtime":3301,"items_purged":["Strike_G"],"score":1289,"play_id":"2fd9f275-01a5-4018-a4f2-d7f5456eedbf","local_time":"20201228195937","is_ascension_mode":false,"campfire_choices":[{"data":"Acrobatics","floor":7.0,"key":"SMITH"},{"floor":15.0,"key":"REST"},{"floor":30.0,"key":"REST"},{"floor":32.0,"key":"REST"},{"floor":41.0,"key":"RECALL"},{"data":"Secret Technique","floor":49.0,"key":"SMITH"},{"data":"Adrenaline","floor":52.0,"key":"SMITH"}],"circlet_count":0,"master_deck":["Strike_G+1","Strike_G+1","Defend_G","Defend_G","Defend_G","Survivor","Neutralize+1","Heel Hook+1","Backflip","Acrobatics+1","Cloak And Dagger","Blade Dance","Well Laid Plans","Adrenaline+1","Flying Knee+1","Deflect+1","Bullet Time+1","Dagger Spray","Accuracy","Secret Technique+1","Glass Knife","Blade Dance","Accuracy+1","Venomology","Infinite Blades","Adrenaline","Backstab+1","Cloak And Dagger+1","PiercingWail+1","Outmaneuver+1","Cloak And Dagger+1","Finisher","Accuracy","Predator","Sadistic Nature","Blade Dance+1","Footwork+1","Caltrops","Footwork+1"],"relics":["Ring of the Snake","NeowsBlessing","Toy Ornithopter","Orichalcum","Whetstone","Nunchaku","Happy Flower","Astrolabe","Blood Vial","Enchiridion","WristBlade","FossilizedHelix","Bag of Marbles","Anchor","PreservedInsect","Calipers","Kunai"],"acts_visited":["Exordium","TheCity","TheBeyond","TheEnding"],"potions_floor_usage":[55,55,55,55,55],"damage_taken":[{"damage":0.0,"enemies":"Jaw Worm","floor":1.0,"turns":1.0},{"damage":0.0,"enemies":"Small Slimes","floor":3.0,"turns":1.0},{"damage":0.0,"enemies":"Gremlin Nob","floor":6.0,"turns":1.0},{"damage":6.0,"enemies":"2 Louse","floor":8.0,"turns":2.0},{"damage":7.0,"enemies":"Looter","floor":10.0,"turns":3.0},{"damage":0.0,"enemies":"3 Louse","floor":11.0,"turns":2.0},{"damage":0.0,"enemies":"Exordium Thugs","floor":13.0,"turns":4.0},{"damage":7.0,"enemies":"Lagavulin","floor":14.0,"turns":5.0},{"damage":26.0,"enemies":"The Guardian","floor":16.0,"turns":12.0},{"damage":0.0,"enemies":"Shell Parasite","floor":18.0,"turns":4.0},{"damage":25.0,"enemies":"Chosen","floor":20.0,"turns":7.0},{"damage":17.0,"enemies":"Snecko","floor":21.0,"turns":5.0},{"damage":4.0,"enemies":"Gremlin Leader","floor":23.0,"turns":4.0},{"damage":9.0,"enemies":"Shelled Parasite and Fungi","floor":24.0,"turns":4.0},{"damage":4.0,"enemies":"Sentry and Sphere","floor":25.0,"turns":4.0},{"damage":4.0,"enemies":"Centurion and Healer","floor":28.0,"turns":4.0},{"damage":42.0,"enemies":"Automaton","floor":33.0,"turns":7.0},{"damage":0.0,"enemies":"Orb Walker","floor":35.0,"turns":1.0},{"damage":4.0,"enemies":"3 Shapes","floor":36.0,"turns":2.0},{"damage":7.0,"enemies":"2 Orb Walkers","floor":38.0,"turns":3.0},{"damage":0.0,"enemies":"Transient","floor":39.0,"turns":5.0},{"damage":9.0,"enemies":"Reptomancer","floor":40.0,"turns":4.0},{"damage":0.0,"enemies":"Writhing Mass","floor":42.0,"turns":3.0},{"damage":0.0,"enemies":"Nemesis","floor":44.0,"turns":1.0},{"damage":0.0,"enemies":"Mind Bloom Boss Battle","floor":46.0,"turns":2.0},{"damage":0.0,"enemies":"3 Darklings","floor":48.0,"turns":2.0},{"damage":48.0,"enemies":"Donu and Deca","floor":50.0,"turns":7.0},{"damage":0,"enemies":"Shield and Spear","floor":54,"turns":4},{"damage":113,"enemies":"The Heart","floor":55,"turns":8}],"seed_played":"-4220347503690913506","potions_obtained":[{"floor":6.0,"key":"Fire Potion"},{"floor":8.0,"key":"Poison Potion"},{"floor":10.0,"key":"SpeedPotion"},{"floor":11.0,"key":"PowerPotion"},{"floor":24.0,"key":"CunningPotion"},{"floor":25.0,"key":"Weak Potion"},{"floor":28.0,"key":"SteroidPotion"},{"floor":36.0,"key":"SkillPotion"},{"floor":38.0,"key":"Dexterity Potion"},{"floor":40.0,"key":"EntropicBrew"}],"is_trial":false,"path_per_floor":["M","?","M","?","T","E","R","M","T","M","M","$","M","E","R","B",null,"M","?","M","M","$","E","M","M","T","$","M","?","R","?","R","B",null,"M","M","?","?","M","E","R","M","T","E","$","?","?","M","R","B",null,"R","$","E","B",null],"character_chosen":"THE_SILENT","items_purchased":["Nunchaku","Secret Technique","Venomology","Accuracy","Predator","Sadistic Nature","Caltrops"],"campfire_rested":3,"item_purchase_floors":[12,22,27,45,45,45,53],"current_hp_per_floor":[70,59,59,45,45,45,45,39,39,32,32,32,37,35,56,35,70,70,70,45,28,28,24,17,15,15,15,18,2,23,23,44,19,70,70,67,67,63,65,61,61,68,68,70,70,70,70,70,70,22,70,70,70,70,24],"gold":52,"neow_bonus":"THREE_ENEMY_KILL","is_daily":false,"chose_seed":false,"campfire_upgraded":3,"win_rate":0.0,"timestamp":1609203577,"path_taken":["M","?","M","?","?","E","R","?","T","M","M","$","M","E","R","BOSS","M","?","M","M","$","E","M","M","T","$","M","?","R","?","R","BOSS","M","M","?","?","M","E","R","M","T","E","$","?","?","?","R","BOSS","R","$","E","BOSS"],"items_purchased_type":["Relic","Card","Card","Card","Card","Card","Card"],"build_version":"2020-12-22","purchased_purges":1,"victory":true,"max_hp_per_floor":[70,70,70,70,70,70,70,70,70,70,70,70,70,70,70,70,70,70,70,70,70,70,70,70,70,70,70,70,70,70,70,70,70,70,70,70,70,70,70,70,70,70,70,70,70,70,70,70,70,70,70,70,70,70,70],"card_choices":[{"not_picked":["Flying Knee","Prepared"],"picked":"Heel Hook","floor":1.0},{"not_picked":["Prepared","Dodge and Roll"],"picked":"Backflip","floor":3.0},{"not_picked":["Outmaneuver","Concentrate"],"picked":"Acrobatics","floor":6.0},{"not_picked":["Poisoned Stab","Setup"],"picked":"Flying Knee","floor":8.0},{"not_picked":["Backflip","Deadly Poison","Deflect"],"picked":"SKIP","floor":10.0},{"not_picked":["Calculated Gamble","Deflect"],"picked":"Cloak And Dagger","floor":11.0},{"not_picked":["Sucker Punch","Infinite Blades"],"picked":"Blade Dance","floor":13.0},{"not_picked":["Quick Slash","Deflect"],"picked":"Well Laid Plans","floor":14.0},{"not_picked":["Tools of the Trade","Storm of Steel"],"picked":"Adrenaline","floor":16.0},{"not_picked":["Distraction","Prepared"],"picked":"Dagger Spray","floor":18.0},{"not_picked":["PiercingWail+1","Acrobatics"],"picked":"Accuracy","floor":20.0},{"not_picked":["Dagger Spray","Calculated Gamble","Poisoned Stab"],"picked":"SKIP","floor":21.0},{"not_picked":["Dodge and Roll","Deflect+1"],"picked":"Glass Knife","floor":23.0},{"not_picked":["Acrobatics+1","Escape Plan"],"picked":"Blade Dance","floor":24.0},{"not_picked":["Prepared","Deadly Poison"],"picked":"Accuracy+1","floor":25.0},{"not_picked":["Leg Sweep","Flying Knee"],"picked":"Infinite Blades","floor":28.0},{"not_picked":["Doppelganger","Grand Finale"],"picked":"Adrenaline","floor":33.0},{"not_picked":["Prepared+1","Slice+1"],"picked":"Backstab+1","floor":35.0},{"not_picked":["Outmaneuver","Deadly Poison"],"picked":"Cloak And Dagger+1","floor":36.0},{"not_picked":["Sucker Punch+1","Deadly Poison"],"picked":"PiercingWail+1","floor":38.0},{"not_picked":["Setup+1","Deadly Poison+1"],"picked":"Outmaneuver+1","floor":39.0},{"not_picked":["Concentrate","Die Die Die","Dodge and Roll+1"],"picked":"SKIP","floor":40.0},{"not_picked":["Flying Knee","Outmaneuver"],"picked":"Cloak And Dagger+1","floor":42.0},{"not_picked":["Footwork+1","Concentrate"],"picked":"Finisher","floor":44.0},{"not_picked":["Crippling Poison+1","Prepared"],"picked":"Blade Dance+1","floor":46.0},{"not_picked":["Riddle With Holes","Quick Slash+1"],"picked":"Footwork+1","floor":48.0},{"not_picked":["Underhanded Strike","Deadly Poison+1"],"picked":"Footwork+1","floor":54}],"player_experience":521125,"relics_obtained":[{"floor":5.0,"key":"Toy Ornithopter"},{"floor":6.0,"key":"Orichalcum"},{"floor":9.0,"key":"Whetstone"},{"floor":14.0,"key":"Happy Flower"},{"floor":23.0,"key":"Blood Vial"},{"floor":29.0,"key":"Enchiridion"},{"floor":38.0,"key":"FossilizedHelix"},{"floor":40.0,"key":"Bag of Marbles"},{"floor":43.0,"key":"Anchor"},{"floor":44.0,"key":"PreservedInsect"},{"floor":46.0,"key":"Calipers"},{"floor":54,"key":"Kunai"}],"event_choices":[{"damage_healed":0.0,"max_hp_gain":0.0,"max_hp_loss":0.0,"gold_gain":75.0,"event_name":"World of Goop","player_choice":"Gather Gold","floor":2.0,"gold_loss":0.0,"damage_taken":11.0},{"damage_healed":0.0,"max_hp_gain":0.0,"max_hp_loss":0.0,"gold_gain":0.0,"event_name":"Shining Light","player_choice":"Entered Light","floor":4.0,"gold_loss":0.0,"damage_taken":14.0,"cards_upgraded":["Strike_G","Strike_G"]},{"cards_removed":["Flying Knee"],"damage_healed":0.0,"max_hp_gain":0.0,"max_hp_loss":0.0,"gold_gain":0.0,"event_name":"Beggar","player_choice":"Gave Gold","floor":19.0,"gold_loss":75.0,"damage_taken":0.0},{"damage_healed":0.0,"max_hp_gain":0.0,"max_hp_loss":0.0,"gold_gain":0.0,"event_name":"Cursed Tome","player_choice":"Obtained Book","floor":29.0,"gold_loss":0.0,"damage_taken":16.0},{"cards_removed":["Defend_G"],"damage_healed":0.0,"max_hp_gain":0.0,"max_hp_loss":0.0,"gold_gain":0.0,"event_name":"Back to Basics","player_choice":"Elegance","floor":31.0,"gold_loss":0.0,"damage_taken":0.0},{"damage_healed":0.0,"max_hp_gain":0.0,"max_hp_loss":0.0,"gold_gain":0.0,"event_name":"Tomb of Lord Red Mask","player_choice":"Ignored","floor":37.0,"gold_loss":0.0,"damage_taken":0.0},{"damage_healed":0.0,"max_hp_gain":0.0,"max_hp_loss":0.0,"gold_gain":0.0,"event_name":"Mysterious Sphere","player_choice":"Fight","floor":38.0,"gold_loss":0.0,"damage_taken":0.0},{"damage_healed":0.0,"max_hp_gain":0.0,"max_hp_loss":0.0,"gold_gain":0.0,"event_name":"MindBloom","player_choice":"Fight","floor":46.0,"gold_loss":0.0,"damage_taken":0.0},{"damage_healed":0.0,"max_hp_gain":0.0,"max_hp_loss":0.0,"gold_gain":0.0,"event_name":"NoteForYourself","player_choice":"Ignored","floor":47.0,"gold_loss":0.0,"damage_taken":0.0}],"is_beta":false,"boss_relics":[{"not_picked":["Runic Pyramid","Fusion Hammer"],"picked":"Astrolabe"},{"not_picked":["Coffee Dripper","Snecko Eye"],"picked":"WristBlade"}],"items_purged_floors":[12],"is_endless":false,"potions_floor_spawned":[6,8,10,11,24,25,28,36,38,40,44,48,54],"ascension_level":0}}