{"host":"jqbwv9vyd5ud9wcv","time":1609223943,"event":{"mods":["BaseMod","Hermit","Minty Spire (QoL Compilation)","StSLib","The Hierophant","The Runesmith"],"gold_per_floor":[109,109,128,128,145,145,128,153,153,55,55,83,113,106,106,130,130,85,95,95,72,72,72,77,77,77,37,37],"floor_reached":27,"playtime":1583,"items_purged":[],"score":213,"play_id":"54803ac0-b8ad-4065-bbb2-973ce746a5e2","local_time":"20201229013903","is_ascension_mode":false,"campfire_choices":[{"floor":11,"key":"REST"},{"floor":15,"key":"REST"},{"floor":23,"key":"REST"},{"floor":25,"key":"REST"}],"circlet_count":0,"master_deck":["hierophant:Strike_Hierophant","hierophant:Strike_Hierophant","hierophant:Strike_Hierophant","hierophant:Strike_Hierophant","hierophant:Punish","hierophant:Defend_Hierophant","hierophant:Defend_Hierophant","hierophant:Defend_Hierophant","hierophant:Defend_Hierophant+1","hierophant:ChurchCoffers","hierophant:ThreeLashes","hierophant:OrnateBuckler+1","Injury","hierophant:ThreeLashes","hierophant:Doubloon","hierophant:Charity","hierophant:HammerAndAnvil","hierophant:Upheaval","hierophant:Sermon","hierophant:ArchangelShield","hierophant:Purify","hierophant:SolarFlare","hierophant:Kindle","hierophant:SecretStash+1","hierophant:MorningPrayer","hierophant:DisplayOfPower","hierophant:RustyCrate","hierophant:Doubloon","hierophant:Doubloon"],"relics":["hierophant:PropheticMaskRelic","NeowsBlessing","Golden Idol","Odd Mushroom","Ornamental Fan","Shuriken","SlaversCollar","Blood Vial"],"acts_visited":["Exordium","TheCity"],"potions_floor_usage":[12,16,16,18,24,27],"damage_taken":[{"damage":0,"enemies":"2 Louse","floor":1,"turns":1},{"damage":0,"enemies":"Small Slimes","floor":3,"turns":1},{"damage":0,"enemies":"Jaw Worm","floor":5,"turns":1},{"damage":0,"enemies":"Looter","floor":7,"turns":2},{"damage":20,"enemies":"The Mushroom Lair","floor":8,"turns":5},{"damage":33,"enemies":"3 Sentries","floor":12,"turns":9},{"damage":12,"enemies":"Blue Slaver","floor":13,"turns":3},{"damage":0,"enemies":"Lots of Slimes","floor":14,"turns":6},{"damage":25,"enemies":"Slime Boss","floor":16,"turns":10},{"damage":29,"enemies":"Shell Parasite","floor":18,"turns":7},{"damage":12,"enemies":"Chosen","floor":19,"turns":5},{"damage":10,"enemies":"Shelled Parasite and Fungi","floor":24,"turns":5},{"damage":81,"enemies":"3 Cultists","floor":27,"turns":6}],"seed_played":"-6684949933778022794","potions_obtained":[{"floor":3,"key":"DistilledChaos"},{"floor":13,"key":"Fire Potion"},{"floor":14,"key":"PowerPotion"},{"floor":16,"key":"EssenceOfSteel"},{"floor":19,"key":"PowerPotion"},{"floor":24,"key":"SkillPotion"}],"is_trial":false,"path_per_floor":["M","?","M","?","M","?","M","?","T","$","R","E","M","M","R","B",null,"M","M","?","$","$","R","M","R","T","M"],"character_chosen":"HIEROPHANT","items_purchased":["hierophant:Upheaval","hierophant:Sermon","hierophant:DisplayOfPower"],"campfire_rested":4,"item_purchase_floors":[10,10,21],"current_hp_per_floor":[75,75,75,75,75,60,60,40,40,40,62,29,17,17,39,14,75,46,34,34,34,34,56,46,68,68,0,0],"gold":37,"neow_bonus":"THREE_ENEMY_KILL","is_daily":false,"chose_seed":false,"campfire_upgraded":0,"win_rate":0.0,"timestamp":1609223943,"path_taken":["M","?","M","?","?","?","M","?","T","?","R","E","M","M","R","BOSS","M","?","?","?","$","R","M","R","T","M"],"items_purchased_type":["Card","Card","Card"],"build_version":"2020-12-22","purchased_purges":0,"victory":false,"max_hp_per_floor":[75,75,75,75,75,75,75,75,75,75,75,75,75,75,75,75,75,75,75,75,75,75,75,75,75,75,75,75],"card_choices":[{"not_picked":["hierophant:RepressedViolence","hierophant:HammerAndAnvil"],"picked":"hierophant:ThreeLashes","floor":1},{"not_picked":["hierophant:Zeal","hierophant:Remorse"],"picked":"hierophant:OrnateBuckler","floor":3},{"not_picked":["hierophant:Smite","hierophant:Rebuild"],"picked":"hierophant:ThreeLashes","floor":5},{"not_picked":["hierophant:DisplayOfPower","hierophant:Purify"],"picked":"hierophant:Charity","floor":7},{"not_picked":["hierophant:AuricShield","hierophant:Shelter"],"picked":"hierophant:HammerAndAnvil","floor":8},{"not_picked":["hierophant:Doubloon","hierophant:Batter"],"picked":"hierophant:ArchangelShield","floor":12},{"not_picked":["hierophant:Zeal","hierophant:Shelter"],"picked":"hierophant:Purify","floor":13},{"not_picked":["hierophant:Smite","hierophant:Remorse"],"picked":"hierophant:SolarFlare","floor":14},{"not_picked":["hierophant:WrathOfGod","hierophant:Generosity"],"picked":"hierophant:Kindle","floor":16},{"not_picked":["hierophant:FlamingChariot","hierophant:Encroach"],"picked":"hierophant:SecretStash+1","floor":18},{"not_picked":["hierophant:Rebuild","hierophant:AuricShield"],"picked":"hierophant:MorningPrayer","floor":19},{"not_picked":["hierophant:Racketeering","hierophant:HolyVerse"],"picked":"hierophant:RustyCrate","floor":24}],"player_experience":5130,"relics_obtained":[{"floor":8,"key":"Odd Mushroom"},{"floor":9,"key":"Ornamental Fan"},{"floor":12,"key":"Shuriken"},{"floor":26,"key":"Blood Vial"}],"event_choices":[{"damage_healed":0,"gold_gain":0,"player_choice":"Leave","damage_taken":0,"max_hp_gain":0,"max_hp_loss":0,"event_name":"The Cleric","floor":2,"gold_loss":0},{"damage_healed":0,"gold_gain":0,"player_choice":"Take Wound","damage_taken":0,"relics_obtained":["Golden Idol"],"max_hp_gain":0,"max_hp_loss":0,"event_name":"Golden Idol","floor":4,"gold_loss":0,"cards_obtained":["Injury"]},{"damage_healed":0,"gold_gain":0,"player_choice":"Entered Light","damage_taken":15,"max_hp_gain":0,"max_hp_loss":0,"event_name":"Shining Light","floor":6,"gold_loss":0,"cards_upgraded":["hierophant:OrnateBuckler","hierophant:Defend_Hierophant"]},{"damage_healed":0,"gold_gain":0,"player_choice":"Fought Mushrooms","damage_taken":0,"max_hp_gain":0,"max_hp_loss":0,"event_name":"Mushrooms","floor":8,"gold_loss":0},{"damage_healed":0,"gold_gain":0,"player_choice":"Ignored","damage_taken":0,"max_hp_gain":0,"max_hp_loss":0,"event_name":"Ghosts","floor":20,"gold_loss":0}],"is_beta":false,"boss_relics":[{"not_picked":["Ectoplasm","Busted Crown"],"picked":"SlaversCollar"}],"items_purged_floors":[],"is_endless":false,"potions_floor_spawned":[3,13,14,16,19,24],"killed_by":"3 Cultists","ascension_level":0}}