{"host":"s0ikvqhe10eopvjn","time":1609266108,"event":{"mods":["Act Like it!","Bard","BaseMod","Block Reminder","Colored Map","Colored Powertips","DeckTracker","Downfall","Halation","Hallownest","Hermit","Highlight Path","Hubris","Infinite Spire","Mad Scientist","Minty Spire (QoL Compilation)","Permanent Neow","Random Character Button","Replay The Spire","StSLib","The Blackbeard","The Blue Laboratory","The Bug Knight","The Cursed","The Disciple","The Mystic","The Necromancer","The Servant 0.9.4"],"gold_per_floor":[99,99,119,135,135,147,147,147,147,147],"floor_reached":8,"playtime":459,"items_purged":[],"score":46,"play_id":"5e73f83b-43e6-4e59-815c-fedfb6a70f28","local_time":"20201229182148","is_ascension_mode":false,"campfire_choices":[{"data":"champ:Taunt","floor":1,"key":"SMITH"}],"circlet_count":0,"master_deck":["champ:Strike","champ:Strike","champ:Strike","champ:Strike","champ:Defend","champ:Defend","champ:Defend","champ:Defend","champ:Execute","champ:Taunt+1","champ:FanOfKnives","Regret","Pot Of Greed","Pot Of Greed","champ:ArenaPreparation","champ:RecklessLeap","infinitespire:FutureSight","champ:Backstep"],"relics":["champ:ChampionCrown","Grinning Jar","halation:VictoryRuler"],"acts_visited":["Exordium"],"potions_floor_usage":[],"damage_taken":[{"damage":18,"enemies":"Jaw Worm","floor":3,"turns":4},{"damage":5,"enemies":"2 Louse","floor":4,"turns":2},{"damage":43,"enemies":"Small Slimes","floor":6,"turns":2},{"damage":46,"enemies":"HollowMod:MossKnight","floor":8,"turns":7}],"seed_played":"3228143841185905859","potions_obtained":[{"floor":4,"key":"blueLaboratory:BottleOfVodka"}],"is_trial":false,"path_per_floor":["R","?","M","M","?","M","T","E"],"character_chosen":"THE_CHAMP","items_purchased":[],"campfire_rested":0,"item_purchase_floors":[],"current_hp_per_floor":[90,90,80,80,57,43,43,0,0,0],"gold":147,"neow_bonus":"THREE_CARDS","is_daily":false,"chose_seed":false,"campfire_upgraded":1,"win_rate":0.0,"timestamp":1609266108,"path_taken":["R","?","M","M","?","M","T","E"],"items_purchased_type":[],"build_version":"2020-12-22","purchased_purges":0,"victory":false,"max_hp_per_floor":[90,90,90,90,90,90,90,90,90,90],"card_choices":[{"not_picked":["champ:TornadoPunch","champ:BerserkersShout"],"picked":"champ:FanOfKnives","floor":0},{"not_picked":["champ:PerfectedStrike","champ:Circumvent"],"picked":"champ:ArenaPreparation","floor":3},{"not_picked":["champ:FaceSlap","champ:FlashCut"],"picked":"champ:RecklessLeap","floor":4},{"not_picked":["ReplayTheSpireMod:Haul","ReplayTheSpireMod:Book of Names"],"picked":"infinitespire:FutureSight","floor":5},{"not_picked":["champ:BladeFlurry","champ:Haymaker"],"picked":"champ:Backstep","floor":6}],"player_experience":77431,"relics_obtained":[{"floor":7,"key":"halation:VictoryRuler"}],"event_choices":[{"damage_healed":0,"gold_gain":0,"player_choice":"Box","damage_taken":0,"relics_obtained":["Grinning Jar"],"max_hp_gain":0,"max_hp_loss":0,"event_name":"Big Fish","floor":2,"gold_loss":0,"cards_obtained":["Regret"]}],"is_beta":false,"boss_relics":[],"items_purged_floors":[],"is_endless":false,"potions_floor_spawned":[4],"killed_by":"HollowMod:MossKnight","ascension_level":0}}