{"host":"f14d6hm2349s9jse","time":1609258661,"event":{"mods":["2.2 Compatiblity","BaseMod","JesterMod","Minty Spire (QoL Compilation)","StSLib"],"gold_per_floor":[161,177,452,462,477,477,507,507,507,507,538,23,43,43,43,146,146,166,166,81,100,100,127,155,155,155,177,214,64,91,201,201,307,307,326,386,441,455,455,455],"floor_reached":39,"playtime":3829,"items_purged":[],"score":529,"play_id":"6f83f907-2ce6-4359-b8c5-f88a3d9f2dbc","local_time":"20201229111741","is_ascension_mode":false,"campfire_choices":[{"data":"jesterMod:Sickle","floor":6,"key":"SMITH"},{"floor":8,"key":"REST"},{"data":"jesterMod:Finale","floor":15,"key":"SMITH"},{"floor":25,"key":"REST"},{"floor":32,"key":"REST"}],"circlet_count":0,"master_deck":["jesterMod:Sickle+1","jesterMod:Dodge+1","jesterMod:Haste","jesterMod:HitAndRun","jesterMod:Swiftness","Regret","jesterMod:Precipitation","jesterMod:Illness","jesterMod:Rebuff","jesterMod:Haste","jesterMod:Finale+1","jesterMod:Prankster","Flash of Steel","jesterMod:Juggle","jesterMod:Drunkenness","jesterMod:Mending+1","Doubt","jesterMod:Loot","Writhe","jesterMod:Encore","jesterMod:Haste+1","jesterMod:HedgehogForm","jesterMod:Mending","jesterMod:Pillage","jesterMod:OblivionStrike","jesterMod:Taunt","jesterMod:MudBall","jesterMod:Illness","jesterMod:Discretion","jesterMod:Drunkenness","jesterMod:Pillage","jesterMod:Exasperation+1","jesterMod:Precipitation+1"],"relics":["Tiny House","Orichalcum","Kunai","White Beast Statue","Mummified Hand","InkBottle","Cursed Key","Tingsha","Torii","Potion Belt","Gremlin Horn","Mercury Hourglass","TungstenRod","StrikeDummy","Pandora\u0027s Box","StoneCalendar","Shovel"],"acts_visited":["Exordium","TheCity","TheBeyond"],"potions_floor_usage":[11,23,23,24,31,31,31,31,31,35,37,37,38,39],"damage_taken":[{"damage":4,"enemies":"Jaw Worm","floor":1,"turns":4},{"damage":0,"enemies":"Cultist","floor":2,"turns":4},{"damage":0,"enemies":"2 Louse","floor":4,"turns":4},{"damage":7,"enemies":"Gremlin Gang","floor":5,"turns":5},{"damage":23,"enemies":"Lagavulin","floor":7,"turns":9},{"damage":17,"enemies":"3 Sentries","floor":11,"turns":11},{"damage":3,"enemies":"Blue Slaver","floor":13,"turns":5},{"damage":31,"enemies":"Hexaghost","floor":16,"turns":14},{"damage":4,"enemies":"Shell Parasite","floor":18,"turns":6},{"damage":4,"enemies":"3 Byrds","floor":21,"turns":3},{"damage":15,"enemies":"Slavers","floor":23,"turns":5},{"damage":16,"enemies":"Shelled Parasite and Fungi","floor":24,"turns":6},{"damage":11,"enemies":"Sentry and Sphere","floor":27,"turns":5},{"damage":7,"enemies":"Gremlin Leader","floor":28,"turns":4},{"damage":5,"enemies":"Chosen and Byrds","floor":30,"turns":4},{"damage":9,"enemies":"Colosseum Slavers","floor":31,"turns":2},{"damage":2,"enemies":"Colosseum Nobs","floor":31,"turns":3},{"damage":20,"enemies":"Champ","floor":33,"turns":11},{"damage":1,"enemies":"3 Shapes","floor":35,"turns":3},{"damage":7,"enemies":"Mind Bloom Boss Battle","floor":36,"turns":6},{"damage":56,"enemies":"2 Orb Walkers","floor":37,"turns":4},{"damage":0,"enemies":"Orb Walker","floor":38,"turns":2},{"damage":20,"enemies":"Jaw Worm Horde","floor":39,"turns":1}],"seed_played":"6961938884059436538","potions_obtained":[{"floor":0,"key":"GamblersBrew"},{"floor":7,"key":"ColorlessPotion"},{"floor":11,"key":"AttackPotion"},{"floor":13,"key":"Fire Potion"},{"floor":16,"key":"Regen Potion"},{"floor":23,"key":"DuplicationPotion"},{"floor":24,"key":"FearPotion"},{"floor":27,"key":"FearPotion"},{"floor":28,"key":"Ancient Potion"},{"floor":30,"key":"AttackPotion"},{"floor":31,"key":"Energy Potion"},{"floor":33,"key":"Dexterity Potion"},{"floor":35,"key":"Explosive Potion"},{"floor":36,"key":"Swift Potion"},{"floor":37,"key":"Fire Potion"},{"floor":38,"key":"PowerPotion"}],"is_trial":false,"path_per_floor":["M","M","?","M","M","R","E","R","T","?","E","$","M","?","R","B",null,"M","T","?","M","?","E","M","R","T","M","E","$","M","?","R","B",null,"M","?","?","M","M"],"character_chosen":"THE_JESTER","items_purchased":["Mummified Hand","jesterMod:Finale","jesterMod:Prankster","Flash of Steel","jesterMod:HedgehogForm"],"campfire_rested":3,"item_purchase_floors":[12,12,12,12,29],"current_hp_per_floor":[71,71,71,71,64,64,41,63,63,63,46,46,43,43,43,12,75,71,71,71,67,67,52,41,63,63,52,45,45,40,29,51,31,75,74,67,14,14,0,0],"gold":455,"neow_bonus":"BOSS_RELIC","is_daily":false,"chose_seed":false,"campfire_upgraded":2,"win_rate":0.0,"timestamp":1609258661,"path_taken":["M","M","?","M","?","R","E","R","T","?","E","$","?","?","R","BOSS","M","?","?","M","?","E","M","R","T","?","E","?","?","?","R","BOSS","M","?","?","?","?"],"items_purchased_type":["Relic","Card","Card","Card","Card"],"build_version":"2020-12-22","purchased_purges":0,"victory":false,"max_hp_per_floor":[75,75,75,75,75,75,75,75,75,75,75,75,75,75,75,75,75,75,75,75,75,75,75,75,75,75,75,75,75,75,75,75,75,75,75,75,78,78,78,78],"card_choices":[{"not_picked":["jesterMod:Patience","jesterMod:SmokeScreen"],"picked":"jesterMod:Haste","floor":0},{"not_picked":["jesterMod:Feint","jesterMod:Pause"],"picked":"jesterMod:HitAndRun","floor":1},{"not_picked":["jesterMod:Dilapidation","jesterMod:Prankster"],"picked":"jesterMod:Swiftness","floor":2},{"not_picked":["jesterMod:Anticipation","jesterMod:Talion"],"picked":"jesterMod:Precipitation","floor":4},{"not_picked":["jesterMod:Tinker","jesterMod:Patience","jesterMod:QuickStrike"],"picked":"SKIP","floor":5},{"not_picked":["jesterMod:Patience","jesterMod:JackInTheBox"],"picked":"jesterMod:Illness","floor":7},{"not_picked":["jesterMod:Patience","jesterMod:Talion"],"picked":"jesterMod:Haste","floor":11},{"not_picked":["jesterMod:Discretion","jesterMod:Tinker"],"picked":"jesterMod:Juggle","floor":13},{"not_picked":["jesterMod:Leeches","jesterMod:Juggler"],"picked":"jesterMod:Drunkenness","floor":16},{"not_picked":["jesterMod:Arrythmia","jesterMod:TrickyDodge"],"picked":"jesterMod:Mending+1","floor":18},{"not_picked":["jesterMod:DesperateStrike","jesterMod:Dilapidation","jesterMod:Feint"],"picked":"SKIP","floor":21},{"not_picked":["jesterMod:Talion","jesterMod:TrickyDodge"],"picked":"jesterMod:Loot","floor":23},{"not_picked":["jesterMod:Patience+1","jesterMod:Arrythmia","jesterMod:Rebuff+1"],"picked":"SKIP","floor":24},{"not_picked":["jesterMod:Rebuff+1","jesterMod:Illness+1"],"picked":"jesterMod:Encore","floor":27},{"not_picked":["jesterMod:Procrastination","jesterMod:Feint+1"],"picked":"jesterMod:Haste+1","floor":28},{"not_picked":["jesterMod:DancingMad","jesterMod:Hide","jesterMod:Tinker"],"picked":"SKIP","floor":30},{"not_picked":["jesterMod:TrickyDodge+1","jesterMod:DanceOfChaos"],"picked":"jesterMod:Mending","floor":31},{"not_picked":["jesterMod:Squander","jesterMod:Trance"],"picked":"jesterMod:Pillage","floor":33},{"not_picked":["jesterMod:BouncingKnife+1","jesterMod:QuickStrike"],"picked":"jesterMod:Exasperation+1","floor":35},{"not_picked":["jesterMod:RecklessStrike","jesterMod:SwiftDodge+1"],"picked":"jesterMod:Precipitation+1","floor":37},{"not_picked":["jesterMod:SmokeScreen","jesterMod:OblivionStrike+1","jesterMod:Tinker"],"picked":"SKIP","floor":38}],"player_experience":2464639,"relics_obtained":[{"floor":7,"key":"Orichalcum"},{"floor":9,"key":"Kunai"},{"floor":11,"key":"White Beast Statue"},{"floor":19,"key":"Tingsha"},{"floor":23,"key":"Potion Belt"},{"floor":26,"key":"Gremlin Horn"},{"floor":28,"key":"Mercury Hourglass"},{"floor":31,"key":"TungstenRod"},{"floor":31,"key":"StrikeDummy"},{"floor":36,"key":"StoneCalendar"},{"floor":37,"key":"Shovel"}],"event_choices":[{"damage_healed":0,"gold_gain":275,"player_choice":"Desecrate","damage_taken":0,"max_hp_gain":0,"max_hp_loss":0,"event_name":"Golden Shrine","floor":3,"gold_loss":0,"cards_obtained":["Regret"]},{"damage_healed":0,"gold_gain":0,"cards_transformed":["jesterMod:Strike"],"player_choice":"Transformed","damage_taken":0,"max_hp_gain":0,"max_hp_loss":0,"event_name":"Transmorgrifier","floor":10,"gold_loss":0,"cards_obtained":["jesterMod:Rebuff"]},{"damage_healed":0,"gold_gain":0,"player_choice":"Gave Potion","damage_taken":0,"relics_obtained":["InkBottle"],"max_hp_gain":0,"max_hp_loss":0,"event_name":"WeMeetAgain","floor":14,"gold_loss":0},{"damage_healed":0,"gold_gain":0,"player_choice":"Obtained Relic","damage_taken":0,"relics_obtained":["Torii"],"max_hp_gain":0,"max_hp_loss":0,"event_name":"Addict","floor":20,"gold_loss":85},{"damage_healed":0,"gold_gain":0,"player_choice":"Ignored","damage_taken":0,"max_hp_gain":0,"max_hp_loss":0,"event_name":"Vampires","floor":22,"gold_loss":0},{"damage_healed":0,"gold_gain":0,"player_choice":"Fight","damage_taken":0,"max_hp_gain":0,"max_hp_loss":0,"event_name":"Colosseum","floor":31,"gold_loss":0},{"damage_healed":0,"gold_gain":0,"player_choice":"Fought Nobs","damage_taken":0,"max_hp_gain":0,"max_hp_loss":0,"event_name":"Colosseum","floor":31,"gold_loss":0},{"damage_healed":0,"gold_gain":0,"player_choice":"Fight","damage_taken":0,"max_hp_gain":0,"max_hp_loss":0,"event_name":"MindBloom","floor":36,"gold_loss":0},{"damage_healed":0,"gold_gain":0,"player_choice":"Fight","damage_taken":0,"max_hp_gain":0,"max_hp_loss":0,"event_name":"Mysterious Sphere","floor":37,"gold_loss":0}],"is_beta":false,"boss_relics":[{"not_picked":["Runic Dome","jesterMod:JokerCard"],"picked":"Cursed Key"},{"not_picked":["SacredBark","Coffee Dripper"],"picked":"Pandora\u0027s Box"}],"items_purged_floors":[],"is_endless":false,"potions_floor_spawned":[7,11,13,16,18,21,23,24,27,28,30,31,31,33,35,36,37,38],"killed_by":"Jaw Worm Horde","ascension_level":0}}