{"host":"s1gi8xs3so6zkrm7","time":1609216700,"event":{"mods":["BaseMod","Filter the Spire","Minty Spire (QoL Compilation)"],"gold_per_floor":[111,111,111,128,146,146,159,159,240,240,255,274,286,286,286,388,388,402,248,267,267,267],"floor_reached":21,"playtime":1580,"items_purged":["Hemokinesis"],"score":225,"play_id":"c57c3e1c-319c-4177-832f-958369fd8684","local_time":"20201228223820","is_ascension_mode":true,"campfire_choices":[{"data":"Searing Blow","floor":6,"key":"SMITH"},{"data":"Searing Blow+1","floor":8,"key":"SMITH"},{"data":"Searing Blow+2","floor":10,"key":"SMITH"},{"floor":15,"key":"REST"}],"circlet_count":0,"master_deck":["Bash","Armaments+1","Rampage","Searing Blow+3","Demon Form","Spot Weakness","Reaper","Berserk","Thunderclap","Flex","Wild Strike","Fire Breathing","Clash","Shrug It Off","Bludgeon","Wild Strike","Evolve"],"relics":["Runic Dome","Blue Candle","Pandora\u0027s Box"],"acts_visited":["Exordium","TheCity"],"potions_floor_usage":[],"damage_taken":[{"damage":0,"enemies":"Small Slimes","floor":1,"turns":3},{"damage":1,"enemies":"Cultist","floor":4,"turns":3},{"damage":0,"enemies":"2 Louse","floor":5,"turns":2},{"damage":12,"enemies":"Lots of Slimes","floor":7,"turns":4},{"damage":4,"enemies":"Large Slime","floor":11,"turns":4},{"damage":0,"enemies":"2 Fungi Beasts","floor":12,"turns":2},{"damage":2,"enemies":"3 Louse","floor":13,"turns":2},{"damage":33,"enemies":"The Guardian","floor":16,"turns":8},{"damage":30,"enemies":"Chosen","floor":18,"turns":4},{"damage":43,"enemies":"3 Byrds","floor":20,"turns":4},{"damage":18,"enemies":"Cultist and Chosen","floor":21,"turns":1}],"seed_played":"-6436790658747843588","potions_obtained":[{"floor":3,"key":"Fire Potion"},{"floor":3,"key":"Strength Potion"},{"floor":3,"key":"Block Potion"},{"floor":5,"key":"CultistPotion"}],"is_trial":false,"path_per_floor":["M","?","?","M","M","R","M","R","T","R","M","M","M","?","R","B",null,"M","$","M","M"],"character_chosen":"IRONCLAD","items_purchased":["Evolve"],"campfire_rested":1,"item_purchase_floors":[19],"current_hp_per_floor":[72,56,56,55,55,55,43,43,43,43,39,39,37,30,54,25,66,49,49,6,0,0],"gold":267,"neow_bonus":"BOSS_RELIC","is_daily":false,"chose_seed":false,"campfire_upgraded":3,"win_rate":0.0,"timestamp":1609216700,"path_taken":["M","?","?","M","M","R","M","R","T","R","?","?","M","?","R","BOSS","M","$","M","M"],"items_purchased_type":["Card"],"build_version":"2020-12-22","purchased_purges":1,"victory":false,"max_hp_per_floor":[80,80,80,80,80,80,80,80,80,80,80,80,80,80,80,80,80,80,80,80,80,80],"card_choices":[{"not_picked":["Wild Strike","Anger"],"picked":"Armaments","floor":1},{"not_picked":["Wild Strike","Heavy Blade"],"picked":"Rampage","floor":4},{"not_picked":["Ghostly Armor","Clash"],"picked":"Searing Blow","floor":5},{"not_picked":["True Grit","Body Slam"],"picked":"Demon Form","floor":7},{"not_picked":["Disarm","Evolve","Intimidate"],"picked":"SKIP","floor":11},{"not_picked":["Pommel Strike","Feel No Pain"],"picked":"Spot Weakness","floor":12},{"not_picked":["Clothesline","Flex"],"picked":"Reaper","floor":13},{"not_picked":["Bludgeon","Exhume"],"picked":"Berserk","floor":16},{"not_picked":["Sever Soul","Pummel"],"picked":"Wild Strike","floor":18},{"not_picked":["Clash","Body Slam","Rupture"],"picked":"SKIP","floor":20}],"player_experience":213484,"relics_obtained":[{"floor":9,"key":"Blue Candle"}],"event_choices":[{"damage_healed":0,"gold_gain":0,"player_choice":"Entered Light","damage_taken":16,"max_hp_gain":0,"max_hp_loss":0,"event_name":"Shining Light","floor":2,"gold_loss":0,"cards_upgraded":["Defend_R","Armaments"]},{"damage_healed":0,"gold_gain":0,"player_choice":"Got Potions","damage_taken":0,"max_hp_gain":0,"max_hp_loss":0,"event_name":"Lab","floor":3,"gold_loss":0},{"cards_removed":["Strike_R"],"damage_healed":0,"gold_gain":0,"player_choice":"Card Removal","damage_taken":7,"max_hp_gain":0,"max_hp_loss":0,"event_name":"Golden Wing","floor":14,"gold_loss":0}],"is_beta":false,"boss_relics":[{"not_picked":["SlaversCollar","Busted Crown"],"picked":"Pandora\u0027s Box"}],"items_purged_floors":[19],"is_endless":false,"potions_floor_spawned":[5,7,13,16],"killed_by":"Cultist and Chosen","ascension_level":6}}