{"host":"l017gercouzhorma","time":1609200237,"event":{"mods":["AchievementEnabler","Aspiration","BaseMod","Challenge The Spire","Conspire","Downfall","Halation","Hermit","Hubris","Infinite Spire","Jorbs\u0027s Wanderer Trilogy","Mad Scientist","Marisa????????","Mimic Mod","Minty Spire (QoL Compilation)","Random Character Button","Rare Cards Sparkle","Relic Stats","Replay The Spire","Shade Mod","StSLib","The Cursed","The Disciple","The Hierophant","The Jungle","The Runesmith","The Servant 0.9.4"],"gold_per_floor":[111,128,138,138,150,184,184,184,214,214,214],"floor_reached":10,"playtime":1028,"items_purged":[],"score":71,"play_id":"0ada639c-57be-495d-b498-b8b580ea8d1a","local_time":"20201228170357","is_ascension_mode":true,"campfire_choices":[{"data":"TheCursedMod:CircleOfWindfury","floor":8.0,"key":"SMITH"}],"circlet_count":0,"master_deck":["TheCursedMod:Strike_TheCursed","TheCursedMod:Strike_TheCursed","TheCursedMod:Strike_TheCursed","TheCursedMod:Strike_TheCursed","TheCursedMod:Defend_TheCursed","TheCursedMod:Defend_TheCursed","TheCursedMod:Defend_TheCursed","TheCursedMod:Defend_TheCursed","TheCursedMod:CursedWand","TheCursedMod:CleanUpWorkshop+1","TheCursedMod:Dregs","TheCursedMod:BloodBarrier","TheCursedMod:CircleOfFlame","TheCursedMod:CircleOfWindfury+1","TheCursedMod:SpreadPlague+1","TheCursedMod:AntiAging","Regret","TheCursedMod:SmokeScreen"],"relics":["TheCursedMod:BlackMagic101","Unceasing Top","War Paint","Matryoshka","Question Card","Ancient Tea Set"],"acts_visited":["Exordium"],"potions_floor_usage":[9],"damage_taken":[{"damage":5.0,"enemies":"Jaw Worm","floor":1.0,"turns":3.0},{"damage":5.0,"enemies":"2 Louse","floor":2.0,"turns":4.0},{"damage":0.0,"enemies":"Small Slimes","floor":3.0,"turns":4.0},{"damage":12.0,"enemies":"2 Fungi Beasts","floor":5.0,"turns":5.0},{"damage":47.0,"enemies":"3 Sentries","floor":6.0,"turns":11.0},{"damage":3,"enemies":"Large Slime","floor":9,"turns":11},{"damage":4,"enemies":"Replay:BlueRogue","floor":10,"turns":3}],"seed_played":"-1667371319969340069","potions_obtained":[{"floor":3.0,"key":"LiquidMemories"},{"floor":6.0,"key":"SpeedPotion"}],"is_trial":false,"path_per_floor":["M","M","M","?","M","E","?","R","MIM","E"],"character_chosen":"THE_CURSED","items_purchased":[],"campfire_rested":0,"item_purchase_floors":[],"current_hp_per_floor":[77,72,72,69,57,10,10,10,9,5,5],"gold":214,"neow_bonus":"TEN_PERCENT_HP_BONUS","is_daily":false,"chose_seed":false,"campfire_upgraded":1,"win_rate":0.0,"timestamp":1609200237,"path_taken":["M","M","M","?","M","E","?","R","MIM","E"],"items_purchased_type":[],"build_version":"2020-12-22","purchased_purges":0,"victory":false,"max_hp_per_floor":[82,82,82,82,82,82,82,82,84,84,84],"relic_stats":{"counters":[7,41],"War Paint":["TheCursedMod:SpreadPlague","TheCursedMod:CleanUpWorkshop"],"Question Card":0,"obtain_stats":[{"TheCursedMod:BlackMagic101":0,"Matryoshka":7,"War Paint":6,"Question Card":9,"Ancient Tea Set":9,"Unceasing Top":4},{"TheCursedMod:BlackMagic101":0,"Matryoshka":5,"War Paint":5,"Question Card":6,"Ancient Tea Set":6,"Unceasing Top":3},{"TheCursedMod:BlackMagic101":0,"Matryoshka":27,"War Paint":27,"Question Card":38,"Ancient Tea Set":38,"Unceasing Top":11}],"Unceasing Top":[0]},"card_choices":[{"not_picked":["TheCursedMod:AshesToAshes","TheCursedMod:SpitefulPlan"],"picked":"TheCursedMod:BloodBarrier","floor":1.0},{"not_picked":["TheCursedMod:SurpriseAttack","TheCursedMod:Mangle"],"picked":"TheCursedMod:CircleOfFlame","floor":2.0},{"not_picked":["TheCursedMod:Stretching","TheCursedMod:PrepareRite"],"picked":"TheCursedMod:CircleOfWindfury","floor":3.0},{"not_picked":["TheCursedMod:SaltUponWound","TheCursedMod:Stigma"],"picked":"TheCursedMod:SpreadPlague","floor":5.0},{"not_picked":["TheCursedMod:Evocation","TheCursedMod:WearCloak"],"picked":"TheCursedMod:AntiAging","floor":6.0},{"not_picked":["TheCursedMod:Stigma","TheCursedMod:Torture"],"picked":"TheCursedMod:SmokeScreen","floor":9}],"player_experience":799135,"relics_obtained":[{"floor":6.0,"key":"War Paint"},{"floor":9,"key":"Question Card"},{"floor":9,"key":"Ancient Tea Set"}],"event_choices":[{"damage_healed":0.0,"max_hp_gain":0.0,"max_hp_loss":0.0,"gold_gain":0.0,"event_name":"Scrap Ooze","player_choice":"Success","floor":4.0,"gold_loss":0.0,"damage_taken":3.0,"relics_obtained":["Unceasing Top"]},{"damage_healed":0.0,"max_hp_gain":0.0,"max_hp_loss":0.0,"gold_gain":0.0,"event_name":"Big Fish","player_choice":"Box","floor":7.0,"gold_loss":0.0,"damage_taken":0.0,"relics_obtained":["Matryoshka"],"cards_obtained":["Regret"]}],"is_beta":false,"boss_relics":[],"items_purged_floors":[],"is_endless":false,"potions_floor_spawned":[3,6],"killed_by":"Replay:BlueRogue","ascension_level":1}}