{"host":"4qin5krp9hszysdc","time":1609225893,"event":{"mods":["AchievementEnabler","BaseMod","BetterRewards","Infinite Spire","Minty Spire (QoL Compilation)","Quick Restart","StSLib"],"gold_per_floor":[110,120,120,131,146,180,180,211,211,243,243,272,272,272,272,374,374,374,4,34,34,34],"floor_reached":21,"playtime":1329,"items_purged":["Strike_P","Defend_P"],"score":455,"play_id":"937c91bb-ddb8-498a-b5bf-2c99c6d29577","local_time":"20201229021133","is_ascension_mode":true,"campfire_choices":[{"floor":7.0,"key":"REST"},{"floor":11.0,"key":"REST"},{"data":"TalkToTheHand","floor":15.0,"key":"SMITH"},{"data":"Defend_P","floor":18.0,"key":"PURGE"}],"circlet_count":0,"master_deck":["AscendersBane","Strike_P","Strike_P","Defend_P","Defend_P","Eruption","Vigilance","LikeWater+1","DeceiveReality+1","Wallop","Protect+1","Halt+1","Indignation+1","TalkToTheHand+1","Vault+1","infinitespire:Collect+1","Evaluate+1","MasterReality+1","Discovery+1","ThirdEye+1","FlyingSleeves+1"],"relics":["PureWater","Frozen Egg 2","Peace Pipe","Toxic Egg 2","Unceasing Top","ClockworkSouvenir","CultistMask","Art of War","Pen Nib","infinitespire:Eraser","Lizard Tail","Happy Flower","Regal Pillow","Runic Pyramid","infinitespire:Cupcake","Pocketwatch"],"acts_visited":["Exordium","TheEnding"],"potions_floor_usage":[20,20],"damage_taken":[{"damage":0.0,"enemies":"Cultist","floor":1.0,"turns":4.0},{"damage":0.0,"enemies":"Small Slimes","floor":2.0,"turns":4.0},{"damage":4.0,"enemies":"2 Louse","floor":4.0,"turns":3.0},{"damage":0.0,"enemies":"Large Slime","floor":5.0,"turns":7.0},{"damage":2.0,"enemies":"3 Sentries","floor":6.0,"turns":11.0},{"damage":10.0,"enemies":"Gremlin Nob","floor":8.0,"turns":5.0},{"damage":25.0,"enemies":"Lagavulin","floor":10.0,"turns":8.0},{"damage":3.0,"enemies":"Nightmare","floor":12.0,"turns":11.0},{"damage":9.0,"enemies":"The Guardian","floor":16.0,"turns":11.0},{"damage":5,"enemies":"Shield and Spear","floor":20,"turns":6},{"damage":94,"enemies":"The Heart","floor":21,"turns":6}],"seed_played":"7839874989449171151","potions_obtained":[{"floor":1.0,"key":"Strength Potion"},{"floor":6.0,"key":"Weak Potion"},{"floor":8.0,"key":"Swift Potion"}],"is_trial":false,"path_per_floor":["M","M","?","M","M","E","R","E","T","E","R","NM","?","AVR","R","B",null,"R","$","E","B"],"character_chosen":"WATCHER","items_purchased":["Frozen Egg 2","LikeWater+1","Toxic Egg 2","ClockworkSouvenir","infinitespire:BlackPotion","Discovery+1","ThirdEye+1"],"campfire_rested":2,"item_purchase_floors":[0,0,0,0,19,19,19],"current_hp_per_floor":[24,24,24,20,20,18,39,29,29,4,25,22,22,22,22,13,57,57,57,52,0,0],"gold":34,"neow_bonus":"","is_daily":false,"chose_seed":false,"campfire_upgraded":1,"win_rate":0.0,"timestamp":1609225893,"path_taken":["M","M","?","?","?","E","R","E","T","E","R","NM","?","AVR","R","BOSS","R","$","E","BOSS"],"items_purchased_type":["Relic","Card","Relic","Relic","Potion","Card","Card"],"build_version":"2020-12-22","purchased_purges":2,"victory":false,"max_hp_per_floor":[72,72,72,72,72,72,72,72,72,72,72,72,72,72,72,72,72,72,72,72,72,72],"card_choices":[{"not_picked":["EmptyFist","SandsOfTime"],"picked":"DeceiveReality+1","floor":1.0},{"not_picked":["CrushJoints","Sanctity+1"],"picked":"Wallop","floor":2.0},{"not_picked":["BowlingBash","Prostrate+1"],"picked":"Protect+1","floor":4.0},{"not_picked":["ThirdEye+1","Collect+1"],"picked":"Halt+1","floor":5.0},{"not_picked":["Fasting2+1","FlurryOfBlows"],"picked":"Indignation+1","floor":6.0},{"not_picked":["FlyingSleeves","EmptyBody+1"],"picked":"TalkToTheHand","floor":8.0},{"not_picked":["Prostrate+1","JustLucky"],"picked":"Vault+1","floor":10.0},{"not_picked":["infinitespire:NeuralNetwork","infinitespire:Execution"],"picked":"infinitespire:Collect","floor":12.0},{"not_picked":["ReachHeaven","Halt+1"],"picked":"Evaluate+1","floor":12.0},{"not_picked":["Judgement+1","Ragnarok"],"picked":"MasterReality+1","floor":16.0},{"not_picked":["EmptyMind+1","EmptyFist"],"picked":"FlyingSleeves+1","floor":20}],"player_experience":2743399,"relics_obtained":[{"floor":6.0,"key":"Art of War"},{"floor":8.0,"key":"Pen Nib"},{"floor":9.0,"key":"infinitespire:Eraser"},{"floor":10.0,"key":"Lizard Tail"},{"floor":12.0,"key":"Happy Flower"},{"floor":20,"key":"Pocketwatch"}],"event_choices":[{"damage_healed":0.0,"max_hp_gain":0.0,"max_hp_loss":0.0,"gold_gain":0.0,"event_name":"FaceTrader","player_choice":"Trade","floor":3.0,"gold_loss":0.0,"damage_taken":0.0,"relics_obtained":["CultistMask"]},{"cards_removed":["Strike_P"],"damage_healed":0.0,"max_hp_gain":0.0,"max_hp_loss":0.0,"gold_gain":0.0,"event_name":"Bonfire Elementals","player_choice":"Offered Basic","floor":13.0,"gold_loss":0.0,"damage_taken":0.0}],"is_beta":false,"boss_relics":[{"not_picked":["Snecko Eye","Calling Bell"],"picked":"infinitespire:Cupcake"}],"items_purged_floors":[14,19],"is_endless":true,"potions_floor_spawned":[1,6,8],"killed_by":"The Heart","ascension_level":10}}