{"host":"9ndbo4kgsfoemf7y","time":1609249228,"event":{"mods":["AchievementEnabler","BaseMod","Colored Map","DeckTracker","Keyboard Shortcuts","Minty Spire (QoL Compilation)","Permanent Neow","Quick Restart","Relic Stats","StSLib","SuperFastMode"],"gold_per_floor":[12,22,33,7,18,50,50,60,85,35,67,67,77,97,97,196,196,214,139,139,139,158,158,173,173,173,88,88,104,104,104],"floor_reached":30,"playtime":1177,"items_purged":["Hello World+1"],"score":290,"play_id":"cd13827d-3395-4a85-b731-74d33e352add","local_time":"20201229224028","is_ascension_mode":true,"campfire_choices":[{"data":"White Noise","floor":7.0,"key":"SMITH"},{"floor":12.0,"key":"REST"},{"data":"Genetic Algorithm","floor":15.0,"key":"SMITH"},{"data":"RitualDagger","floor":23,"key":"SMITH"},{"floor":25,"key":"REST"},{"data":"Double Energy","floor":28,"key":"SMITH"}],"circlet_count":0,"master_deck":["Defend_B","Defend_B","Zap","White Noise+1","Streamline","BootSequence","Sunder","Coolheaded","Sweeping Beam","Defragment","Genetic Algorithm+1","Melter","Conserve Battery","Seek","Fusion+1","Force Field+1","Gash","Storm","RitualDagger+1","Double Energy+1","Hologram+1","Genetic Algorithm"],"relics":["Cracked Core","Bronze Scales","Bag of Preparation","Happy Flower","Astrolabe","Art of War","Dream Catcher"],"acts_visited":["Exordium","TheCity"],"potions_floor_usage":[29,30,30],"damage_taken":[{"damage":6.0,"enemies":"2 Louse","floor":1.0,"turns":2.0},{"damage":7.0,"enemies":"Small Slimes","floor":2.0,"turns":3.0},{"damage":2.0,"enemies":"Jaw Worm","floor":3.0,"turns":2.0},{"damage":0.0,"enemies":"2 Fungi Beasts","floor":5.0,"turns":2.0},{"damage":5.0,"enemies":"Lagavulin","floor":6.0,"turns":5.0},{"damage":0.0,"enemies":"Large Slime","floor":8.0,"turns":4.0},{"damage":39.0,"enemies":"Gremlin Nob","floor":11.0,"turns":5.0},{"damage":0.0,"enemies":"Blue Slaver","floor":13.0,"turns":4.0},{"damage":6.0,"enemies":"Red Slaver","floor":14.0,"turns":3.0},{"damage":15.0,"enemies":"The Guardian","floor":16.0,"turns":10.0},{"damage":9.0,"enemies":"Chosen","floor":18.0,"turns":6.0},{"damage":7,"enemies":"3 Byrds","floor":22,"turns":2},{"damage":44,"enemies":"Shelled Parasite and Fungi","floor":24,"turns":5},{"damage":25,"enemies":"Snake Plant","floor":29,"turns":5},{"damage":21,"enemies":"Gremlin Leader","floor":30,"turns":7}],"seed_played":"905211925191990459","potions_obtained":[{"floor":1.0,"key":"AttackPotion"},{"floor":11.0,"key":"SpeedPotion"},{"floor":13.0,"key":"Regen Potion"},{"floor":16.0,"key":"Block Potion"},{"floor":29,"key":"Swift Potion"}],"is_trial":false,"path_per_floor":["M","M","M","$","M","E","R","M","T","?","E","R","M","M","R","B",null,"M","$","?","?","M","R","M","R","T","?","R","M","E"],"character_chosen":"DEFECT","items_purchased":["Coolheaded"],"campfire_rested":2,"item_purchase_floors":[4],"current_hp_per_floor":[69,62,60,60,60,55,55,55,55,55,16,38,38,32,32,17,75,66,66,66,60,53,53,9,31,31,31,31,18,0,0],"gold":104,"neow_bonus":"TRANSFORM_TWO_CARDS","is_daily":false,"chose_seed":false,"campfire_upgraded":4,"win_rate":0.0,"timestamp":1609249228,"path_taken":["M","M","M","$","M","E","R","M","T","?","E","R","M","M","R","BOSS","M","$","?","?","M","R","M","R","T","?","R","M","E"],"items_purchased_type":["Card"],"build_version":"2020-12-22","purchased_purges":1,"victory":false,"max_hp_per_floor":[75,75,75,75,75,75,75,75,75,75,75,75,75,75,75,75,75,75,75,75,75,75,75,75,75,75,75,75,75,75,75],"relic_stats":{"Dream Catcher":0,"Happy Flower":[14],"counters":[15,65],"Bronze Scales":[201],"Astrolabe":["Fusion","Hello World","Force Field"],"Bag of Preparation":[18],"Art of War":[1],"obtain_stats":[{"Dream Catcher":27,"Happy Flower":11,"Bronze Scales":6,"Astrolabe":17,"Bag of Preparation":9,"Art of War":26,"Cracked Core":0},{"Dream Catcher":13,"Happy Flower":7,"Bronze Scales":5,"Astrolabe":10,"Bag of Preparation":6,"Art of War":13,"Cracked Core":0},{"Dream Catcher":53,"Happy Flower":23,"Bronze Scales":14,"Astrolabe":40,"Bag of Preparation":18,"Art of War":53,"Cracked Core":0}]},"card_choices":[{"not_picked":["Heatsinks","Compile Driver"],"picked":"Streamline","floor":1.0},{"not_picked":["Redo","Coolheaded"],"picked":"BootSequence","floor":2.0},{"not_picked":["Turbo","Stack"],"picked":"Sunder","floor":3.0},{"not_picked":["Steam","Gash"],"picked":"Sweeping Beam","floor":5.0},{"not_picked":["Steam","Heatsinks"],"picked":"Defragment","floor":6.0},{"not_picked":["Rebound","Ball Lightning"],"picked":"Genetic Algorithm","floor":8.0},{"not_picked":["Coolheaded","Barrage","Doom and Gloom"],"picked":"SKIP","floor":11.0},{"not_picked":["Coolheaded","Go for the Eyes"],"picked":"Melter","floor":13.0},{"not_picked":["Reinforced Body","Scrape"],"picked":"Conserve Battery","floor":14.0},{"not_picked":["Meteor Strike","Hyperbeam"],"picked":"Seek","floor":16.0},{"not_picked":["Steam+1","Go for the Eyes","Barrage"],"picked":"SKIP","floor":18.0},{"not_picked":["Recycle","Barrage+1"],"picked":"Double Energy","floor":22},{"not_picked":["Sunder","White Noise"],"picked":"Hologram+1","floor":24},{"not_picked":["Steam","Turbo+1"],"picked":"Genetic Algorithm","floor":29}],"player_experience":763475,"relics_obtained":[{"floor":6.0,"key":"Bronze Scales"},{"floor":9.0,"key":"Bag of Preparation"},{"floor":11.0,"key":"Happy Flower"},{"floor":26,"key":"Art of War"}],"event_choices":[{"cards_removed":["Strike_B"],"damage_healed":0.0,"max_hp_gain":0.0,"max_hp_loss":0.0,"gold_gain":0.0,"event_name":"The Cleric","player_choice":"Card Removal","floor":10.0,"gold_loss":50.0,"damage_taken":0.0},{"damage_healed":0.0,"max_hp_gain":0.0,"max_hp_loss":0.0,"gold_gain":0.0,"cards_transformed":["Defend_B","Dualcast"],"event_name":"Drug Dealer","player_choice":"Became Test Subject","floor":20.0,"gold_loss":0.0,"damage_taken":0.0,"cards_obtained":["Gash","Storm"]},{"damage_healed":0.0,"max_hp_gain":0.0,"max_hp_loss":0.0,"gold_gain":0.0,"event_name":"Nest","player_choice":"Joined the Cult","floor":21.0,"gold_loss":0.0,"damage_taken":6.0,"cards_obtained":["RitualDagger"]},{"damage_healed":0,"gold_gain":0,"player_choice":"Obtained Relic","damage_taken":0,"relics_obtained":["Dream Catcher"],"max_hp_gain":0,"max_hp_loss":0,"event_name":"Addict","floor":27,"gold_loss":85}],"is_beta":false,"boss_relics":[{"not_picked":["Sozu","SacredBark"],"picked":"Astrolabe"}],"items_purged_floors":[19],"is_endless":false,"potions_floor_spawned":[1,11,13,16,22,29],"killed_by":"Gremlin Leader","ascension_level":4}}