{"host":"toh0bbw446wnuexf","time":1609225273,"event":{"mods":["BaseMod","Downfall","Hermit","Minty Spire (QoL Compilation)","Random Character Button","StSLib"],"gold_per_floor":[99,112,123,138,138,150,198,198,216,216,201,201,214,241,255,355,355,355,370,387,372,386,386,386,386,402,402,415,265,250,270,287,287,287,287],"floor_reached":33,"playtime":2526,"items_purged":[],"score":282,"play_id":"f204fa5c-3e4c-4a42-a2bc-19f2a0b429f4","local_time":"20201229200113","is_ascension_mode":true,"campfire_choices":[{"data":"hexamod:Float","floor":1,"key":"SMITH"},{"data":"hexamod:FastForward","floor":10,"key":"SMITH"},{"data":"hexamod:GhostOfSpirePresent","floor":12,"key":"SMITH"},{"data":"hexamod:Strike","floor":18,"key":"SMITH"},{"floor":25,"key":"REST"}],"circlet_count":0,"master_deck":["hexamod:Strike+1","hexamod:Strike+1","hexamod:Strike","hexamod:Strike","hexamod:Defend","hexamod:Defend","hexamod:Defend","hexamod:Defend","hexamod:Float+1","hexamod:TimeWarp+1","hexamod:GhostOfSpirePresent+1","hexamod:FastForward+1"],"relics":["hexamod:SpiritBrand","Regal Pillow","Ancient Tea Set","Anchor"],"acts_visited":["Exordium","TheCity"],"potions_floor_usage":[23,27],"damage_taken":[{"damage":0,"enemies":"Cultist","floor":2,"turns":4},{"damage":0,"enemies":"2 Louse","floor":3,"turns":3},{"damage":4,"enemies":"Jaw Worm","floor":4,"turns":4},{"damage":0,"enemies":"Exordium Wildlife","floor":6,"turns":3},{"damage":5,"enemies":"Lots of Slimes","floor":9,"turns":5},{"damage":0,"enemies":"downfall:FleeingMerchant","floor":11,"turns":4},{"damage":2,"enemies":"2 Fungi Beasts","floor":13,"turns":4},{"damage":10,"enemies":"Exordium Thugs","floor":15,"turns":4},{"damage":8,"enemies":"downfall:Watcher","floor":16,"turns":9},{"damage":14,"enemies":"3 Byrds","floor":19,"turns":6},{"damage":12,"enemies":"Shell Parasite","floor":20,"turns":5},{"damage":0,"enemies":"downfall:FleeingMerchant","floor":21,"turns":4},{"damage":25,"enemies":"Snake Plant","floor":22,"turns":5},{"damage":5,"enemies":"Centurion and Healer","floor":26,"turns":7},{"damage":13,"enemies":"Cultist and Chosen","floor":27,"turns":8},{"damage":23,"enemies":"Snake Plant","floor":28,"turns":5},{"damage":14,"enemies":"downfall:FleeingMerchant","floor":30,"turns":4},{"damage":10,"enemies":"Centurion and Healer","floor":31,"turns":8},{"damage":16,"enemies":"Cultist and Chosen","floor":32,"turns":7},{"damage":45,"enemies":"downfall:Ironclad","floor":33,"turns":5}],"seed_played":"-1215982056427276703","potions_obtained":[{"floor":2,"key":"Weak Potion"},{"floor":4,"key":"SmokeBomb"},{"floor":9,"key":"Strength Potion"},{"floor":19,"key":"Swift Potion"},{"floor":23,"key":"Fruit Juice"},{"floor":23,"key":"Strength Potion"},{"floor":31,"key":"FearPotion"}],"is_trial":false,"path_per_floor":["R","M","M","M","?","M","T","?","M","R","$","R","M","T","M","B",null,"R","M","M","$","M","?","T","R","M","M","M","?","$","M","M","B"],"character_chosen":"THE_SPIRIT","items_purchased":[],"campfire_rested":1,"item_purchase_floors":[],"current_hp_per_floor":[70,70,70,66,66,66,66,66,61,61,61,61,59,59,49,41,70,70,56,44,44,19,24,24,61,56,43,20,85,71,61,45,0,0,0],"gold":287,"neow_bonus":"ONE_RANDOM_RARE_CARD","is_daily":false,"chose_seed":false,"campfire_upgraded":4,"win_rate":0.0,"timestamp":1609225273,"path_taken":["R","M","M","?","?","M","T","?","?","R","$","R","?","?","M","BOSS","R","M","M","$","M","?","T","R","M","M","?","?","?","M","M","BOSS"],"items_purchased_type":[],"build_version":"2020-12-22","purchased_purges":0,"victory":false,"max_hp_per_floor":[70,70,70,70,70,70,70,70,70,70,70,70,70,70,70,70,70,70,70,70,70,70,75,75,75,75,75,75,85,85,85,85,85,85,85],"card_choices":[{"not_picked":["hexamod:BurningTouch","hexamod:SwordOfDarkness","hexamod:SpectersWail"],"picked":"SKIP","floor":2},{"not_picked":["hexamod:RecurringNightmare","hexamod:ExtraCrispy","hexamod:HeatCrush"],"picked":"SKIP","floor":3},{"not_picked":["hexamod:BurningTouch","hexamod:SpectersWail","hexamod:GhostOfSpirePresent"],"picked":"SKIP","floor":4},{"not_picked":["hexamod:SpectersWail","hexamod:NightmareStrike","hexamod:GhostLash"],"picked":"SKIP","floor":6},{"not_picked":["hexamod:HauntingEcho","hexamod:FlamesFromBeyond"],"picked":"hexamod:FastForward","floor":9},{"not_picked":["hexamod:FastForward","hexamod:SpectralSpark","hexamod:BacktrackSmack"],"picked":"SKIP","floor":11},{"not_picked":["hexamod:BurningTouch","hexamod:Incineration","hexamod:SecondSeal"],"picked":"SKIP","floor":13},{"not_picked":["hexamod:HauntingEcho","hexamod:Firestarter","hexamod:RainOfEmbers"],"picked":"SKIP","floor":15},{"not_picked":["hexamod:GhostflameBarrier","hexamod:NightmareGuise","hexamod:HauntingEcho"],"picked":"SKIP","floor":19},{"not_picked":["hexamod:Rewind+1","hexamod:AdvancingGuard","hexamod:HeatMetal+1"],"picked":"SKIP","floor":20},{"not_picked":["hexamod:SpectersWail","hexamod:SpectralAdrenaline+1","hexamod:HeatMetal"],"picked":"SKIP","floor":21},{"not_picked":["hexamod:NightmareStrike+1","hexamod:HauntingEcho","hexamod:GhostLash"],"picked":"SKIP","floor":22},{"not_picked":["hexamod:FastForward","hexamod:NightmareGuise","hexamod:BacktrackSmack+1"],"picked":"SKIP","floor":26},{"not_picked":["hexamod:Hexaguard+1","hexamod:RainOfEmbers+1","hexamod:ParanormalForm"],"picked":"SKIP","floor":28},{"not_picked":["hexamod:InspiringFlames","hexamod:SpectralSpark+1","hexamod:ShieldOfDarkness"],"picked":"SKIP","floor":30},{"not_picked":["hexamod:StepThrough","hexamod:AdvancingGuard","hexamod:FastForward"],"picked":"SKIP","floor":31},{"not_picked":["hexamod:SuperheatedStrike","hexamod:HauntingEcho","hexamod:UnleashSpirits"],"picked":"SKIP","floor":32}],"player_experience":563209,"relics_obtained":[{"floor":7,"key":"Whetstone"},{"floor":14,"key":"Ancient Tea Set"},{"floor":24,"key":"Anchor"}],"event_choices":[{"damage_healed":0,"gold_gain":0,"cards_transformed":["hexamod:Sear"],"player_choice":"Transformed","damage_taken":0,"max_hp_gain":0,"max_hp_loss":0,"event_name":"Transmorgrifier","floor":8,"gold_loss":0,"cards_obtained":["hexamod:GhostOfSpirePresent"]}],"is_beta":false,"boss_relics":[{"not_picked":["Astrolabe","Cursed Key","Runic Dome"]}],"items_purged_floors":[],"is_endless":false,"potions_floor_spawned":[2,4,9,16,19,20,27,31,32],"killed_by":"downfall:Ironclad","ascension_level":1}}