{"host":"qxeepl7ydvsgmfdb","time":1609263261,"event":{"mods":["AchievementEnabler","BaseMod","Colored Powertips","Minty Spire (QoL Compilation)","Quick Restart","slay the spire mod where everything is the same but ironclad has a cowboy hat"],"gold_per_floor":[114,132,132,307,307,307,340,340,387,400,425,41,57,132,132,233,283,302,312,252,4,21,54,54,72,72,72,0,0,48,61,61,61,61],"floor_reached":33,"playtime":821,"items_purged":[],"score":387,"play_id":"e768b9b1-c713-4790-80e2-f2d4bf27b8c7","local_time":"20201229123421","is_ascension_mode":true,"campfire_choices":[{"floor":6.0,"key":"REST"},{"data":"Backstab","floor":8.0,"key":"SMITH"},{"floor":15.0,"key":"REST"},{"floor":24.0,"key":"REST"},{"floor":27,"key":"REST"},{"floor":32,"key":"REST"}],"circlet_count":0,"master_deck":["Strike_G","Strike_G","Strike_G","Strike_G","Defend_G","Defend_G","Defend_G","Defend_G","Defend_G+1","Survivor","Neutralize","Backstab+1","Quick Slash+1","Blade Dance+1","Dagger Spray","Acrobatics","Backstab","Blade Dance","Deadly Poison","Venomology","Dagger Spray","Blade Dance","Deflect","Poisoned Stab"],"relics":["Ring of the Snake","NeowsBlessing","Orichalcum","Tiny Chest","Regal Pillow","Lantern","Tiny House","Letter Opener","Juzu Bracelet","Shovel","Boot"],"acts_visited":["Exordium","TheCity"],"potions_floor_usage":[25,31,33,33],"damage_taken":[{"damage":0.0,"enemies":"Cultist","floor":1.0,"turns":1.0},{"damage":0.0,"enemies":"Small Slimes","floor":2.0,"turns":1.0},{"damage":0.0,"enemies":"Lagavulin","floor":7.0,"turns":1.0},{"damage":0.0,"enemies":"2 Louse","floor":10.0,"turns":2.0},{"damage":22.0,"enemies":"Gremlin Nob","floor":11.0,"turns":4.0},{"damage":0.0,"enemies":"Blue Slaver","floor":13.0,"turns":2.0},{"damage":33.0,"enemies":"Slime Boss","floor":16.0,"turns":10.0},{"damage":14.0,"enemies":"Shell Parasite","floor":18.0,"turns":4.0},{"damage":11.0,"enemies":"2 Thieves","floor":19.0,"turns":3.0},{"damage":13.0,"enemies":"Cultist and Chosen","floor":22.0,"turns":6.0},{"damage":24.0,"enemies":"Gremlin Leader","floor":23.0,"turns":8.0},{"damage":36,"enemies":"Snake Plant","floor":25,"turns":5},{"damage":14,"enemies":"Centurion and Healer","floor":31,"turns":3},{"damage":74,"enemies":"Champ","floor":33,"turns":10}],"seed_played":"1461549117013518480","potions_obtained":[{"floor":1.0,"key":"EssenceOfSteel"},{"floor":7.0,"key":"BlessingOfTheForge"},{"floor":22.0,"key":"EssenceOfSteel"},{"floor":25,"key":"Explosive Potion"}],"is_trial":false,"path_per_floor":["M","M","?","?","?","R","E","R","T","M","E","$","M","?","R","B",null,"M","M","?","$","M","E","R","M","T","R","?","$","T","M","R","B"],"character_chosen":"THE_SILENT","items_purchased":["Lantern","Backstab","Blade Dance","GhostInAJar","Letter Opener"],"campfire_rested":5,"item_purchase_floors":[12,12,12,12,21],"current_hp_per_floor":[63,63,49,49,42,63,63,63,63,63,41,41,41,30,66,33,66,52,41,41,41,28,4,41,5,5,42,42,42,42,28,65,0,0],"gold":61,"neow_bonus":"THREE_ENEMY_KILL","is_daily":false,"chose_seed":false,"campfire_upgraded":1,"win_rate":0.0,"timestamp":1609263261,"path_taken":["M","M","?","?","?","R","E","R","T","M","E","$","M","?","R","BOSS","M","M","?","$","M","E","R","M","T","R","?","$","?","M","R","BOSS"],"items_purchased_type":["Relic","Card","Card","Potion","Relic"],"build_version":"2020-12-22","purchased_purges":0,"victory":false,"max_hp_per_floor":[70,70,70,70,70,70,70,70,70,70,70,70,70,70,70,70,75,75,75,75,75,75,75,75,75,75,75,75,75,75,75,75,75,75],"card_choices":[{"not_picked":["Distraction","Acrobatics"],"picked":"Backstab","floor":1.0},{"not_picked":["Dash","Infinite Blades"],"picked":"Quick Slash","floor":2.0},{"not_picked":["Cloak And Dagger","Catalyst"],"picked":"Blade Dance","floor":7.0},{"not_picked":["Dodge and Roll","Backflip"],"picked":"Dagger Spray","floor":10.0},{"not_picked":["Grand Finale","Predator"],"picked":"Acrobatics","floor":11.0},{"not_picked":["Caltrops","Bane"],"picked":"Deadly Poison","floor":13.0},{"not_picked":["Wraith Form v2","Phantasmal Killer"],"picked":"Venomology","floor":16.0},{"not_picked":["Sucker Punch","Leg Sweep"],"picked":"Dagger Spray","floor":17.0},{"not_picked":["Sucker Punch+1","Bouncing Flask"],"picked":"Blade Dance","floor":18.0},{"not_picked":["Flying Knee","Flechettes"],"picked":"Deflect","floor":19.0},{"not_picked":["Skewer","Underhanded Strike"],"picked":"Poisoned Stab","floor":22.0},{"not_picked":["Masterful Stab","Storm of Steel","Accuracy+1"],"picked":"SKIP","floor":23.0},{"not_picked":["Heel Hook","Acrobatics","Well Laid Plans+1"],"picked":"SKIP","floor":25},{"not_picked":["Accuracy","Dagger Throw+1","Finisher"],"picked":"SKIP","floor":31}],"player_experience":298829,"relics_obtained":[{"floor":7.0,"key":"Orichalcum"},{"floor":9.0,"key":"Tiny Chest"},{"floor":11.0,"key":"Regal Pillow"},{"floor":23.0,"key":"Juzu Bracelet"},{"floor":26,"key":"Shovel"},{"floor":30,"key":"Boot"}],"event_choices":[{"damage_healed":0.0,"max_hp_gain":0.0,"max_hp_loss":0.0,"gold_gain":0.0,"event_name":"Shining Light","player_choice":"Entered Light","floor":3.0,"gold_loss":0.0,"damage_taken":14.0,"cards_upgraded":["Defend_G","Quick Slash"]},{"damage_healed":0.0,"max_hp_gain":0.0,"max_hp_loss":0.0,"gold_gain":175.0,"event_name":"Liars Game","player_choice":"AGREE","floor":4.0,"gold_loss":0.0,"damage_taken":0.0,"cards_obtained":["Doubt"]},{"cards_removed":["Doubt"],"damage_healed":0.0,"max_hp_gain":0.0,"max_hp_loss":0.0,"gold_gain":0.0,"event_name":"Golden Wing","player_choice":"Card Removal","floor":5.0,"gold_loss":0.0,"damage_taken":7.0},{"damage_healed":0.0,"max_hp_gain":0.0,"max_hp_loss":0.0,"gold_gain":75.0,"event_name":"World of Goop","player_choice":"Gather Gold","floor":14.0,"gold_loss":0.0,"damage_taken":11.0},{"cards_removed":["Strike_G"],"damage_healed":0.0,"max_hp_gain":0.0,"max_hp_loss":0.0,"gold_gain":0.0,"event_name":"Designer","player_choice":"Single Remove","floor":20.0,"gold_loss":60.0,"damage_taken":0.0},{"damage_healed":0,"gold_gain":0,"player_choice":"Paid Fearfully","damage_taken":0,"max_hp_gain":0,"max_hp_loss":0,"event_name":"Masked Bandits","floor":28,"gold_loss":72}],"is_beta":false,"boss_relics":[{"not_picked":["Coffee Dripper","Cursed Key"],"picked":"Tiny House"}],"items_purged_floors":[],"is_endless":false,"potions_floor_spawned":[1,7,13,22,25],"killed_by":"Champ","ascension_level":6}}