{"host":"a6jc8uoa78jpqx9a","time":1609273037,"event":{"mods":["BaseMod","Duelist Mod","GifTheSpireLib","Hermit","Hubris","Infinite Spire","Mimic Mod","Minty Spire (QoL Compilation)","Replay The Spire","StSLib","The Animator","The Bug Knight","The Construct","The Cursed","The Mystic","The Servant 0.9.4"],"gold_per_floor":[145,20,20,39,39,39,74,74,74,91,106,124,124,140,140,243,243,261,29,47,47,59,86,86,97,97,97,97,115,115,115,115,214,214,233,253,253,253,266,266,285,285,285,35,45,45,45,64,64,64],"floor_reached":51,"playtime":32886,"items_purged":["theDuelist:CastleWalls","theDuelist:Sparks"],"score":689,"play_id":"eb6ce95e-fa31-4f15-baf6-6ca3ccf2aaad","local_time":"20201229151717","is_ascension_mode":true,"campfire_choices":[{"floor":6,"key":"REST"},{"data":"theDuelist:InjectionFairy","floor":8,"key":"SMITH"},{"data":"theDuelist:IrisEarthMother","floor":13,"key":"SMITH"},{"data":"theDuelist:InjectionFairy","floor":15,"key":"SMITH"},{"floor":27,"key":"REST"},{"floor":30,"key":"REST"},{"floor":32,"key":"REST"},{"floor":40,"key":"REST"},{"floor":42,"key":"REST"},{"floor":46,"key":"REST"},{"floor":49,"key":"REST"}],"circlet_count":0,"master_deck":["theDuelist:DarkMagician+1","theDuelist:MysticalElf+1","theDuelist:MysticalElf+1","theDuelist:NeoMagic+1","theDuelist:NeoMagic","theDuelist:Sparks","theDuelist:Sparks","theDuelist:ApprenticeIllusionMagician","theDuelist:ThousandEyesIdol","theDuelist:EarthOrbCard","theDuelist:FuryFire","theDuelist:InjectionFairy+1","theDuelist:FrontierWiseman","theDuelist:LightningRodLord","theDuelist:IrisEarthMother+1","theDuelist:InjectionFairy+1","theDuelist:IceQueen","theDuelist:PowerKaishin","theDuelist:DarkPaladin","theDuelist:MythicalBeast+1","theDuelist:Yami","theDuelist:GeminiElf+1","theDuelist:MagiciansRobe+1","infinitespire:Oblivion","theDuelist:InjectionFairy","theDuelist:ThousandEyesRestrict+1","theDuelist:PowerKaishin","Secret Weapon","Madness","Madness","theDuelist:Wildfire","theDuelist:SilentDoom+2","theDuelist:OrbMetronome","theDuelist:MindAir+1","theDuelist:CircleFireKings+1","theDuelist:InjectionFairy"],"relics":["theDuelist:CardPoolRelic","theDuelist:CardPoolBasicRelic","theDuelist:BoosterPackPoolRelic","theDuelist:CardPoolAddRelic","theDuelist:CardPoolMinusRelic","theDuelist:CardPoolSaveRelic","theDuelist:CardPoolOptionsRelic","hubris:TerracottaHorce","theDuelist:OrbCardRelic","War Paint","ReplayTheSpireMod:Lightbulb","theDuelist:ElectricKey","InkBottle","White Beast Statue","Happy Flower","Potion Belt","hubris:GrandSneckoEye","hubris:Icosahedron"],"acts_visited":["Exordium","TheCity","TheBeyond"],"potions_floor_usage":[25,48,48],"damage_taken":[{"damage":0,"enemies":"Cultist","floor":1,"turns":3},{"damage":12,"enemies":"Jaw Worm","floor":4,"turns":4},{"damage":0,"enemies":"2 Louse","floor":7,"turns":5},{"damage":4,"enemies":"2 Louse","floor":10,"turns":2},{"damage":0,"enemies":"Looter","floor":11,"turns":2},{"damage":0,"enemies":"2 Fungi Beasts","floor":12,"turns":3},{"damage":6,"enemies":"Exordium Wildlife","floor":14,"turns":3},{"damage":30,"enemies":"Hexaghost","floor":16,"turns":9},{"damage":13,"enemies":"Shell Parasite","floor":18,"turns":4},{"damage":4,"enemies":"2 Thieves","floor":20,"turns":4},{"damage":0,"enemies":"Sentry and Sphere","floor":22,"turns":4},{"damage":53,"enemies":"Book of Stabbing","floor":23,"turns":6},{"damage":19,"enemies":"Snake Plant","floor":25,"turns":6},{"damage":18,"enemies":"Chosen and Byrds","floor":29,"turns":5},{"damage":52,"enemies":"Collector","floor":33,"turns":11},{"damage":23,"enemies":"3 Darklings","floor":35,"turns":5},{"damage":24,"enemies":"3 Shapes","floor":36,"turns":4},{"damage":16,"enemies":"Jaw Worm Horde","floor":39,"turns":4},{"damage":49,"enemies":"4 Shapes","floor":41,"turns":4},{"damage":16,"enemies":"Spire Growth","floor":45,"turns":4},{"damage":29,"enemies":"Jaw Worm Horde","floor":48,"turns":4},{"damage":54,"enemies":"Time Eater","floor":50,"turns":8}],"seed_played":"-7824910591732043946","potions_obtained":[{"floor":1,"key":"theDuelist:WaterBottle"},{"floor":12,"key":"Block Potion"},{"floor":14,"key":"BlessingOfTheForge"},{"floor":22,"key":"theDuelist:SealedPack"},{"floor":25,"key":"theDuelist:TokenPotion"},{"floor":29,"key":"theDuelist:DestructPotionPotB"},{"floor":33,"key":"LiquidMemories"},{"floor":48,"key":"FocusPotion"}],"is_trial":false,"path_per_floor":["M","$","?","M","?","R","MIM","R","T","M","M","M","R","M","R","B",null,"M","$","M","T","M","E","$","M","T","R","AVR","M","R","?","R","B",null,"M","M","?","?","M","R","M","R","T","$","M","R","$","M","R","B",null],"character_chosen":"THE_DUELIST","items_purchased":["theDuelist:ThousandEyesIdol","theDuelist:OrbCardRelic","theDuelist:DarkPaladin","theDuelist:OrbMetronome","theDuelist:MindAir+1"],"campfire_rested":8,"item_purchase_floors":[2,2,19,44,44],"current_hp_per_floor":[80,80,80,68,52,76,76,76,76,77,80,80,80,74,74,70,78,69,69,73,73,80,35,35,23,23,47,47,33,57,57,80,55,74,59,45,35,35,30,54,9,33,33,33,28,52,52,37,61,42],"gold":64,"neow_bonus":"BOSS_RELIC","is_daily":false,"chose_seed":false,"campfire_upgraded":3,"win_rate":0.0,"timestamp":1609273037,"path_taken":["M","?","?","M","?","R","?","R","T","M","M","?","R","M","R","BOSS","M","?","M","?","M","E","$","?","T","R","AVR","M","R","?","R","BOSS","M","?","?","?","M","R","M","R","T","$","M","R","?","M","R","BOSS"],"items_purchased_type":["Card","Relic","Card","Card","Card"],"build_version":"2020-12-22","purchased_purges":2,"victory":true,"max_hp_per_floor":[80,80,80,80,80,80,80,80,80,80,80,80,80,80,80,80,80,80,80,80,80,80,80,80,80,80,80,80,80,80,80,80,80,80,80,80,80,80,80,80,80,80,80,80,80,80,80,80,80,80],"card_choices":[{"not_picked":["theDuelist:CharcoalInpachi","theDuelist:LordD","theDuelist:GiantTrunade","theDuelist:CrystalWingDragon"],"picked":"theDuelist:ApprenticeIllusionMagician","floor":1},{"not_picked":["theDuelist:StrayLambs","theDuelist:Kuribohrn","theDuelist:Wiseman","theDuelist:GaiaMidNightSun"],"picked":"theDuelist:FuryFire","floor":4},{"not_picked":["theDuelist:SangaThunder","theDuelist:NeoMagic","theDuelist:DarkMagician","theDuelist:SkilledDarkMagician"],"picked":"theDuelist:InjectionFairy","floor":7},{"not_picked":["theDuelist:BattleOx","theDuelist:BlackPendant","theDuelist:GilfordLegend","theDuelist:PreventRat"],"picked":"theDuelist:FrontierWiseman","floor":10},{"not_picked":["theDuelist:AttackTheMoon","theDuelist:ClearKuriboh","theDuelist:EarthquakeGiant","theDuelist:EvilswarmHeliotrope"],"picked":"theDuelist:LightningRodLord","floor":11},{"not_picked":["theDuelist:SangaEarth","theDuelist:FogKing","theDuelist:QueenDragunDjinn","theDuelist:GateGuardian"],"picked":"theDuelist:IrisEarthMother","floor":12},{"not_picked":["theDuelist:SkilledDarkMagician","theDuelist:DarkHorizon","theDuelist:BlizzardPrincess","theDuelist:DiffusionWaveMotion"],"picked":"theDuelist:InjectionFairy","floor":14},{"not_picked":["theDuelist:RainbowDarkDragon","theDuelist:VoidVanishment","theDuelist:GateGuardian","theDuelist:SangaWater"],"picked":"theDuelist:IceQueen","floor":16},{"not_picked":["theDuelist:SpellShatteringArrow","theDuelist:FairyBox","theDuelist:AncientElf","theDuelist:BlizzardPrincess"],"picked":"theDuelist:PowerKaishin","floor":18},{"not_picked":["theDuelist:ExodiaLA","theDuelist:ExodiaRL","theDuelist:FlyingSaucer","theDuelist:DarkMagicianGirl+1"],"picked":"theDuelist:MythicalBeast+1","floor":20},{"not_picked":["theDuelist:SilentDoom","theDuelist:PowerKaishin","theDuelist:GoblinSecret","theDuelist:MagiciansRobe"],"picked":"theDuelist:Yami","floor":22},{"not_picked":["theDuelist:DarkMagician","theDuelist:SangaThunder","theDuelist:SpellShatteringArrow","theDuelist:FlyingSaucer"],"picked":"theDuelist:GeminiElf+1","floor":23},{"not_picked":["theDuelist:SangaThunder+1","theDuelist:MysticalElf","theDuelist:ThousandEyesIdol+1","theDuelist:BlizzardWarrior+1"],"picked":"theDuelist:MagiciansRobe+1","floor":25},{"not_picked":["theDuelist:NeoMagic","theDuelist:OnslaughtFireKings","theDuelist:PowerKaishin","theDuelist:BlizzardWarrior"],"picked":"theDuelist:InjectionFairy","floor":29},{"not_picked":["theDuelist:QueenDragunDjinn","theDuelist:VoidVanishment+1","theDuelist:SwordsRevealing","theDuelist:SangaWater"],"picked":"theDuelist:ThousandEyesRestrict+1","floor":33},{"not_picked":["theDuelist:DarkMagician+1","theDuelist:DarkMagicianGirl+1","theDuelist:MysticalElf","theDuelist:MindAir"],"picked":"theDuelist:PowerKaishin","floor":35},{"not_picked":["Chrysalis","HandOfGreed","Purity"],"picked":"Secret Weapon","floor":36},{"not_picked":["theDuelist:RainbowMagician","theDuelist:QueenDragunDjinn+1","theDuelist:SwordsBurning+1","theDuelist:SangaWater"],"picked":"theDuelist:Wildfire","floor":39},{"not_picked":["theDuelist:MagicalBlast+1","theDuelist:DiffusionWaveMotion+1","theDuelist:GrandSpellbookTower+1","theDuelist:VoidVanishment+1"],"picked":"theDuelist:SilentDoom+2","floor":41},{"not_picked":["theDuelist:SpellShatteringArrow","theDuelist:VoidExpansion+1","theDuelist:WonderWand","theDuelist:OnslaughtFireKings+1"],"picked":"theDuelist:CircleFireKings+1","floor":45},{"not_picked":["theDuelist:NeoMagic","theDuelist:AncientElf+1","theDuelist:Mudballman+1","theDuelist:MindAir+1"],"picked":"theDuelist:InjectionFairy","floor":48}],"player_experience":55545,"relics_obtained":[{"floor":7,"key":"War Paint"},{"floor":9,"key":"ReplayTheSpireMod:Lightbulb"},{"floor":21,"key":"InkBottle"},{"floor":23,"key":"White Beast Statue"},{"floor":26,"key":"Happy Flower"}],"event_choices":[{"damage_healed":0,"gold_gain":0,"player_choice":"Entered Light","damage_taken":16,"max_hp_gain":0,"max_hp_loss":0,"event_name":"Shining Light","floor":5,"gold_loss":0,"cards_upgraded":["theDuelist:NeoMagic","theDuelist:DarkMagician"]},{"damage_healed":0,"gold_gain":0,"player_choice":"Leave","duelist":true,"damage_taken":0,"max_hp_gain":0,"max_hp_loss":0,"event_name":"Relic Duplicator","floor":31,"gold_loss":0},{"damage_healed":0,"gold_gain":0,"player_choice":"Embrace Madness","damage_taken":10,"max_hp_gain":0,"max_hp_loss":0,"event_name":"Winding Halls","floor":37,"gold_loss":0,"cards_obtained":["Madness","Madness"]}],"is_beta":false,"boss_relics":[{"not_picked":["Coffee Dripper","Tiny House"],"picked":"theDuelist:ElectricKey"},{"not_picked":["Ring of Chaos","Mark of Pain"],"picked":"hubris:GrandSneckoEye"}],"items_purged_floors":[19,28],"is_endless":false,"potions_floor_spawned":[1,12,14,22,25,29,33,35,36,39,41,45,48],"ascension_level":1}}