{"host":"zpql4quw4g2j1hsh","time":1609247355,"event":{"mods":["Act Like it!","BaseMod","Better-Laid Plans","Challenge The Spire","Highlight Path","Marisa£¨ìFÓê¡¡Ä§ÀíÉ³£©","Minty Spire (QoL Compilation)","Permanent Neow","Quick Restart","Relic Stats","Spicy Shops","StSLib","SuperFastMode","¡¾ÒÅÎï¿¨ÅÆ¡¿REMEMod","óô»ðÖ¸ÄÏ"],"gold_per_floor":[209,229,229,296,412,412,444,455,500,550,550,65,80,148,148,148,148],"floor_reached":16,"playtime":1093,"items_purged":["Defend_MRS","MasterSpark"],"score":110,"play_id":"3c39178b-ebf9-45d7-bcf5-01dc320bcefb","local_time":"20201229210915","is_ascension_mode":false,"campfire_choices":[{"data":"UpSweep","floor":6,"key":"SMITH"},{"floor":11,"key":"REST"},{"data":"OrrerysSun","floor":15,"key":"SMITH"}],"circlet_count":0,"master_deck":["Strike_MRS","Strike_MRS","Strike_MRS","Strike_MRS","Defend_MRS","Defend_MRS","Defend_MRS","UpSweep+1","NonDirectionalLaser","GrandCross","SporeBomb","Brilliance","PowerUp","Parasite","Parasite","OrrerysSun+1","ChargingUp","PulseMagic","EnergyRecoil"],"relics":["MiniHakkero","REME_ComplimentaryCards","SsserpentHead","Pantograph","ShroomBag","Golden Idol","Blood Vial","MealTicket"],"acts_visited":["Exordium"],"potions_floor_usage":[7,14,14,14],"damage_taken":[{"damage":6,"enemies":"Jaw Worm","floor":1,"turns":3},{"damage":0,"enemies":"Cultist","floor":2,"turns":3},{"damage":3,"enemies":"Small Slimes","floor":4,"turns":3},{"damage":23,"enemies":"Lagavulin","floor":7,"turns":4},{"damage":12,"enemies":"Blue Slaver","floor":8,"turns":2},{"damage":26,"enemies":"Exordium Thugs","floor":13,"turns":4},{"damage":14,"enemies":"3 Sentries","floor":14,"turns":6},{"damage":41,"enemies":"The Guardian","floor":16,"turns":8}],"seed_played":"5529492578325467778","potions_obtained":[{"floor":2,"key":"GamblersBrew"},{"floor":4,"key":"BlessingOfTheForge"},{"floor":8,"key":"ShroomBrew"},{"floor":13,"key":"REME_GoldPotion"}],"is_trial":false,"path_per_floor":["M","M","?","M","?","R","E","M","T","?","R","$","M","E","R","B"],"character_chosen":"MARISA","items_purchased":["Blood Vial","OrrerysSun","ChargingUp"],"campfire_rested":1,"item_purchase_floors":[12,12,12],"current_hp_per_floor":[69,69,69,66,66,66,43,31,31,13,35,35,15,7,7,0,0],"gold":148,"neow_bonus":"HUNDRED_GOLD","is_daily":false,"chose_seed":false,"campfire_upgraded":2,"win_rate":0.0,"timestamp":1609247355,"path_taken":["M","M","?","?","?","R","E","M","T","?","R","$","M","E","R","BOSS"],"items_purchased_type":["Relic","Card","Card"],"build_version":"2020-12-22","purchased_purges":2,"victory":false,"max_hp_per_floor":[75,75,75,75,75,75,75,75,75,75,75,75,75,75,75,75,75],"relic_stats":{"Blood Vial":6,"SsserpentHead":150,"counters":[8,33],"Golden Idol":11,"Pantograph":25,"MealTicket":0,"obtain_stats":[{"Blood Vial":12,"SsserpentHead":3,"ShroomBag":9,"Golden Idol":10,"Pantograph":7,"MealTicket":14,"MiniHakkero":0,"REME_ComplimentaryCards":0},{"Blood Vial":5,"SsserpentHead":2,"ShroomBag":5,"Golden Idol":5,"Pantograph":4,"MealTicket":7,"MiniHakkero":0,"REME_ComplimentaryCards":0},{"Blood Vial":15,"SsserpentHead":6,"ShroomBag":15,"Golden Idol":15,"Pantograph":13,"MealTicket":25,"MiniHakkero":0,"REME_ComplimentaryCards":0}]},"card_choices":[{"not_picked":["MysteriousBeam","PowerUp"],"picked":"NonDirectionalLaser","floor":1},{"not_picked":["WitchOfGreed","WitchLeyline"],"picked":"GrandCross","floor":2},{"not_picked":["WitchLeyline","NonDirectionalLaser"],"picked":"SporeBomb","floor":4},{"not_picked":["GrandCross","MeteoricShower","SuperNova"],"picked":"SKIP","floor":7},{"not_picked":["GalacticHalo","PropBag"],"picked":"PowerUp","floor":8},{"not_picked":["UnstableBomb","SporeBomb"],"picked":"PulseMagic","floor":13},{"not_picked":["LuminesStrike","DoubleSpark"],"picked":"EnergyRecoil","floor":14}],"player_experience":836,"relics_obtained":[{"floor":7,"key":"Pantograph"},{"floor":9,"key":"ShroomBag"},{"floor":14,"key":"MealTicket"}],"event_choices":[{"damage_healed":0,"gold_gain":0,"player_choice":"Trade","damage_taken":0,"relics_obtained":["SsserpentHead"],"max_hp_gain":0,"max_hp_loss":0,"event_name":"FaceTrader","floor":3,"gold_loss":0},{"damage_healed":0,"gold_gain":66,"player_choice":"Gained Gold","damage_taken":0,"max_hp_gain":0,"max_hp_loss":0,"event_name":"Golden Wing","floor":5,"gold_loss":0},{"damage_healed":0,"gold_gain":0,"player_choice":"Take Damage","damage_taken":18,"relics_obtained":["Golden Idol"],"max_hp_gain":0,"max_hp_loss":0,"event_name":"Golden Idol","floor":10,"gold_loss":0}],"is_beta":false,"boss_relics":[],"items_purged_floors":[12,12],"is_endless":false,"potions_floor_spawned":[2,4,8,13],"killed_by":"The Guardian","ascension_level":0}}