{"host":"l017gercouzhorma","time":1609223351,"event":{"mods":["AchievementEnabler","Aspiration","BaseMod","Challenge The Spire","Conspire","Downfall","Halation","Hermit","Hubris","Infinite Spire","Jorbs\u0027s Wanderer Trilogy","Mad Scientist","Marisa????????","Mimic Mod","Minty Spire (QoL Compilation)","Random Character Button","Rare Cards Sparkle","Relic Stats","Replay The Spire","Shade Mod","StSLib","The Cursed","The Disciple","The Hierophant","The Jungle","The Runesmith","The Servant 0.9.4"],"gold_per_floor":[110,124,141,141,153,153,178,27,27,46,46,60,80,6,6,6,6],"floor_reached":16,"playtime":1998,"items_purged":[],"score":104,"play_id":"79687549-8af9-492f-a8bb-9c6a89ced853","local_time":"20201228232911","is_ascension_mode":false,"campfire_choices":[{"data":"MadScienceMod:LightOnFire","floor":6,"key":"SMITH"},{"data":"MadScienceMod:Strike_MadScience","floor":11,"key":"PURGE"},{"floor":15,"key":"REST"}],"circlet_count":0,"master_deck":["MadScienceMod:Strike_MadScience","MadScienceMod:Strike_MadScience","MadScienceMod:Strike_MadScience","MadScienceMod:Defend_MadScience","MadScienceMod:Defend_MadScience","MadScienceMod:Defend_MadScience","MadScienceMod:Defend_MadScience","MadScienceMod:PoweredStrike","MadScienceMod:HideBehindJunk","MadScienceMod:LightOnFire+1","MadScienceMod:MechanicalClaw","MadScienceMod:FumeBlast","MadScienceMod:FlameThrower","MadScienceMod:AssemblyLine","MadScienceMod:PowerArmor","MadScienceMod:OilDrum","MadScienceMod:EnergyBarrier","MadScienceMod:BoxOfScraps","MadScienceMod:Strafe","MadScienceMod:BandageBot"],"relics":["MadScienceMod:FuelTank","Eternal Feather","Peace Pipe","hubris:Potato"],"acts_visited":["Exordium"],"potions_floor_usage":[16,16],"damage_taken":[{"damage":1,"enemies":"Jaw Worm","floor":1,"turns":7},{"damage":0,"enemies":"Cultist","floor":2,"turns":3},{"damage":0,"enemies":"Small Slimes","floor":3,"turns":2},{"damage":13,"enemies":"Blue Slaver","floor":5,"turns":3},{"damage":52,"enemies":"3 Sentries","floor":7,"turns":11},{"damage":13,"enemies":"3 Louse","floor":10,"turns":4},{"damage":12,"enemies":"Large Slime","floor":12,"turns":9},{"damage":5,"enemies":"Blue Slaver","floor":13,"turns":5},{"damage":27,"enemies":"Fading Forest","floor":16,"turns":7}],"seed_played":"-785318780018284558","potions_obtained":[{"floor":3,"key":"SkillPotion"},{"floor":12,"key":"Elixir"},{"floor":13,"key":"sneckomod:MuddlingPotion"}],"is_trial":false,"path_per_floor":["M","M","M","?","M","R","E","$","T","M","R","M","M","$","R","B"],"character_chosen":"MAD_SCIENTIST","items_purchased":["MadScienceMod:PowerArmor","MadScienceMod:OilDrum","MadScienceMod:EnergyBarrier","MadScienceMod:BandageBot"],"campfire_rested":1,"item_purchase_floors":[8,8,8,14],"current_hp_per_floor":[81,81,81,81,68,74,22,22,22,9,18,6,1,1,37,20,20],"gold":6,"neow_bonus":"TEN_PERCENT_HP_BONUS","is_daily":false,"chose_seed":false,"campfire_upgraded":1,"win_rate":0.0,"timestamp":1609223351,"path_taken":["M","M","M","?","M","R","E","$","T","M","R","M","M","$","R","BOSS"],"items_purchased_type":["Card","Card","Card","Card"],"build_version":"2020-12-22","purchased_purges":0,"victory":false,"max_hp_per_floor":[82,82,82,82,82,82,82,82,82,82,82,82,82,82,82,82,82],"relic_stats":{"Peace Pipe":1,"counters":[9,51],"Eternal Feather":27,"obtain_stats":[{"MadScienceMod:FuelTank":0,"Peace Pipe":7,"Eternal Feather":4,"hubris:Potato":9},{"MadScienceMod:FuelTank":0,"Peace Pipe":5,"Eternal Feather":3,"hubris:Potato":5},{"MadScienceMod:FuelTank":0,"Peace Pipe":26,"Eternal Feather":12,"hubris:Potato":26}]},"card_choices":[{"not_picked":["MadScienceMod:ShrinkRay","MadScienceMod:Retarget"],"picked":"MadScienceMod:LightOnFire","floor":1},{"not_picked":["MadScienceMod:AntimatterBomb","MadScienceMod:JunkLaser"],"picked":"MadScienceMod:MechanicalClaw","floor":2},{"not_picked":["MadScienceMod:LightOnFire","MadScienceMod:NowOrNever"],"picked":"MadScienceMod:FumeBlast","floor":3},{"not_picked":["MadScienceMod:AcidSpray","MadScienceMod:Bombardment"],"picked":"MadScienceMod:FlameThrower","floor":5},{"not_picked":["MadScienceMod:NowOrNever","MadScienceMod:FlexibleSpear"],"picked":"MadScienceMod:AssemblyLine","floor":7},{"not_picked":["MadScienceMod:CloneVats","MadScienceMod:AcidSpray"],"picked":"MadScienceMod:BoxOfScraps","floor":10},{"not_picked":["MadScienceMod:TimeDilationField","MadScienceMod:AcidSpray","MadScienceMod:Inflate"],"picked":"SKIP","floor":12},{"not_picked":["MadScienceMod:AcidSpray","MadScienceMod:Inflate"],"picked":"MadScienceMod:Strafe","floor":13}],"player_experience":808784,"relics_obtained":[{"floor":7,"key":"Peace Pipe"},{"floor":9,"key":"hubris:Potato"}],"event_choices":[{"damage_healed":0,"gold_gain":0,"player_choice":"Gave Potion","damage_taken":0,"relics_obtained":["Eternal Feather"],"max_hp_gain":0,"max_hp_loss":0,"event_name":"WeMeetAgain","floor":4,"gold_loss":0}],"is_beta":false,"boss_relics":[],"items_purged_floors":[],"is_endless":false,"potions_floor_spawned":[3,12,13],"killed_by":"Fading Forest","ascension_level":0}}