{"host":"dftyqn972q7tuon4","time":1609270138,"event":{"mods":["AchievementEnabler","BaseMod","Better Altar","Better Match","Better Note","Better Sensory Stone","Better Skull","Better Third Choice","Colored Powertips","Highlight Path","Minty Spire (QoL Compilation)","Permanent Neow","Quick Restart","StSLib"],"gold_per_floor":[364,539,559,559,559,559,2,2,2,14,14,49,60,60,60,60,60],"floor_reached":16,"playtime":720,"items_purged":["Doubt"],"score":127,"play_id":"cc55d429-b3ac-411c-ae72-c2af3ead839b","local_time":"20201229202858","is_ascension_mode":true,"campfire_choices":[{"data":"Bash","floor":6.0,"key":"SMITH"},{"floor":8.0,"key":"REST"},{"data":"Heavy Blade","floor":11.0,"key":"SMITH"},{"data":"Heavy Blade","floor":15.0,"key":"SMITH"}],"circlet_count":0,"master_deck":["Strike_R","Strike_R","Strike_R","Defend_R","Defend_R","Defend_R","Defend_R","Bash+1","Entrench+1","Flex","Blood for Blood","Heavy Blade+1","Flex","Offering","Heavy Blade+1","Flex"],"relics":["Burning Blood","Incense Burner","Medical Kit","White Beast Statue","Nunchaku"],"acts_visited":["Exordium"],"potions_floor_usage":[],"damage_taken":[{"damage":5.0,"enemies":"Small Slimes","floor":1.0,"turns":5.0},{"damage":8.0,"enemies":"2 Louse","floor":3.0,"turns":4.0},{"damage":1.0,"enemies":"Cultist","floor":10.0,"turns":3.0},{"damage":41.0,"enemies":"Gremlin Nob","floor":12.0,"turns":5.0},{"damage":2.0,"enemies":"Large Slime","floor":13.0,"turns":4.0},{"damage":33,"enemies":"The Guardian","floor":16,"turns":8}],"seed_played":"4389037775736982301","potions_obtained":[{"floor":10.0,"key":"Explosive Potion"},{"floor":12.0,"key":"Block Potion"},{"floor":13.0,"key":"ElixirPotion"}],"is_trial":false,"path_per_floor":["M","?","M","?","?","R","$","R","T","M","R","E","M","?","R","B"],"character_chosen":"IRONCLAD","items_purchased":["Incense Burner","Medical Kit","Heavy Blade"],"campfire_rested":1,"item_purchase_floors":[7,7,7],"current_hp_per_floor":[52,52,50,34,34,34,34,58,58,63,63,28,32,32,32,0,0],"gold":60,"neow_bonus":"TWO_FIFTY_GOLD","is_daily":false,"chose_seed":false,"campfire_upgraded":3,"win_rate":0.0,"timestamp":1609270138,"path_taken":["M","?","M","?","?","R","$","R","T","?","R","E","M","?","R","BOSS"],"items_purchased_type":["Relic","Relic","Card"],"build_version":"2020-12-22","purchased_purges":1,"victory":false,"max_hp_per_floor":[80,80,80,80,80,80,80,80,80,80,80,80,80,80,80,80,80],"card_choices":[{"not_picked":["Sword Boomerang","Clash"],"picked":"Entrench","floor":1.0},{"not_picked":["Perfected Strike","Clothesline"],"picked":"Flex","floor":3.0},{"not_picked":["Thunderclap","Havoc"],"picked":"Flex","floor":10.0},{"not_picked":["Havoc","Combust"],"picked":"Offering","floor":12.0},{"not_picked":["Clothesline","Iron Wave"],"picked":"Heavy Blade","floor":13.0}],"player_experience":538142,"relics_obtained":[{"floor":9.0,"key":"White Beast Statue"},{"floor":12.0,"key":"Nunchaku"}],"event_choices":[{"damage_healed":0.0,"max_hp_gain":0.0,"max_hp_loss":0.0,"gold_gain":175.0,"event_name":"betterThird:BetterSerpent","player_choice":"AGREE","floor":2.0,"gold_loss":0.0,"damage_taken":364.0},{"damage_healed":50.0,"max_hp_gain":0.0,"max_hp_loss":80.0,"gold_gain":0.0,"event_name":"betterThird:BetterShining","player_choice":"Upgrade","floor":4.0,"gold_loss":0.0,"damage_taken":16.0,"cards_upgraded":["Strike_R","Entrench"]},{"damage_healed":0.0,"max_hp_gain":0.0,"max_hp_loss":0.0,"gold_gain":0.0,"cards_transformed":["Strike_R"],"event_name":"Transmorgrifier","player_choice":"Transformed","floor":5.0,"gold_loss":0.0,"damage_taken":0.0,"cards_obtained":["Blood for Blood"]},{"damage_healed":0.0,"max_hp_gain":0.0,"max_hp_loss":0.0,"gold_gain":0.0,"cards_transformed":["Strike_R"],"event_name":"Transmorgrifier","player_choice":"Transformed","floor":14.0,"gold_loss":0.0,"damage_taken":0.0,"cards_obtained":["Flex"]}],"is_beta":false,"boss_relics":[],"items_purged_floors":[7],"is_endless":false,"potions_floor_spawned":[10,12,13],"killed_by":"The Guardian","ascension_level":6}}