{"host":"t8l92xzjkmihtain","time":1609239374,"event":{"mods":["AchievementEnabler","BaseMod","Colored Map","Minty Spire (QoL Compilation)","Rare Cards Sparkle","SuperFastMode","everything is the same but u backflip on backflip"],"gold_per_floor":[119,119,130,150,325,353,365,381,381,381,381,395,415,426,426,523,523,534,534,534],"floor_reached":19,"playtime":818,"items_purged":[],"score":190,"play_id":"256d3d4b-1355-4e31-8349-ed7f1bd1a763","local_time":"20201229195614","is_ascension_mode":true,"campfire_choices":[{"floor":11,"key":"REST"},{"floor":15,"key":"REST"}],"circlet_count":0,"master_deck":["Strike_R","Strike_R","Strike_R","Strike_R","Strike_R","Defend_R","Defend_R","Defend_R","Defend_R","Bash","Sever Soul","Havoc","Warcry","Sentinel","Pummel","Havoc","Corruption","Havoc"],"relics":["Burning Blood","Charon\u0027s Ashes","Ginger","Happy Flower","Black Star"],"acts_visited":["Exordium","TheCity"],"potions_floor_usage":[8,12,12,16,16],"damage_taken":[{"damage":6,"enemies":"Cultist","floor":1,"turns":4},{"damage":7,"enemies":"Jaw Worm","floor":3,"turns":3},{"damage":9,"enemies":"2 Louse","floor":4,"turns":2},{"damage":54,"enemies":"Lagavulin","floor":6,"turns":7},{"damage":11,"enemies":"Blue Slaver","floor":7,"turns":3},{"damage":8,"enemies":"3 Louse","floor":8,"turns":2},{"damage":11,"enemies":"Looter","floor":12,"turns":2},{"damage":0,"enemies":"Large Slime","floor":13,"turns":4},{"damage":10,"enemies":"Gremlin Gang","floor":14,"turns":2},{"damage":38,"enemies":"Slime Boss","floor":16,"turns":8},{"damage":45,"enemies":"Chosen","floor":18,"turns":5},{"damage":33,"enemies":"Shell Parasite","floor":19,"turns":3}],"seed_played":"6606806253241056867","potions_obtained":[{"floor":3,"key":"LiquidBronze"},{"floor":6,"key":"Strength Potion"},{"floor":7,"key":"Block Potion"},{"floor":8,"key":"Swift Potion"},{"floor":13,"key":"LiquidBronze"},{"floor":14,"key":"Dexterity Potion"}],"is_trial":false,"path_per_floor":["M","$","M","M","?","E","M","M","T","?","R","M","M","M","R","B",null,"M","M"],"character_chosen":"IRONCLAD","items_purchased":[],"campfire_rested":2,"item_purchase_floors":[],"current_hp_per_floor":[72,72,71,68,68,20,15,13,13,13,34,29,35,31,52,20,72,33,0,0],"gold":534,"neow_bonus":"ONE_RARE_RELIC","is_daily":false,"chose_seed":false,"campfire_upgraded":0,"win_rate":0.0,"timestamp":1609239374,"path_taken":["M","$","?","M","?","E","M","M","T","?","R","M","M","M","R","BOSS","M","M"],"items_purchased_type":[],"build_version":"2020-12-22","purchased_purges":0,"victory":false,"max_hp_per_floor":[72,72,72,72,72,72,72,72,72,72,72,72,72,72,72,72,72,72,72,72],"card_choices":[{"not_picked":["Pommel Strike","Rampage"],"picked":"Sever Soul","floor":1},{"not_picked":["Power Through","Body Slam","Thunderclap"],"picked":"SKIP","floor":3},{"not_picked":["Dual Wield","Armaments","Clothesline"],"picked":"SKIP","floor":4},{"not_picked":["Pummel","Shrug It Off"],"picked":"Havoc","floor":6},{"not_picked":["Flame Barrier","Thunderclap","Rampage"],"picked":"SKIP","floor":7},{"not_picked":["Clash","Inflame"],"picked":"Warcry","floor":8},{"not_picked":["Shrug It Off","Body Slam"],"picked":"Sentinel","floor":12},{"not_picked":["Whirlwind","Armaments"],"picked":"Pummel","floor":13},{"not_picked":["Fire Breathing","Armaments"],"picked":"Havoc","floor":14},{"not_picked":["Berserk","Limit Break"],"picked":"Corruption","floor":16},{"not_picked":["Clash","Rupture"],"picked":"Havoc","floor":18}],"player_experience":27363,"relics_obtained":[{"floor":6,"key":"Ginger"},{"floor":9,"key":"Happy Flower"}],"event_choices":[{"damage_healed":0,"gold_gain":175,"player_choice":"AGREE","damage_taken":0,"max_hp_gain":0,"max_hp_loss":0,"event_name":"Liars Game","floor":5,"gold_loss":0,"cards_obtained":["Doubt"]},{"cards_removed":["Doubt"],"damage_healed":0,"gold_gain":0,"player_choice":"Forget","damage_taken":0,"max_hp_gain":0,"max_hp_loss":0,"event_name":"Living Wall","floor":10,"gold_loss":0}],"is_beta":false,"boss_relics":[{"not_picked":["Runic Dome","Mark of Pain"],"picked":"Black Star"}],"items_purged_floors":[],"is_endless":false,"potions_floor_spawned":[3,6,7,8,13,14],"killed_by":"Shell Parasite","ascension_level":2}}