{"host":"u0f5uy314yz7olfc","time":1609219780,"event":{"mods":["AchievementEnabler","Aspiration","BaseMod","Better Altar","Better Match","Better Note","Better Sensory Stone","Better Skull","Better Third Choice","BetterRewards","Block Reminder","Colored Map","Colored Powertips","DeckTracker","Dota2Spire","Emptier Cage","Gold Saver","Highlight Path","Hubris","Infinite Spire","Marked Mod","Mimic Mod","Minty Spire (QoL Compilation)","Permanent Neow","Quick Restart","Rare Cards Sparkle","Relic Sorter","Replay The Spire","Shop Mod","StSLib","The Bladedancer","The Blue Laboratory","Watcher Patcher"],"gold_per_floor":[1186,1196,663,680,698,698,730,749,749,760,760,771,400,410,410,510,510,522,539,539,539,563,592,592,13,44,57,57,116,26,46,46,154,154,175,198,228,8,22,22,22,22,47,47,64,64,84,100,100,100,100,100,36,36,36],"floor_reached":54,"playtime":4448,"items_purged":["Steam","blademaster:Strike"],"score":1038,"play_id":"c49b3d60-3214-405a-9a01-97c987a1250d","local_time":"20201229122940","is_ascension_mode":false,"campfire_choices":[{"floor":6.0,"key":"REST"},{"floor":11.0,"key":"RECALL"},{"data":"Apotheosis","floor":15.0,"key":"SMITH"},{"data":"blademaster:BladeMastery","floor":24.0,"key":"SMITH"},{"data":"hubris:Fate","floor":32.0,"key":"SMITH"},{"data":"DeusExMachina","floor":40,"key":"SMITH"},{"floor":46,"key":"REST"},{"data":"hubris:Rewind","floor":49,"key":"SMITH"},{"data":"blademaster:Empower","floor":52,"key":"SMITH"}],"circlet_count":0,"master_deck":["blademaster:Strike","blademaster:Strike","blademaster:Strike","blademaster:Defend","blademaster:Defend","blademaster:Defend","blademaster:Defend","blademaster:RagingBlow","blademaster:HighVoltage","blademaster:Flurry","blademaster:DeadlyDance","blademaster:Bloodbath","blademaster:Bloodbath","blademaster:Sunder","blademaster:AirSlash","Apotheosis+1","blademaster:BladeMastery+1","blademaster:Meditate","blademaster:Slice","blademaster:ThunderingOpener+1","blademaster:Rupture","blademaster:Quickstep","blademaster:CombatPrep+1","blademaster:Safeguard","blademaster:Thrust","blademaster:ParryingStrike","blademaster:Flurry","blademaster:Meditate","blademaster:Reversal","blademaster:TraverseCut","blademaster:Sharpen","blademaster:ThunderingOpener","blademaster:FlockOfBlades+1","blademaster:BloodyBlow","blademaster:Meditate","blademaster:Flurry","blademaster:RagingBlow+1","blademaster:AncestralHealing","Dark Shackles","Steam","SashWhip","Leg Sweep","blademaster:LeechingStrike","blademaster:BloodyBlow","blademaster:BloodyBlow","DeusExMachina+1","blademaster:Frontflip","blademaster:Stability","blademaster:Hailwind","blademaster:AspectOfWind","Good Instincts","blademaster:Meditate","blademaster:LightningDraw+1","AbeCurse","blademaster:Cut+1","blademaster:BrainBloom","hubris:Fate+1","blademaster:Thrust","blademaster:FuryOfTheElements","blademaster:DragonStrike","blademaster:DaggerAndCloak","blademaster:CloudOfSteel","blademaster:Overcharge","Secret Weapon","DeusExMachina","Crow Ritual","BattleHymn","blademaster:AwakeningDefend","blademaster:LightningCrash+1","infinitespire:FinalStrike","infinitespire:Collect","blademaster:BladeMastery","blademaster:FuryOfTheElements","blademaster:Empower+1","CurseOfTheBell","blademaster:BloodyBlow+1","blademaster:Stability+1","blademaster:BladeMastery","blademaster:Breeze","blademaster:Flurry","blademaster:Quickness","blademaster:SlyStabs","blademaster:Blockade+1","Decay","hubris:Rewind+1","blademaster:DeadlyDance","blademaster:DaggerAndCloak+1","blademaster:AwakeningDefend","blademaster:Quickstep","blademaster:Discharge","blademaster:ParryingStrike","blademaster:ThunderingOpener","BattleHymn","BattleHymn"],"relics":["blademaster:DancersAmulet","infinitespire:EmpoweringShard","infinitespire:Joker Card","Guide Book","Pen Nib","infinitespire:ShieldingShard","Dota2Spire:ShivaGuard","infinitespire:EvilPickle","Membership Card","Counterbalance","MerchantsRug","Snack Pack","Dota2Spire:Satanic","Centennial Puzzle","Bag of Marbles","Dota2Spire:MagicBottle","infinitespire:FocusingShard","BargainBundle","Replay:Grab Bag","Abe\u0027s Treasure","Ring of Chaos","Runic Pyramid","Orichalcum","Toy Ornithopter","infinitespire:Lychee Nut","infinitespire:Bottled Soul","MealTicket","aspiration:Nostalgia","Blue Doll"],"acts_visited":["Exordium","TheCity","TheBeyond","TheEnding"],"potions_floor_usage":[45,47],"damage_taken":[{"damage":23.0,"enemies":"Cultist","floor":1.0,"turns":6.0},{"damage":11.0,"enemies":"Jaw Worm","floor":2.0,"turns":3.0},{"damage":5.0,"enemies":"2 Louse","floor":4.0,"turns":2.0},{"damage":32.0,"enemies":"Blue Slaver","floor":5.0,"turns":5.0},{"damage":6.0,"enemies":"Lagavulin","floor":7.0,"turns":7.0},{"damage":6.0,"enemies":"Exordium Thugs","floor":8.0,"turns":4.0},{"damage":18.0,"enemies":"Red Slaver","floor":10.0,"turns":6.0},{"damage":14.0,"enemies":"Looter","floor":12.0,"turns":4.0},{"damage":18.0,"enemies":"Lots of Slimes","floor":14.0,"turns":4.0},{"damage":10.0,"enemies":"The Guardian","floor":16.0,"turns":6.0},{"damage":10.0,"enemies":"Chosen","floor":18.0,"turns":4.0},{"damage":37.0,"enemies":"3 Byrds","floor":19.0,"turns":4.0},{"damage":6.0,"enemies":"Replay:Snechameleon","floor":23.0,"turns":7.0},{"damage":14.0,"enemies":"Centurion and Healer","floor":26.0,"turns":7.0},{"damage":3.0,"enemies":"Centurion and Healer","floor":27.0,"turns":5.0},{"damage":4.0,"enemies":"Cultist and Chosen","floor":31.0,"turns":3.0},{"damage":36.0,"enemies":"Pondfish","floor":33.0,"turns":6.0},{"damage":12.0,"enemies":"3 Darklings","floor":35.0,"turns":3.0},{"damage":20.0,"enemies":"3 Shapes","floor":36.0,"turns":4.0},{"damage":12.0,"enemies":"Sphere and 2 Shapes","floor":37.0,"turns":5.0},{"damage":26,"enemies":"Transient","floor":39,"turns":5},{"damage":34,"enemies":"3 Darklings","floor":45,"turns":6},{"damage":10,"enemies":"Jaw Worm Horde","floor":47,"turns":4},{"damage":0,"enemies":"4 Shapes","floor":48,"turns":2},{"damage":30,"enemies":"Replay:Hell Engine","floor":50,"turns":8},{"damage":64,"enemies":"Shield and Spear","floor":54,"turns":3}],"seed_played":"-6106009432007749862","potions_obtained":[{"floor":4.0,"key":"blueLaboratory:PyrophylliteBrew"},{"floor":5.0,"key":"FearPotion"},{"floor":8.0,"key":"Weak Potion"},{"floor":12.0,"key":"DistilledChaos"},{"floor":14.0,"key":"SkillPotion"},{"floor":16.0,"key":"BlessingOfTheForge"},{"floor":18.0,"key":"Explosive Potion"},{"floor":19.0,"key":"Fire Potion"},{"floor":31.0,"key":"blueLaboratory:CorrosionFlask"},{"floor":39,"key":"Dota2Spire:HealingSalve"},{"floor":45,"key":"blueLaboratory:FrostheartPotion"},{"floor":47,"key":"DuplicationPotion"}],"is_trial":false,"path_per_floor":["M","M","$","M","M","R","E","M","T","M","R","M","$","M","R","B",null,"M","M","?","?","T","E","R","$","MIM","M","AVR","$","?","M","R","B",null,"M","M","M","$","M","R","?","?","T","AVR","M","R","M","M","R_BF","B",null,"R","$","E"],"character_chosen":"THE_BLADEMASTER","items_purchased":["Membership Card","Replay:Bottled Snecko","Counterbalance","MerchantsRug","blademaster:Flurry","blademaster:DeadlyDance","blademaster:Bloodbath","blademaster:Sunder","blademaster:AirSlash","Apotheosis","blademaster:BladeMastery","blademaster:Meditate","blademaster:Slice","blademaster:ThunderingOpener","blademaster:Rupture","blademaster:Quickstep","blademaster:CombatPrep+1","blademaster:Safeguard","blademaster:Thrust","blademaster:ParryingStrike","Snack Pack","Orrery","blademaster:ThunderingOpener","blademaster:Meditate","blademaster:Flurry","blademaster:RagingBlow+1","blademaster:Frenzy","PrismaticShard","Dota2Spire:Satanic","Centennial Puzzle","blademaster:AncestralHealing","Energy Potion","ColorlessPotion","Dota2Spire:MagicBottle","blademaster:BloodyBlow","DeusExMachina","infinitespire:FocusingShard","BargainBundle","blademaster:Frontflip","blademaster:Stability","blademaster:Hailwind","blademaster:AspectOfWind","Good Instincts","Energy Potion","infinitespire:EmpoweringShard","infinitespire:Bottled Soul","ReplayTheSpireMod:ShopPack","blademaster:FuryOfTheElements","blademaster:DragonStrike","blademaster:DaggerAndCloak","blademaster:CloudOfSteel","blademaster:Overcharge","Secret Weapon","Pen Nib","blademaster:BladeMastery","Guide Book","MealTicket","blademaster:Breeze","aspiration:Nostalgia","blademaster:Flurry","blademaster:Quickness","blademaster:SlyStabs","blademaster:Quickstep","blademaster:Discharge","blademaster:ParryingStrike","blademaster:ThunderingOpener","BattleHymn"],"campfire_rested":2,"item_purchase_floors":[0,0,0,0,0,0,0,0,0,0,0,0,0,0,0,0,0,0,0,0,0,0,0,3,3,3,3,3,3,3,3,3,3,13,13,13,13,13,13,13,13,13,13,13,25,25,25,25,25,25,25,25,25,29,29,29,38,38,38,38,38,38,53,53,53,53,53],"current_hp_per_floor":[69,60,60,59,35,57,72,74,74,62,62,57,57,62,62,75,75,67,35,35,35,35,56,56,56,56,56,56,56,56,56,56,56,56,46,36,52,52,56,56,56,56,56,56,45,56,56,56,56,56,56,56,56,0,0],"gold":36,"neow_bonus":"","is_daily":false,"chose_seed":false,"campfire_upgraded":6,"win_rate":0.0,"timestamp":1609219780,"path_taken":["M","M","$","M","?","R","E","M","T","M","R","?","$","M","R","BOSS","M","M","?","?","?","E","R","$","MIM","?","AVR","?","?","M","R","BOSS","M","?","M","$","M","R","?","?","T","AVR","M","R","?","M","R_BF","BOSS","R","$","E"],"items_purchased_type":["Relic","Relic","Relic","Relic","Card","Card","Card","Card","Card","Card","Card","Card","Card","Card","Card","Card","Card","Card","Card","Card","Relic","Relic","Card","Card","Card","Card","Card","Relic","Relic","Relic","Card","Potion","Potion","Relic","Card","Card","Relic","Relic","Card","Card","Card","Card","Card","Potion","Relic","Relic","Relic","Card","Card","Card","Card","Card","Card","Relic","Card","Relic","Relic","Card","Relic","Card","Card","Card","Card","Card","Card","Card","Card"],"build_version":"2020-12-22","purchased_purges":2,"victory":false,"max_hp_per_floor":[75,75,75,75,75,75,75,75,75,75,75,75,75,75,75,75,75,75,75,75,75,75,56,56,56,56,56,56,56,56,56,56,56,56,56,56,56,56,56,56,56,56,56,56,56,56,56,56,56,56,56,56,56,56,56],"card_choices":[{"not_picked":["blademaster:LeechingStrike","blademaster:AirSlash"],"picked":"blademaster:Flurry","floor":0.0},{"not_picked":["blademaster:AwakeningDefend","blademaster:OneTrickPony"],"picked":"blademaster:Meditate","floor":0.0},{"not_picked":["blademaster:KiBarrier","blademaster:CullingStrike"],"picked":"blademaster:Reversal","floor":0.0},{"not_picked":["blademaster:Reversal","blademaster:Frontflip"],"picked":"blademaster:TraverseCut","floor":0.0},{"not_picked":["blademaster:BladeCross","blademaster:ChargingUp"],"picked":"blademaster:Sharpen","floor":0.0},{"not_picked":["blademaster:Vortex","blademaster:Frontflip"],"picked":"blademaster:FlockOfBlades","floor":1.0},{"not_picked":["blademaster:Thrust","blademaster:AwakeningDefend"],"picked":"blademaster:BloodyBlow","floor":2.0},{"not_picked":["BasicCrystalCard","MasterReality"],"picked":"Dark Shackles","floor":4.0},{"not_picked":["Rebound","BasicCrystalCard"],"picked":"Steam","floor":5.0},{"not_picked":["Reflex","Tactician"],"picked":"SashWhip","floor":7.0},{"not_picked":["Setup","Flying Knee"],"picked":"Leg Sweep","floor":8.0},{"not_picked":["BasicCrystalCard","ReplayTheSpireMod:Tripwire"],"picked":"Steam","floor":10.0},{"not_picked":["PanicButton","Flex"],"picked":"blademaster:LeechingStrike","floor":12.0},{"not_picked":["blademaster:SlyStabs","blademaster:Stormstrike"],"picked":"blademaster:Meditate","floor":14.0},{"not_picked":["blademaster:BladeDance","blademaster:HighVoltage"],"picked":"blademaster:LightningDraw","floor":16.0},{"not_picked":["blademaster:DancingEdge","blademaster:Thrust+1"],"picked":"blademaster:Cut+1","floor":18.0},{"not_picked":["blademaster:SharpBlades","blademaster:Quickstep"],"picked":"blademaster:BrainBloom","floor":19.0},{"not_picked":["blademaster:FuriousStrike+1","blademaster:FuryOfTheElements"],"picked":"blademaster:Thrust","floor":23.0},{"not_picked":["Midas Touch","The Bomb"],"picked":"DeusExMachina","floor":25.0},{"not_picked":["The Bomb","Poisoned Strike"],"picked":"Crow Ritual","floor":25.0},{"not_picked":["LessonLearned","The Bomb"],"picked":"BattleHymn","floor":25.0},{"not_picked":["blademaster:Sunder","blademaster:AirSlash"],"picked":"blademaster:AwakeningDefend","floor":26.0},{"not_picked":["blademaster:IcyWind","blademaster:ThunderSlash"],"picked":"blademaster:LightningCrash+1","floor":27.0},{"not_picked":["blademaster:Gust","blademaster:AirSlash+1"],"picked":"blademaster:FuryOfTheElements","floor":31.0},{"not_picked":["blademaster:ThreePointStrike","blademaster:ColdBlood"],"picked":"blademaster:Empower","floor":33.0},{"not_picked":["blademaster:DragonStrike","blademaster:OneTrickPony+1"],"picked":"blademaster:BloodyBlow+1","floor":35.0},{"not_picked":["blademaster:LeechingStrike+1","blademaster:CombatPrep"],"picked":"blademaster:Stability+1","floor":36.0},{"not_picked":["blademaster:Frenzy+1","blademaster:Stability"],"picked":"blademaster:BladeMastery","floor":37.0},{"not_picked":["blademaster:SlyStabs+1","Outmaneuver+1"],"picked":"blademaster:Blockade+1","floor":39},{"not_picked":["InnerPeace+1","Escape Plan"],"picked":"blademaster:DeadlyDance","floor":45},{"not_picked":["blademaster:Sharpen+1","blademaster:AwakeningStrike"],"picked":"blademaster:DaggerAndCloak+1","floor":47},{"not_picked":["SashWhip+1","Sanctity+1"],"picked":"blademaster:AwakeningDefend","floor":48}],"player_experience":352610,"relics_obtained":[{"floor":7.0,"key":"Bag of Marbles"},{"floor":7.0,"key":"blademaster:BonusComboPerk"},{"floor":22.0,"key":"Toy Ornithopter"},{"floor":23.0,"key":"infinitespire:Lychee Nut"},{"floor":23.0,"key":"blademaster:RandomBladePerk"},{"floor":26.0,"key":"hubris:AstralHammer"},{"floor":26.0,"key":"blademaster:FuryEveryTurnPerk"},{"floor":34.0,"key":"infinitespire:ShieldingShard"},{"floor":34.0,"key":"Dota2Spire:ShivaGuard"},{"floor":34.0,"key":"Replay:Wax Seal"},{"floor":43,"key":"Blue Doll"}],"event_choices":[{"cards_removed":["Apotheosis"],"damage_healed":0.0,"max_hp_gain":0.0,"max_hp_loss":0.0,"gold_gain":0.0,"event_name":"betterNote:BetterNote","player_choice":"Take \u0026 Give","floor":20.0,"gold_loss":0.0,"damage_taken":0.0,"cards_obtained":["hubris:Fate"]},{"damage_healed":0.0,"max_hp_gain":0.0,"max_hp_loss":0.0,"gold_gain":0.0,"event_name":"The Mausoleum","player_choice":"Opened","floor":21.0,"gold_loss":0.0,"damage_taken":0.0,"relics_obtained":["Orichalcum"]},{"cards_removed":["blademaster:Frenzy"],"damage_healed":0.0,"max_hp_gain":0.0,"max_hp_loss":0.0,"gold_gain":0.0,"event_name":"Designer","player_choice":"Upgrade and Remove","floor":30.0,"gold_loss":90.0,"damage_taken":0.0,"cards_upgraded":["blademaster:ThunderingOpener"]},{"damage_healed":0,"gold_gain":0,"player_choice":"Cursed","damage_taken":0,"max_hp_gain":0,"max_hp_loss":0,"event_name":"Wheel of Change","floor":42,"gold_loss":0,"cards_obtained":["Decay"]}],"is_beta":false,"boss_relics":[{"not_picked":["aspiration:FutureDiary","Runic Dome"],"picked":"Replay:Grab Bag"},{"not_picked":["Sozu","hubris:VirtuousBlindfold"],"picked":"infinitespire:Cupcake"},{"not_picked":["hubris:GrandSneckoEye","hubris:RunicObelisk"],"picked":"Abe\u0027s Treasure"},{"not_picked":["aspiration:SilentSkillbook","aspiration:RitualDagger"],"picked":"Ring of Chaos"},{"not_picked":["hubris:BlackHole","Pandora\u0027s Box"],"picked":"Runic Pyramid"},{"not_picked":["Replay:Ancient Bell","hubris:Backtick"],"picked":"Calling Bell"}],"items_purged_floors":[25,28],"is_endless":false,"potions_floor_spawned":[4,5,8,12,14,16,18,19,31,39,45,47],"killed_by":"Shield and Spear","ascension_level":0}}