{"host":"ky7z67tg8zpdk0g7","time":1609268394,"event":{"mods":["BaseMod","Better Third Choice","CapriCore","Displayed Cursed Tome","Energized Spire","Halation","Hubris","Minty Spire (QoL Compilation)","Replay The Spire","Shop Mod","StSLib"],"gold_per_floor":[109,125,125,125,125,157,432,450,450,325,354,364,395,405,405,503,503,520,520,538,538,538],"floor_reached":21,"playtime":641,"items_purged":["Regret"],"score":301,"play_id":"7aa7a7ba-aad6-4f99-a499-ba74da3927c7","local_time":"20201230015954","is_ascension_mode":true,"campfire_choices":[{"floor":15.0,"key":"DIG"}],"circlet_count":0,"master_deck":["Strike_P","Strike_P","Strike_P","Strike_P","Defend_P","Defend_P","Defend_P","Defend_P","Eruption","Vigilance","Replay:BluntJabs","PathToVictory+1","Perseverance","DeusExMachina","DeceiveReality","Necronomicurse"],"relics":["PureWater","NeowsBlessing","halation:EternalFortune","halation:PinkSoulGem","Thread and Needle","Shovel","Bag of Marbles","halation:KoshaPiece","energizedSpire:DeadBattery","Necronomicon"],"acts_visited":["Exordium","TheCity"],"potions_floor_usage":[20,20],"damage_taken":[{"damage":0.0,"enemies":"Jaw Worm","floor":1.0,"turns":1.0},{"damage":0.0,"enemies":"Small Slimes","floor":2.0,"turns":1.0},{"damage":0.0,"enemies":"Lagavulin","floor":6.0,"turns":1.0},{"damage":2.0,"enemies":"2 Louse","floor":8.0,"turns":2.0},{"damage":24.0,"enemies":"Gremlin Nob","floor":11.0,"turns":3.0},{"damage":0.0,"enemies":"Red Slaver","floor":12.0,"turns":3.0},{"damage":23.0,"enemies":"Lagavulin","floor":13.0,"turns":7.0},{"damage":0.0,"enemies":"Exordium Thugs","floor":14.0,"turns":2.0},{"damage":0.0,"enemies":"Slime Boss","floor":16.0,"turns":6.0},{"damage":32.0,"enemies":"Shell Parasite","floor":18.0,"turns":6.0},{"damage":3,"enemies":"Spheric Guardian","floor":20,"turns":4},{"damage":41,"enemies":"Snecko","floor":21,"turns":3}],"seed_played":"5018280303652499199","potions_obtained":[{"floor":1.0,"key":"Dexterity Potion"},{"floor":11.0,"key":"Dexterity Potion"},{"floor":14.0,"key":"BlessingOfTheForge"},{"floor":16.0,"key":"CultistPotion"}],"is_trial":false,"path_per_floor":["M","M","?","?","?","E","?","M","T","$","E","M","E","M","R","B",null,"M","?","M","M"],"character_chosen":"WATCHER","items_purchased":["Swift Potion"],"campfire_rested":0,"item_purchase_floors":[10],"current_hp_per_floor":[72,72,75,75,75,75,75,73,73,73,49,49,26,26,26,26,75,43,27,24,0,0],"gold":538,"neow_bonus":"THREE_ENEMY_KILL","is_daily":false,"chose_seed":false,"campfire_upgraded":0,"win_rate":0.0,"timestamp":1609268394,"path_taken":["M","M","?","?","?","E","?","M","T","$","E","M","E","?","R","BOSS","M","?","M","M"],"items_purchased_type":["Potion"],"build_version":"2020-12-22","purchased_purges":1,"victory":false,"max_hp_per_floor":[72,72,75,75,75,75,75,75,75,75,75,75,75,75,75,75,75,75,75,75,75,75],"card_choices":[{"not_picked":["Indignation","Worship"],"picked":"Replay:BluntJabs","floor":1.0},{"not_picked":["FollowUp","BattleHymn"],"picked":"PathToVictory","floor":2.0},{"not_picked":["SandsOfTime","ClearTheMind","Omniscience"],"picked":"SKIP","floor":6.0},{"not_picked":["Crescendo","ThirdEye","JustLucky"],"picked":"SKIP","floor":8.0},{"not_picked":["Replay:BluntJabs","EmptyFist"],"picked":"Perseverance","floor":11.0},{"not_picked":["EmptyFist","Indignation","Halt"],"picked":"SKIP","floor":12.0},{"not_picked":["ReachHeaven","Replay:DivineShield","Study"],"picked":"SKIP","floor":13.0},{"not_picked":["CarveReality","EmptyBody","Consecrate"],"picked":"SKIP","floor":14.0},{"not_picked":["Ragnarok","Replay:LoomingThreat"],"picked":"DeusExMachina","floor":16.0},{"not_picked":["Swivel","Consecrate+1"],"picked":"DeceiveReality","floor":18.0},{"not_picked":["EmptyBody","Replay:DivineShield","Replay:ManipulateFuture"],"picked":"SKIP","floor":20}],"player_experience":51362,"relics_obtained":[{"floor":9.0,"key":"Thread and Needle"},{"floor":11.0,"key":"Shovel"},{"floor":13.0,"key":"Bag of Marbles"},{"floor":15.0,"key":"halation:KoshaPiece"}],"event_choices":[{"damage_healed":0.0,"max_hp_gain":0.0,"max_hp_loss":0.0,"gold_gain":0.0,"event_name":"Living Wall","player_choice":"Grow","floor":5.0,"gold_loss":0.0,"damage_taken":0.0,"cards_upgraded":["PathToVictory"]},{"damage_healed":0.0,"max_hp_gain":0.0,"max_hp_loss":0.0,"gold_gain":275.0,"event_name":"Golden Shrine","player_choice":"Desecrate","floor":7.0,"gold_loss":0.0,"damage_taken":0.0,"cards_obtained":["Regret"]},{"damage_healed":0.0,"max_hp_gain":0.0,"max_hp_loss":0.0,"gold_gain":0.0,"event_name":"Cursed Tome","player_choice":"Obtained Book","floor":19.0,"gold_loss":0.0,"damage_taken":16.0}],"is_beta":false,"boss_relics":[{"not_picked":["hubris:ScarierMask","energizedSpire:RedRose"],"picked":"energizedSpire:DeadBattery"}],"items_purged_floors":[10],"is_endless":false,"potions_floor_spawned":[1,11,14,16],"killed_by":"Snecko","ascension_level":2}}