{"host":"g8cg2b2fqcsffp10","time":1609217804,"event":{"mods":["AchievementEnabler","BaseMod","Better Match","Colored Map","Colored Powertips","Defuse TimeMaze Blight","Downfall","Hubris","Infinite Spire","Minty Spire (QoL Compilation)","Relic Stats","Replay The Spire","Shop Mod","StSLib"],"gold_per_floor":[150,207,258,294,333,411,411,504,529,613,613,613,712,769,769,1078,1078,1117,1171,1171,1213,560,665,665,707,732,732,810,915,972,1059,1059,1434,1434,1575,1875,2057,2083,2083,2083,2083,2083,2083,2083,2263,2452,2713,2940,2940,3416,3416,3663,3948,4227,4545,4871,5276,4594,4594,4594,4594,4935,4935,4935,5319,5319,5984,5984,6408,6408,5779,6200,6200,6700,6700,7169,7223,7758,8352,8966,9598,10255,10255,11191,11191,11960,12780,13634,14533,13742,13742,13884,13868,13868],"floor_reached":93,"playtime":8288,"items_purged":["Strike_R","Juggernaut","Demonic Infusion"],"score":2002,"play_id":"eb5c99c4-a836-42f5-9168-62b8cf77a384","local_time":"20201228205643","daily_mods":["Heirloom","DeadlyEvents","Elite Swarm","Midas"],"is_ascension_mode":false,"campfire_choices":[{"floor":7.0,"key":"REST"},{"data":"1","floor":27.0,"key":"LIFT"},{"data":"2","floor":32.0,"key":"LIFT"},{"data":"3","floor":40,"key":"LIFT"},{"data":"Injury","floor":41,"key":"PURGE"},{"floor":42,"key":"REST"},{"data":"Strike_R","floor":49,"key":"PURGE"},{"data":"Disarm","floor":59,"key":"PURGE"},{"data":"Bash","floor":61,"key":"PURGE"},{"data":"hubris:CleavingFinish+1","floor":66,"key":"PURGE"},{"data":"hubris:Compulsion","floor":75,"key":"PURGE"},{"data":"Immolate+1","floor":83,"key":"PURGE"},{"data":"Defend_R+1","floor":91,"key":"PURGE"}],"circlet_count":0,"master_deck":["Defend_R+1","Defend_R","Thunderclap+1","Replay:Many Hands","Corruption+1","Demon Form","Brutality+1","Limit Break+1","Hemogenesis+1","Intimidate+1","Thunderclap+1","Infernal Blade","Berserk+1","Barricade","Double Tap","Berserk","Inflame+1","infinitespire:UltimateForm","Run Through+1","Dual Wield+1","AbeCurse","Thunderclap+1","Iron Wave","hubris:DuctTapeCard+2","Anger+1","Replay:Undeath\u0027s Touch+1","Heavy Blade+1","Impervious","Injury","Replay:Many Hands","ReplayTheSpireMod:Black Plague","ReplayReversal+1","Armaments","Replay:Undeath\u0027s Touch+1","infinitespire:Starlight","Defy Death","Bloodletting","Bloodletting","ReplayTheSpireMod:Stacked"],"relics":["Burning Blood","FossilizedHelix","Kunai","InkBottle","hubris:TenFootPole","hubris:Metronome","Simple Rune","Black Star","Ring of Peace","Ring of Searing","Guide Book","infinitespire:PuzzleCube","Matryoshka","Girya","ReplayTheSpireMod:TigerMarble","Bottled Flame","Bronze Scales","Akabeko","hubris:ToyBattleship","hubris:Spice","Peace Pipe","Replay:Wax Seal","Bird Faced Urn","infinitespire:EvilPickle","WingedGreaves","Bottled Tornado","Happy Flower","Abe\u0027s Treasure","Nunchaku","Replay:WaspNest","hubris:Towel","Molten Egg 2","Ooze Armor","infinitespire:Lucky Rock","Replay:PocketPolymizer","HandDrill","MerchantsRug","Durian","King of Hearts","Golden Idol","Oddly Smooth Stone","Magic Flower","Pear","Mummified Hand","Strawberry","Sling","sneckomod:BlankCard","HornCleat","infinitespire:FocusingShard","hubris:SlimyHat","infinitespire:Satchel","Whetstone","infinitespire:EvilPickle","hubris:GlazedTorus","Frozen Eye"],"acts_visited":["Exordium","TheCity","TheBeyond","Exordium","TheCity","TheBeyond"],"potions_floor_usage":[50,65],"damage_taken":[{"damage":12.0,"enemies":"2 Louse","floor":1.0,"turns":3.0},{"damage":10.0,"enemies":"Small Slimes","floor":2.0,"turns":4.0},{"damage":0.0,"enemies":"Cultist","floor":3.0,"turns":3.0},{"damage":12.0,"enemies":"Blue Slaver","floor":4.0,"turns":3.0},{"damage":0.0,"enemies":"Red Slaver","floor":5.0,"turns":4.0},{"damage":32.0,"enemies":"3 Sentries","floor":6.0,"turns":6.0},{"damage":36.0,"enemies":"Lagavulin","floor":8.0,"turns":6.0},{"damage":30.0,"enemies":"3 Sentries","floor":10.0,"turns":5.0},{"damage":26.0,"enemies":"Lagavulin","floor":13.0,"turns":6.0},{"damage":17.0,"enemies":"3 Louse","floor":14.0,"turns":4.0},{"damage":50.0,"enemies":"Hexaghost","floor":16.0,"turns":6.0},{"damage":17.0,"enemies":"Chosen","floor":18.0,"turns":5.0},{"damage":33.0,"enemies":"Spheric Guardian","floor":19.0,"turns":5.0},{"damage":27.0,"enemies":"Cultist and Chosen","floor":21.0,"turns":5.0},{"damage":44.0,"enemies":"Nightmare","floor":23.0,"turns":6.0},{"damage":30.0,"enemies":"Snecko","floor":25.0,"turns":5.0},{"damage":33.0,"enemies":"Book of Stabbing","floor":28.0,"turns":4.0},{"damage":33.0,"enemies":"Slavers","floor":29.0,"turns":4.0},{"damage":28.0,"enemies":"Snake Plant","floor":30.0,"turns":4.0},{"damage":29.0,"enemies":"Gremlin Leader","floor":31.0,"turns":6.0},{"damage":56.0,"enemies":"Pondfish","floor":33.0,"turns":6.0},{"damage":10.0,"enemies":"3 Shapes","floor":35.0,"turns":2.0},{"damage":20.0,"enemies":"infinitespire:Three Voidlings","floor":36.0,"turns":3.0},{"damage":96.0,"enemies":"Nightmare_Alpha","floor":36.0,"turns":6.0},{"damage":13.0,"enemies":"Orb Walker","floor":37.0,"turns":3.0},{"damage":55,"enemies":"4 Shapes","floor":45,"turns":4},{"damage":0,"enemies":"Writhing Mass","floor":46,"turns":1},{"damage":7,"enemies":"Reptomancer","floor":47,"turns":4},{"damage":28,"enemies":"Maw","floor":48,"turns":4},{"damage":74,"enemies":"infinitespire:MassOfShapes","floor":50,"turns":5},{"damage":12,"enemies":"Small Slimes","floor":52,"turns":3},{"damage":1,"enemies":"Jaw Worm","floor":53,"turns":2},{"damage":7,"enemies":"Cultist","floor":54,"turns":3},{"damage":1,"enemies":"Looter","floor":55,"turns":2},{"damage":0,"enemies":"3 Louse","floor":56,"turns":1},{"damage":8,"enemies":"3 Sentries","floor":57,"turns":2},{"damage":1,"enemies":"Exordium Thugs","floor":62,"turns":2},{"damage":1,"enemies":"Lagavulin","floor":65,"turns":3},{"damage":0,"enemies":"Slime Boss","floor":67,"turns":3},{"damage":0,"enemies":"Spheric Guardian","floor":69,"turns":2},{"damage":3,"enemies":"2 Thieves","floor":72,"turns":2},{"damage":0,"enemies":"Gremlin Leader","floor":74,"turns":1},{"damage":1,"enemies":"Shelled Parasite and Fungi","floor":76,"turns":2},{"damage":2,"enemies":"Book of Stabbing","floor":78,"turns":2},{"damage":0,"enemies":"Slavers","floor":79,"turns":1},{"damage":0,"enemies":"Book of Stabbing","floor":80,"turns":1},{"damage":0,"enemies":"Centurion and Healer","floor":81,"turns":1},{"damage":0,"enemies":"Snake Plant","floor":82,"turns":1},{"damage":0,"enemies":"Pondfish","floor":84,"turns":3},{"damage":1,"enemies":"3 Shapes","floor":86,"turns":4},{"damage":0,"enemies":"3 Darklings","floor":87,"turns":3},{"damage":1,"enemies":"Spire Growth","floor":88,"turns":2},{"damage":2,"enemies":"Jaw Worm Horde","floor":89,"turns":3},{"damage":0,"enemies":"Mind Bloom Boss Battle","floor":92,"turns":3},{"damage":102,"enemies":"Reptomancer","floor":93,"turns":2}],"seed_played":"6196326660085766283","potions_obtained":[{"floor":2.0,"key":"Toxic Potion"},{"floor":5.0,"key":"ColorlessPotion"},{"floor":6.0,"key":"ElixirPotion"},{"floor":8.0,"key":"Strength Potion"},{"floor":25.0,"key":"SteroidPotion"},{"floor":29.0,"key":"Languid Potion"},{"floor":33.0,"key":"LifebloodPotion"},{"floor":35.0,"key":"Adrenaline Potion"},{"floor":36.0,"key":"SteroidPotion"},{"floor":47,"key":"Toxic Potion"},{"floor":52,"key":"Reflective Coating"},{"floor":65,"key":"Fruit Juice"},{"floor":67,"key":"champ:CounterPotion"},{"floor":79,"key":"hexamod:EctoCoolerPotion"}],"is_trial":true,"path_per_floor":["M","M","M","M","M","E","R","E","T","E","?","?","E","M","R_BF","B",null,"M","M","?","M","$","NM","?","M","T","R","E","E","M","E","R","B",null,"?","?","?","T","AVR","T","T","T","T","?","?","?","E","?","T","B",null,"?","?","?","?","?","E","T","T","T","T","?","AVR","?","E","T","B",null,"?","?","T","?","?","E","T","?","T","E","E","E","?","?","T","B",null,"?","?","?","?","T","R","?","E"],"character_chosen":"IRONCLAD","items_purchased":["Guide Book","infinitespire:PuzzleCube","Matryoshka","Berserk+1","Replay:PocketPolymizer","HandDrill","MerchantsRug","Mummified Hand","Strawberry","Sling","Armaments","hubris:GlazedTorus","Frozen Eye","hubris:Spice","Bloodletting"],"campfire_rested":2,"item_purchase_floors":[22,22,22,22,58,58,58,71,71,71,71,90,90,90,90],"current_hp_per_floor":[74,70,76,80,80,80,80,50,50,80,80,80,80,80,80,80,80,80,80,80,80,80,80,80,80,80,80,80,88,88,88,88,88,88,88,77,88,88,88,88,88,88,88,88,49,57,79,69,69,39,88,82,88,88,88,88,96,96,96,101,101,101,101,101,106,106,106,106,106,116,123,123,123,115,115,115,107,107,107,107,107,107,107,107,107,107,107,107,107,99,99,99,0,0],"gold":13868,"neow_bonus":"","is_daily":false,"chose_seed":false,"campfire_upgraded":0,"win_rate":0.0,"timestamp":1609217803,"path_taken":["M","M","M","M","M","E","R","E","T","E","?","?","E","M","R_BF","BOSS","M","M","?","M","$","NM","?","?","T","R","E","?","?","?","R","BOSS","?","?","?","?","AVR","T","T","T","T","?","?","?","?","?","T","BOSS","?","?","?","?","?","E","T","T","T","T","?","AVR","?","E","T","BOSS","?","?","T","?","?","E","T","?","T","E","?","E","?","?","T","BOSS","?","?","?","?","T","R","?","E"],"items_purchased_type":["Relic","Relic","Relic","Card","Relic","Relic","Relic","Relic","Relic","Relic","Card","Relic","Relic","Relic","Card"],"build_version":"2020-12-22","purchased_purges":3,"victory":false,"max_hp_per_floor":[80,80,80,80,80,80,80,80,80,80,80,80,80,80,80,80,80,80,80,80,80,80,80,80,80,80,80,80,88,88,88,88,88,88,88,88,88,88,88,88,88,88,88,88,88,88,88,88,88,88,88,88,88,88,88,88,96,96,96,101,101,101,101,101,106,106,106,106,106,116,123,123,123,115,115,115,107,107,107,107,107,107,107,107,107,107,107,107,107,99,99,99,99,99],"relic_stats":{"Happy Flower":[24],"counters":[55,186],"Golden Idol":138,"Magic Flower":[1],"Whetstone":["Thunderclap","Run Through"],"Burning Blood":417,"Peace Pipe":9,"Nunchaku":[19],"Mummified Hand":[115],"Bronze Scales":[322],"Bird Faced Urn":[196],"Black Star":11,"HandDrill":[58],"Kunai":[85],"obtain_stats":[{"Whetstone":80,"Bottled Tornado":38,"Sling":71,"Ring of Searing":20,"HornCleat":78,"Strawberry":71,"HandDrill":58,"Kunai":6,"Replay:Wax Seal":31,"Girya":23,"MerchantsRug":58,"Pear":70,"Happy Flower":38,"hubris:DuctTape":47,"Oddly Smooth Stone":65,"Akabeko":28,"infinitespire:EvilPickle":33,"Bottled Flame":26,"Ooze Armor":51,"Bronze Scales":26,"Bird Faced Urn":31,"Simple Rune":13,"Molten Egg 2":47,"hubris:TenFootPole":9,"Black Star":17,"ReplayTheSpireMod:TigerMarble":23,"hubris:ToyBattleship":28,"infinitespire:PuzzleCube":22,"Abe\u0027s Treasure":39,"hubris:Metronome":10,"Replay:PocketPolymizer":58,"sneckomod:BlankCard":74,"Magic Flower":65,"Painkiller Herb":34,"King of Hearts":63,"hubris:SlimyHat":79,"Burning Blood":0,"Frozen Eye":90,"Nunchaku":39,"Matryoshka":22,"Mummified Hand":71,"Ring of Peace":20,"WingedGreaves":36,"InkBottle":8,"hubris:GlazedTorus":90,"Golden Idol":64,"Guide Book":22,"Replay:WaspNest":43,"infinitespire:FocusingShard":78,"infinitespire:Lucky Rock":57,"hubris:Towel":44,"Peace Pipe":29,"hubris:Spice":29,"infinitespire:Satchel":80,"Durian":60,"FossilizedHelix":0},{"Whetstone":46,"Bottled Tornado":25,"Sling":40,"Ring of Searing":13,"HornCleat":44,"Strawberry":40,"HandDrill":36,"Kunai":6,"Replay:Wax Seal":20,"Girya":15,"MerchantsRug":36,"Pear":40,"Happy Flower":25,"hubris:DuctTape":28,"Oddly Smooth Stone":38,"Akabeko":17,"infinitespire:EvilPickle":21,"Bottled Flame":16,"Ooze Armor":30,"Bronze Scales":16,"Bird Faced Urn":20,"Simple Rune":9,"Molten Egg 2":28,"hubris:TenFootPole":7,"Black Star":11,"ReplayTheSpireMod:TigerMarble":15,"hubris:ToyBattleship":17,"infinitespire:PuzzleCube":14,"Abe\u0027s Treasure":25,"hubris:Metronome":8,"Replay:PocketPolymizer":36,"sneckomod:BlankCard":42,"Magic Flower":38,"Painkiller Herb":21,"King of Hearts":37,"hubris:SlimyHat":45,"Burning Blood":0,"Frozen Eye":53,"Nunchaku":25,"Matryoshka":14,"Mummified Hand":40,"Ring of Peace":13,"WingedGreaves":24,"InkBottle":7,"hubris:GlazedTorus":53,"Golden Idol":37,"Guide Book":14,"Replay:WaspNest":25,"infinitespire:FocusingShard":44,"infinitespire:Lucky Rock":36,"hubris:Towel":25,"Peace Pipe":18,"hubris:Spice":18,"infinitespire:Satchel":46,"Durian":36,"FossilizedHelix":0},{"Whetstone":164,"Bottled Tornado":114,"Sling":155,"Ring of Searing":60,"HornCleat":162,"Strawberry":155,"HandDrill":145,"Kunai":23,"Replay:Wax Seal":94,"Girya":71,"MerchantsRug":145,"Pear":155,"Happy Flower":114,"hubris:DuctTape":123,"Oddly Smooth Stone":150,"Akabeko":80,"infinitespire:EvilPickle":100,"Bottled Flame":76,"Ooze Armor":132,"Bronze Scales":76,"Bird Faced Urn":94,"Simple Rune":40,"Molten Egg 2":123,"hubris:TenFootPole":29,"Black Star":50,"ReplayTheSpireMod:TigerMarble":71,"hubris:ToyBattleship":80,"infinitespire:PuzzleCube":65,"Abe\u0027s Treasure":114,"hubris:Metronome":34,"Replay:PocketPolymizer":145,"sneckomod:BlankCard":158,"Magic Flower":150,"Painkiller Herb":100,"King of Hearts":147,"hubris:SlimyHat":163,"Burning Blood":0,"Frozen Eye":181,"Nunchaku":114,"Matryoshka":65,"Mummified Hand":155,"Ring of Peace":60,"WingedGreaves":111,"InkBottle":29,"hubris:GlazedTorus":181,"Golden Idol":147,"Guide Book":65,"Replay:WaspNest":114,"infinitespire:FocusingShard":162,"infinitespire:Lucky Rock":145,"hubris:Towel":114,"Peace Pipe":84,"hubris:Spice":84,"infinitespire:Satchel":164,"Durian":145,"FossilizedHelix":0}],"InkBottle":[77]},"card_choices":[{"not_picked":["Twin Strike","Wild Strike"],"picked":"Pommel Strike","floor":1.0},{"not_picked":["Pommel Strike","Ghostly Armor"],"picked":"Thunderclap","floor":2.0},{"not_picked":["Burning Pact","Warcry"],"picked":"Replay:Many Hands","floor":3.0},{"not_picked":["Twin Strike","hubris:ReadiedAction"],"picked":"Thunderclap","floor":4.0},{"not_picked":["Flex","Defy Death"],"picked":"Disarm","floor":5.0},{"not_picked":["Replay:Many Hands","Bludgeon"],"picked":"Corruption","floor":6.0},{"not_picked":["Replay:Many Hands","Demonic Infusion"],"picked":"Demon Form","floor":8.0},{"not_picked":["hubris:StunningStrike","Feed"],"picked":"Brutality","floor":10.0},{"not_picked":["Barricade","hubris:StunningStrike"],"picked":"Limit Break","floor":13.0},{"not_picked":["Twin Strike","Sever Soul"],"picked":"Sword Boomerang","floor":14.0},{"not_picked":["Impervious","Exhume"],"picked":"Hemogenesis","floor":16.0},{"not_picked":["Sword Boomerang","Twin Strike+1"],"picked":"Intimidate+1","floor":18.0},{"not_picked":["Pommel Strike","Headbutt"],"picked":"Thunderclap+1","floor":19.0},{"not_picked":["Pommel Strike","Clothesline"],"picked":"Infernal Blade","floor":21.0},{"not_picked":["infinitespire:Gouge","infinitespire:NeuralNetwork"],"picked":"ReplayTheSpireMod:??????????????????????","floor":23.0},{"not_picked":["Impervious","Offering"],"picked":"Juggernaut","floor":23.0},{"not_picked":["Body Slam","Warcry"],"picked":"hubris:CleavingFinish+1","floor":25.0},{"not_picked":["Impervious","Corruption"],"picked":"Barricade","floor":28.0},{"not_picked":["Immolate","Limit Break"],"picked":"Demonic Infusion","floor":29.0},{"not_picked":["Ghostly Armor","Sever Soul","Clash"],"picked":"SKIP","floor":30.0},{"not_picked":["Corruption","Offering"],"picked":"Double Tap","floor":31.0},{"not_picked":["Eclipse","Hemogenesis"],"picked":"Berserk","floor":33.0},{"not_picked":["Fire Breathing+1","Clash"],"picked":"Inflame+1","floor":35.0},{"not_picked":["infinitespire:Menacing","ReplayTheSpireMod:??????????????????????"],"picked":"infinitespire:UltimateForm","floor":36.0},{"not_picked":["Wild Strike","Perfected Strike"],"picked":"Run Through","floor":36.0},{"not_picked":["Reckless Charge","Dark Embrace+1"],"picked":"Dual Wield+1","floor":37.0},{"not_picked":["Twin Strike+1","Flex+1"],"picked":"Thunderclap+1","floor":45},{"not_picked":["infinitespire:OneForAll","hubris:CleavingFinish"],"picked":"Iron Wave","floor":46},{"not_picked":["Exhume","Offering","Demonic Infusion"],"picked":"SKIP","floor":47},{"not_picked":["Headbutt+1","Heavy Blade+1"],"picked":"Anger+1","floor":48},{"not_picked":["Double Tap","Brutality"],"picked":"Immolate+1","floor":50},{"not_picked":["Flex","Second Wind","Pommel Strike+1"],"picked":"SKIP","floor":52},{"not_picked":["Sentinel","Berserk","Clash+1"],"picked":"SKIP","floor":53},{"not_picked":["Disarm","Infernal Blade","Dropkick+1"],"picked":"SKIP","floor":54},{"not_picked":["Disarm","ReplayTheSpireMod:Strike From Hell+1"],"picked":"Replay:Undeath\u0027s Touch+1","floor":55},{"not_picked":["hubris:CleavingFinish+1","Defy Death","Flex"],"picked":"SKIP","floor":56},{"not_picked":["Bludgeon+1","Demon Form","Corruption"],"picked":"SKIP","floor":57},{"not_picked":["Bloodletting","Flex","Sentinel"],"picked":"SKIP","floor":62},{"not_picked":["Bludgeon+1","Replay:Many Hands","Barricade"],"picked":"SKIP","floor":65},{"not_picked":["ReplayTheSpireMod:Haul","infinitespire:Fortify"],"picked":"ReplayTheSpireMod:Black Plague","floor":68},{"not_picked":["Iron Wave+1","Body Slam+1"],"picked":"ReplayReversal+1","floor":69},{"not_picked":["Thunderclap+1","Cleave+1"],"picked":"Replay:Undeath\u0027s Touch+1","floor":72},{"not_picked":["Reaper+1","Hemogenesis+1","Demon Form"],"picked":"SKIP","floor":74},{"not_picked":["Uppercut+1","Replay:Undeath\u0027s Touch+1","Havoc"],"picked":"SKIP","floor":76},{"not_picked":["Hemogenesis+1","Exhume","Reaper+1"],"picked":"SKIP","floor":78},{"not_picked":["Feed+1","Limit Break","Hemogenesis+1"],"picked":"SKIP","floor":79},{"not_picked":["hubris:SpiceAddiction","hubris:SpiceAddiction","Reaper+1"],"picked":"SKIP","floor":80},{"not_picked":["Abandon","hubris:ReadiedAction","hubris:SpiceAddiction"],"picked":"SKIP","floor":81},{"not_picked":["hubris:SpiceAddiction","hubris:SpiceAddiction","hubris:SpiceAddiction"],"picked":"SKIP","floor":82},{"not_picked":["Body Slam+1","Metallicize+1","Flame Barrier+1"],"picked":"SKIP","floor":86},{"not_picked":["hubris:SpiceAddiction","Whirlwind+1","hubris:ReadiedAction"],"picked":"SKIP","floor":87},{"not_picked":["Sentinel","Perfected Strike+1","Twin Strike+1"],"picked":"SKIP","floor":88},{"not_picked":["Perfected Strike+1","hubris:SpiceAddiction","ReplayTheSpireMod:Muscle Training+1"],"picked":"SKIP","floor":89}],"player_experience":27641,"relics_obtained":[{"floor":6.0,"key":"Kunai"},{"floor":8.0,"key":"InkBottle"},{"floor":9.0,"key":"hubris:TenFootPole"},{"floor":10.0,"key":"hubris:Metronome"},{"floor":13.0,"key":"Simple Rune"},{"floor":20.0,"key":"Ring of Peace"},{"floor":20.0,"key":"Ring of Searing"},{"floor":23.0,"key":"Girya"},{"floor":23.0,"key":"ReplayTheSpireMod:TigerMarble"},{"floor":26.0,"key":"Bottled Flame"},{"floor":26.0,"key":"Bronze Scales"},{"floor":28.0,"key":"Akabeko"},{"floor":28.0,"key":"hubris:ToyBattleship"},{"floor":29.0,"key":"hubris:Spice"},{"floor":29.0,"key":"Peace Pipe"},{"floor":31.0,"key":"Replay:Wax Seal"},{"floor":31.0,"key":"Bird Faced Urn"},{"floor":36.0,"key":"WingedGreaves"},{"floor":38.0,"key":"Bottled Tornado"},{"floor":38.0,"key":"Happy Flower"},{"floor":43,"key":"Replay:WaspNest"},{"floor":47,"key":"Molten Egg 2"},{"floor":47,"key":"hubris:DuctTape"},{"floor":57,"key":"hubris:Spice"},{"floor":57,"key":"infinitespire:Lucky Rock"},{"floor":60,"key":"Durian"},{"floor":65,"key":"Oddly Smooth Stone"},{"floor":65,"key":"Magic Flower"},{"floor":74,"key":"sneckomod:BlankCard"},{"floor":74,"key":"hubris:Spice"},{"floor":77,"key":"hubris:Spice"},{"floor":78,"key":"HornCleat"},{"floor":78,"key":"infinitespire:FocusingShard"},{"floor":79,"key":"hubris:SlimyHat"},{"floor":80,"key":"infinitespire:Satchel"},{"floor":80,"key":"Whetstone"}],"event_choices":[{"damage_healed":0.0,"max_hp_gain":0.0,"max_hp_loss":0.0,"gold_gain":0.0,"event_name":"Golden Wing","player_choice":"Ignored","floor":11.0,"gold_loss":0.0,"damage_taken":0.0},{"cards_removed":["Strike_R"],"damage_healed":0.0,"max_hp_gain":0.0,"max_hp_loss":0.0,"gold_gain":0.0,"event_name":"Golden Wing","player_choice":"Card Removal","floor":36.0,"gold_loss":0.0,"damage_taken":7.0},{"damage_healed":0,"gold_gain":0,"player_choice":"Take Wound","damage_taken":0,"relics_obtained":["Golden Idol"],"max_hp_gain":0,"max_hp_loss":0,"event_name":"Golden Idol","floor":64,"gold_loss":0,"cards_obtained":["Injury"]},{"damage_healed":0,"gold_gain":0,"player_choice":"Bought 0 Potions","damage_taken":0,"max_hp_gain":0,"max_hp_loss":0,"event_name":"The Woman in Blue","floor":73,"gold_loss":0},{"damage_healed":0,"gold_gain":0,"player_choice":"Fight","damage_taken":0,"max_hp_gain":0,"max_hp_loss":0,"event_name":"MindBloom","floor":92,"gold_loss":0}],"is_beta":false,"boss_relics":[{"not_picked":["Snecko Heart","Black Blood"],"picked":"Black Star"},{"not_picked":["hubris:Spice","hubris:CrackedHourglass"],"picked":"Painkiller Herb"},{"not_picked":["Ring of Chaos","hubris:RunicObelisk"],"picked":"Ooze Armor"},{"not_picked":["VoidEssence"],"picked":"MetallicRebirth"},{"not_picked":["Accursed"],"picked":"GraspOfShadows"}],"items_purged_floors":[58,71,90],"is_endless":true,"potions_floor_spawned":[2,5,6,8,13,14,25,29,33,35,36,46,47,52,54,62,65,67,69,79,82,84,86,87],"killed_by":"Reptomancer","ascension_level":0}}