{"host":"sav7uxregyirlf69","time":1609248562,"event":{"mods":["AchievementEnabler","BaseMod","Colored Map","DeckTracker","Keyboard Shortcuts","Minty Spire (QoL Compilation)","READ ME - Guardian Mod","StSLib","SuperFastMode"],"gold_per_floor":[119,119,44,61,61,93,108,143,214,174,74,74,74],"floor_reached":12,"playtime":179,"items_purged":["Strike_G","Strike_G"],"score":222,"play_id":"a484e214-a27f-4d5b-a1ff-693daa86d2b4","local_time":"20201229222922","is_ascension_mode":true,"campfire_choices":[],"circlet_count":0,"master_deck":["AscendersBane","Strike_G","Strike_G","Strike_G","Defend_G","Defend_G","Defend_G","Defend_G","Defend_G","Survivor","Neutralize","Footwork+1","Crippling Poison","Dash","Poisoned Stab","Calculated Gamble"],"relics":["Ring of the Snake","NeowsBlessing","Unceasing Top","Juzu Bracelet","Sundial"],"acts_visited":["Exordium"],"potions_floor_usage":[8],"damage_taken":[{"damage":0,"enemies":"Small Slimes","floor":1,"turns":1},{"damage":0,"enemies":"Cultist","floor":4,"turns":1},{"damage":0,"enemies":"Gremlin Nob","floor":6,"turns":1},{"damage":4,"enemies":"Jaw Worm","floor":7,"turns":7},{"damage":35,"enemies":"Lagavulin","floor":8,"turns":11},{"damage":24,"enemies":"3 Sentries","floor":12,"turns":8}],"seed_played":"8930756876078933144","potions_obtained":[{"floor":1,"key":"Fire Potion"},{"floor":6,"key":"SteroidPotion"},{"floor":10,"key":"Explosive Potion"},{"floor":10,"key":"Dexterity Potion"}],"is_trial":false,"path_per_floor":["M","?","$","M","$","E","M","E","T","?","$","E"],"character_chosen":"THE_SILENT","items_purchased":[],"campfire_rested":0,"item_purchase_floors":[],"current_hp_per_floor":[59,59,59,59,59,59,55,20,20,20,20,0,0],"gold":74,"neow_bonus":"THREE_ENEMY_KILL","is_daily":false,"chose_seed":false,"campfire_upgraded":0,"win_rate":0.0,"timestamp":1609248562,"path_taken":["M","?","?","M","$","E","M","E","T","?","$","E"],"items_purchased_type":[],"build_version":"2020-12-22","purchased_purges":2,"victory":false,"max_hp_per_floor":[66,66,66,66,66,66,66,66,66,66,66,66,66],"card_choices":[{"not_picked":["Deflect","Cloak And Dagger"],"picked":"Footwork","floor":1},{"not_picked":["Dagger Spray","Predator"],"picked":"Crippling Poison","floor":4},{"not_picked":["Heel Hook","Poisoned Stab"],"picked":"Dash","floor":6},{"not_picked":["Flechettes","Catalyst"],"picked":"Poisoned Stab","floor":7},{"not_picked":["Quick Slash","Underhanded Strike"],"picked":"Calculated Gamble","floor":8}],"player_experience":1055883,"relics_obtained":[{"floor":6,"key":"Unceasing Top"},{"floor":8,"key":"Juzu Bracelet"},{"floor":9,"key":"Sundial"}],"event_choices":[{"damage_healed":0,"gold_gain":0,"player_choice":"Upgraded","damage_taken":0,"max_hp_gain":0,"max_hp_loss":0,"event_name":"Upgrade Shrine","floor":2,"gold_loss":0,"cards_upgraded":["Footwork"]},{"damage_healed":0,"gold_gain":0,"player_choice":"Bought 3 Potions","damage_taken":0,"max_hp_gain":0,"max_hp_loss":0,"event_name":"The Woman in Blue","floor":10,"gold_loss":0}],"is_beta":false,"boss_relics":[],"items_purged_floors":[3,11],"is_endless":false,"potions_floor_spawned":[1,6,7],"killed_by":"3 Sentries","ascension_level":20}}