{"host":"yq9lr8gtbjek4ze8","time":1609212579,"event":{"mods":["Act Like it!","Arknights The Spire","BaseMod","CapriCore","Challenge The Spire","Conspire","Friendly Minions","Gensokyo","GifTheSpireLib","Hallownest","Koishi","Mimic Mod","Minty Spire (QoL Compilation)","MostiFishMod","Pale of the Ancients","Replay The Spire","StSLib","WarShipGirlsR/战舰少女R mod","【功能Mod】聪明的最终Boss"],"gold_per_floor":[38,38,66,94,141,153,165,177,215,255,301,313,275,225,260,286,314,341],"floor_reached":19,"playtime":849,"items_purged":["ats:Strike S","ats:Strike V"],"score":779,"play_id":"8ab59423-1c2a-4e0b-a922-094740e24c18","local_time":"20201229112939","daily_mods":["challengethespire:Gold Difficulty","challengethespire:Elite Rush","Uncertain Future"],"is_ascension_mode":true,"campfire_choices":[{"data":"ats:Emotion Absorption","floor":2,"key":"SMITH"},{"data":"ats:Song Of Battle","floor":8,"key":"SMITH"},{"data":"ats:Composite Medical Shells","floor":8,"key":"SMITH"}],"circlet_count":0,"master_deck":["AscendersBane","ats:Strike C","ats:Strike G","ats:Armor Crushing Shot","ats:Defend","ats:Defend","ats:Defend","ats:Defend","ats:Emotion Absorption+1","ats:Flexible Camouflage","ats:Composite Medical Shells+1","ats:Song Of Battle+1","ats:Red Shift+1","ats:Blood Oath+1","ats:Thermite Blade","ats:Cat Scratch","ats:Soul Rend"],"relics":["ats:Sanity","Black Star","Sling","PreservedInsect","DaveBox","Civilization","BirthdayGift-Icosahedron","ats:Originium","Replay:Arrowhead","Counterbalance","ats:Originium","MawBank","Orichalcum","ats:Originium","Ancient Tea Set","ats:Rhine Circuitry","ReplayTheSpireMod:DimensionalGlitch","ats:Originium","Smiling Mask","ReplayTheSpireMod:Lightbulb","Girya","Replay:Towering Pillar of Hats","Regal Pillow","Boot","DiscerningMonocle","conspire:GlowingRock","ArrowTower","Guide Book","ats:Ability Aura","Mirror","Toolbox","ats:Emergency Defibrillator","Happy Flower","Bag of Preparation","Vajra","ats:Hidden Killer","DaCapo","MealTicket","Replay:Bandana"],"acts_visited":["Gensokyo:Gensokyo"],"potions_floor_usage":[18],"damage_taken":[{"damage":0,"enemies":"Gremlin Nob","floor":3,"turns":2},{"damage":0,"enemies":"Lagavulin","floor":4,"turns":3},{"damage":0,"enemies":"3 Sentries","floor":5,"turns":2},{"damage":0,"enemies":"Slavers","floor":9,"turns":2},{"damage":7,"enemies":"Book of Stabbing","floor":10,"turns":2},{"damage":6,"enemies":"Gremlin Leader","floor":11,"turns":2},{"damage":0,"enemies":"Reptomancer","floor":15,"turns":2},{"damage":3,"enemies":"Giant Head","floor":16,"turns":4},{"damage":0,"enemies":"Nemesis","floor":17,"turns":3},{"damage":7,"enemies":"Shield and Spear","floor":18,"turns":2}],"seed_played":"6107292670075582279","potions_obtained":[{"floor":16,"key":"Ancient Potion"},{"floor":17,"key":"Regen Potion"}],"is_trial":true,"path_per_floor":["$","R","E","E","E","T","$","R","E","E","E","T","$","$","E","E","E","E",null],"character_chosen":"DOCTOR_CLASS","items_purchased":["BirthdayGift-Icosahedron","conspire:GlowingRock","ArrowTower","Guide Book","ats:Ability Aura","Mirror","Toolbox"],"campfire_rested":0,"item_purchase_floors":[1,13,13,13,14,14,14],"current_hp_per_floor":[65,65,67,70,80,80,80,80,85,84,85,85,85,85,99,118,137,151],"gold":341,"neow_bonus":"","is_daily":false,"chose_seed":false,"campfire_upgraded":3,"win_rate":0.0,"timestamp":1609212579,"path_taken":["$","R","E","E","E","T","$","R","E","E","E","T","$","$","E","E","E","E"],"items_purchased_type":["Relic","Relic","Relic","Relic","Relic","Relic","Relic"],"build_version":"2020-12-22","purchased_purges":2,"victory":true,"max_hp_per_floor":[72,72,73,75,80,80,80,80,88,97,109,109,109,109,125,142,160,180],"card_choices":[],"player_experience":118668,"relics_obtained":[{"floor":3,"key":"ats:Originium"},{"floor":3,"key":"Replay:Arrowhead"},{"floor":3,"key":"Counterbalance"},{"floor":4,"key":"ats:Originium"},{"floor":4,"key":"MawBank"},{"floor":4,"key":"Orichalcum"},{"floor":5,"key":"ats:Originium"},{"floor":5,"key":"Ancient Tea Set"},{"floor":5,"key":"ats:Rhine Circuitry"},{"floor":9,"key":"ats:Originium"},{"floor":9,"key":"Smiling Mask"},{"floor":9,"key":"ReplayTheSpireMod:Lightbulb"},{"floor":10,"key":"Girya"},{"floor":10,"key":"Replay:Towering Pillar of Hats"},{"floor":11,"key":"Regal Pillow"},{"floor":11,"key":"Boot"},{"floor":15,"key":"ats:Emergency Defibrillator"},{"floor":15,"key":"Happy Flower"},{"floor":16,"key":"Bag of Preparation"},{"floor":16,"key":"Vajra"},{"floor":17,"key":"ats:Hidden Killer"},{"floor":17,"key":"DaCapo"},{"floor":18,"key":"MealTicket"},{"floor":18,"key":"Replay:Bandana"}],"event_choices":[],"is_beta":false,"boss_relics":[{"not_picked":["GreenFoldingFan","Replay:Drink Me"],"picked":"ReplayTheSpireMod:DimensionalGlitch"},{"not_picked":["Ectoplasm","Fusion Hammer"],"picked":"DiscerningMonocle"}],"items_purged_floors":[13,14],"is_endless":false,"potions_floor_spawned":[11,16,17,18],"ascension_level":15}}