{"host":"j3h0p3l2xgzxhnx7","time":1609256246,"event":{"mods":["BaseMod","Luminous","Marisa????????","Minty Spire (QoL Compilation)","Remilia??????","StSLib","The Bug Knight","The Cursed","The Servant 0.9.4"],"gold_per_floor":[117,117,292,292,292,292,308,308,332,371,396,396,427,427,427,556,556,572,90,90,105,125,138,138,153,176,201,201,215,215,240,240,240,240],"floor_reached":33,"playtime":1743,"items_purged":["Doubt"],"score":257,"play_id":"42d0bda2-2181-42e6-a5ba-c700f65db1eb","local_time":"20201229233726","is_ascension_mode":false,"campfire_choices":[{"data":"HollowMod:FocusHealStart","floor":6,"key":"SMITH"},{"data":"HollowMod:GrimmsGift","floor":8,"key":"SMITH"},{"floor":12,"key":"REST"},{"floor":15,"key":"REST"},{"floor":24,"key":"REST"},{"floor":28,"key":"REST"},{"floor":30,"key":"REST"},{"floor":32,"key":"REST"}],"circlet_count":0,"master_deck":["HollowMod:NailStrikeStart","HollowMod:NailStrikeStart","HollowMod:NailStrikeStart","HollowMod:NailStrikeStart","HollowMod:QuickDashStart","HollowMod:QuickDashStart","HollowMod:QuickDashStart","HollowMod:QuickDashStart","HollowMod:FocusHealStart+1","HollowMod:PogoStrike+1","HollowMod:SoulSplash","HollowMod:GrimmsGift+1","HollowMod:CloakDash","HollowMod:SoulVessel","HollowMod:GreatSlash","HollowMod:HornetsHelp","HollowMod:LifebloodCocoon","HollowMod:ElderbugsWisdom","HollowMod:SharpenedNail","HollowMod:SoulStrike","HollowMod:DesolateDive+1","HollowMod:CloakDash","HollowMod:HuntersJournal","HollowMod:theNailsmith","HollowMod:DashSlash+1","HollowMod:SharpenedNail+1"],"relics":["HollowMod:VesselMask","Golden Idol","Bag of Preparation","Letter Opener","Lizard Tail","Fusion Hammer","HollowMod:PaleOreRelic","Sling","Vajra"],"acts_visited":["Exordium","TheCity"],"potions_floor_usage":[13,22,23,25,31],"damage_taken":[{"damage":2,"enemies":"Small Slimes","floor":1,"turns":3},{"damage":1,"enemies":"Jaw Worm","floor":7,"turns":2},{"damage":48,"enemies":"Lagavulin","floor":10,"turns":7},{"damage":0,"enemies":"2 Louse","floor":11,"turns":3},{"damage":31,"enemies":"3 Sentries","floor":13,"turns":8},{"damage":85,"enemies":"HollowMod:FalseKnight","floor":16,"turns":12},{"damage":30,"enemies":"Shell Parasite","floor":18,"turns":8},{"damage":17,"enemies":"3 Byrds","floor":21,"turns":5},{"damage":43,"enemies":"Snecko","floor":22,"turns":7},{"damage":0,"enemies":"3 Cultists","floor":23,"turns":3},{"damage":15,"enemies":"Snake Plant","floor":25,"turns":3},{"damage":7,"enemies":"Centurion and Healer","floor":27,"turns":4},{"damage":20,"enemies":"3 Cultists","floor":29,"turns":4},{"damage":11,"enemies":"Shelled Parasite and Fungi","floor":31,"turns":4},{"damage":105,"enemies":"Champ","floor":33,"turns":12}],"seed_played":"6343492881422412077","potions_obtained":[{"floor":10,"key":"SkillPotion"},{"floor":16,"key":"SkillPotion"},{"floor":22,"key":"Strength Potion"},{"floor":23,"key":"AttackPotion"},{"floor":27,"key":"Weak Potion"}],"is_trial":false,"path_per_floor":["M","?","?","?","?","R","M","R","T","E","M","R","E","?","R","B",null,"M","$","?","M","M","M","R","M","T","M","R","M","R","M","R","B"],"character_chosen":"THE_BUGKNIGHT","items_purchased":["HollowMod:PaleOreRelic","Sling","FairyPotion"],"campfire_rested":6,"item_purchase_floors":[19,19,19],"current_hp_per_floor":[73,73,73,78,78,78,77,77,77,35,41,65,44,44,68,40,80,56,56,56,45,8,8,32,17,17,10,34,20,44,39,63,0,0],"gold":240,"neow_bonus":"UPGRADE_CARD","is_daily":false,"chose_seed":false,"campfire_upgraded":2,"win_rate":0.0,"timestamp":1609256246,"path_taken":["M","?","?","?","?","R","M","R","T","E","?","R","E","?","R","BOSS","M","$","?","?","M","?","R","M","T","M","R","M","R","M","R","BOSS"],"items_purchased_type":["Relic","Relic","Potion"],"build_version":"2020-12-22","purchased_purges":1,"victory":false,"max_hp_per_floor":[75,75,75,80,80,80,80,80,80,80,80,80,80,80,80,80,80,80,80,80,80,80,80,80,80,80,80,80,80,80,80,80,80,80],"card_choices":[{"not_picked":["HollowMod:WraithStrike","HollowMod:HowlingWraiths"],"picked":"HollowMod:SoulSplash","floor":1},{"not_picked":["HollowMod:HowlingWraiths","HollowMod:InfectionAssault"],"picked":"HollowMod:GrimmsGift","floor":7},{"not_picked":["HollowMod:SharpenedNail","HollowMod:NewGlowingWomb"],"picked":"HollowMod:CloakDash","floor":10},{"not_picked":["HollowMod:LifebloodCocoon","HollowMod:NewJinnsSoul"],"picked":"HollowMod:SoulVessel","floor":11},{"not_picked":["HollowMod:WraithStrike","HollowMod:SiblingsShadow"],"picked":"HollowMod:GreatSlash","floor":13},{"not_picked":["HollowMod:MidwifesHunger","HollowMod:SoulMaster"],"picked":"HollowMod:ElderbugsWisdom","floor":16},{"not_picked":["HollowMod:PureNailStrike","HollowMod:BaldurShell"],"picked":"HollowMod:SharpenedNail","floor":18},{"not_picked":["HollowMod:MawleksShell","HollowMod:CycloneSlash"],"picked":"HollowMod:SoulStrike","floor":21},{"not_picked":["HollowMod:FastStrike","HollowMod:AbyssShriek+1"],"picked":"HollowMod:DesolateDive+1","floor":22},{"not_picked":["HollowMod:CycloneSlash","HollowMod:GreatSlash"],"picked":"HollowMod:CloakDash","floor":23},{"not_picked":["HollowMod:SiblingsShadow","HollowMod:WraithStrike"],"picked":"HollowMod:HuntersJournal","floor":25},{"not_picked":["HollowMod:Grubsong","HollowMod:CloakDash"],"picked":"HollowMod:theNailsmith","floor":27},{"not_picked":["HollowMod:NewJinnsSoul","HollowMod:BaldurShell"],"picked":"HollowMod:DashSlash+1","floor":29},{"not_picked":["HollowMod:SiblingsSouls+1","HollowMod:SoulSplash"],"picked":"HollowMod:SharpenedNail+1","floor":31}],"player_experience":46689,"relics_obtained":[{"floor":9,"key":"Bag of Preparation"},{"floor":10,"key":"Letter Opener"},{"floor":13,"key":"Lizard Tail"},{"floor":26,"key":"Vajra"}],"event_choices":[{"damage_healed":0,"gold_gain":0,"player_choice":"Leave","damage_taken":0,"max_hp_gain":0,"max_hp_loss":0,"event_name":"The Cleric","floor":2,"gold_loss":0},{"damage_healed":0,"gold_gain":175,"player_choice":"AGREE","damage_taken":0,"max_hp_gain":0,"max_hp_loss":0,"event_name":"Liars Game","floor":3,"gold_loss":0,"cards_obtained":["Doubt"]},{"damage_healed":0,"gold_gain":0,"player_choice":"Donut","damage_taken":0,"max_hp_gain":5,"max_hp_loss":0,"event_name":"Big Fish","floor":4,"gold_loss":0},{"damage_healed":0,"gold_gain":0,"player_choice":"Take Wound","damage_taken":0,"relics_obtained":["Golden Idol"],"max_hp_gain":0,"max_hp_loss":0,"event_name":"Golden Idol","floor":5,"gold_loss":0,"cards_obtained":["Injury"]},{"damage_healed":0,"gold_gain":0,"player_choice":"2 cards matched","damage_taken":0,"max_hp_gain":0,"max_hp_loss":0,"event_name":"Match and Keep!","floor":14,"gold_loss":0,"cards_obtained":["HollowMod:HornetsHelp","HollowMod:LifebloodCocoon"]},{"cards_removed":["Injury"],"damage_healed":0,"gold_gain":0,"player_choice":"Purged","damage_taken":0,"max_hp_gain":0,"max_hp_loss":0,"event_name":"Purifier","floor":20,"gold_loss":0}],"is_beta":false,"boss_relics":[{"not_picked":["Velvet Choker","Runic Pyramid"],"picked":"Fusion Hammer"}],"items_purged_floors":[19],"is_endless":false,"potions_floor_spawned":[10,16,22,23,27],"killed_by":"Champ","ascension_level":0}}