{"host":"3l86636hmmefx41a","time":1609275473,"event":{"mods":["BaseMod","Hermit","Marked Mod","Minty Spire (QoL Compilation)","StSLib"],"gold_per_floor":[111,61,80,100,117,152,165,165,191,191,191,191,150,185,185,280,280,290,290,290,66,83,108,108,123,177,204,204,129,50,50,50,151,151,166,184,194,240,250,250,250,266,266,286,296,316,347,347,347,347],"floor_reached":51,"playtime":4353,"items_purged":["Decay"],"score":802,"play_id":"b5213b5c-d50a-48dd-ac59-59151081b7fb","local_time":"20201229215753","daily_mods":["Draft"],"is_ascension_mode":false,"campfire_choices":[{"data":"Havoc","floor":8.0,"key":"SMITH"},{"data":"Havoc","floor":10.0,"key":"SMITH"},{"data":"Havoc","floor":12.0,"key":"SMITH"},{"data":"Body Slam","floor":15.0,"key":"SMITH"},{"data":"Pommel Strike","floor":24.0,"key":"SMITH"},{"data":"Dark Embrace","floor":32.0,"key":"SMITH"},{"data":"Fiend Fire","floor":40,"key":"SMITH"},{"data":"Offering","floor":49,"key":"SMITH"}],"circlet_count":0,"master_deck":["Iron Wave","Rage","Metallicize","Havoc+1","Anger","Anger","Pommel Strike","Pommel Strike","Iron Wave+1","Havoc+1","Anger","Anger","Flame Barrier","Pommel Strike+1","Sentinel+1","Havoc+1","Body Slam+1","Intimidate","Reaper","Reaper","Entrench","Necronomicurse","Spot Weakness+1","Uppercut+1","Offering+1","Bite","Bite","Bite","Bite","Bite","Dark Embrace+1","Fiend Fire+1","Thunderclap","Juggernaut","Metallicize","Deep Breath+1","Violence","Flash of Steel","Infernal Blade+1","Evolve+1","Demon Form","Pain"],"relics":["Burning Blood","PreservedInsect","Strawberry","Pen Nib","Runic Cube","Necronomicon","OrangePellets","Happy Flower","Toy Ornithopter","Matryoshka","Coffee Dripper","Champion Belt","War Paint","Sundial","Akabeko","WarpedTongs"],"acts_visited":["Exordium","TheCity","TheBeyond"],"potions_floor_usage":[38,42,44,50],"damage_taken":[{"damage":0.0,"enemies":"Small Slimes","floor":1.0,"turns":2.0},{"damage":3.0,"enemies":"Jaw Worm","floor":3.0,"turns":2.0},{"damage":0.0,"enemies":"2 Louse","floor":4.0,"turns":2.0},{"damage":1.0,"enemies":"2 Fungi Beasts","floor":5.0,"turns":3.0},{"damage":10.0,"enemies":"Lagavulin","floor":6.0,"turns":5.0},{"damage":9.0,"enemies":"Large Slime","floor":7.0,"turns":5.0},{"damage":0.0,"enemies":"3 Sentries","floor":14.0,"turns":4.0},{"damage":6.0,"enemies":"Hexaghost","floor":16.0,"turns":8.0},{"damage":10.0,"enemies":"2 Thieves","floor":18.0,"turns":4.0},{"damage":17.0,"enemies":"Spheric Guardian","floor":22.0,"turns":4.0},{"damage":11.0,"enemies":"Book of Stabbing","floor":23.0,"turns":5.0},{"damage":15.0,"enemies":"Snake Plant","floor":25.0,"turns":3.0},{"damage":26.0,"enemies":"Slavers","floor":27.0,"turns":5.0},{"damage":13.0,"enemies":"Collector","floor":33.0,"turns":5.0},{"damage":4.0,"enemies":"Orb Walker","floor":35.0,"turns":2.0},{"damage":6.0,"enemies":"3 Darklings","floor":36.0,"turns":2.0},{"damage":0.0,"enemies":"4 Shapes","floor":37.0,"turns":3.0},{"damage":20,"enemies":"2 Orb Walkers","floor":38,"turns":4},{"damage":28,"enemies":"Maw","floor":39,"turns":7},{"damage":14,"enemies":"Sphere and 2 Shapes","floor":42,"turns":3},{"damage":27,"enemies":"3 Darklings","floor":44,"turns":3},{"damage":6,"enemies":"Maw","floor":45,"turns":4},{"damage":34,"enemies":"Jaw Worm Horde","floor":46,"turns":3},{"damage":5,"enemies":"Nemesis","floor":47,"turns":3},{"damage":53,"enemies":"Donu and Deca","floor":50,"turns":4}],"seed_played":"-6963658865962450403","potions_obtained":[{"floor":4.0,"key":"PowerPotion"},{"floor":5.0,"key":"BloodPotion"},{"floor":6.0,"key":"Energy Potion"},{"floor":18.0,"key":"SpeedPotion"},{"floor":23.0,"key":"EntropicBrew"},{"floor":27.0,"key":"ColorlessPotion"},{"floor":35.0,"key":"SpeedPotion"},{"floor":39,"key":"Fruit Juice"},{"floor":42,"key":"Energy Potion"},{"floor":47,"key":"GamblersBrew"}],"is_trial":true,"path_per_floor":["M","?","M","M","M","E","M","R","T","R","?","R","$","E","R","B",null,"M","?","?","$","M","E","R","M","T","E","?","?","$","?","R","B",null,"M","M","M","?","M","R","?","M","T","M","M","M","E","?","R","B",null],"character_chosen":"IRONCLAD","items_purchased":["Intimidate","OrangePellets","Dark Embrace"],"campfire_rested":0,"item_purchase_floors":[13,21,30],"current_hp_per_floor":[80,80,80,80,80,76,73,73,80,80,63,63,63,69,69,69,87,85,85,69,69,62,69,69,80,80,78,60,60,60,60,60,60,60,60,60,60,55,60,60,50,65,65,65,65,65,65,65,65,41],"gold":347,"neow_bonus":"","is_daily":false,"chose_seed":false,"campfire_upgraded":8,"win_rate":0.0,"timestamp":1609275473,"path_taken":["M","?","M","M","M","E","M","R","T","R","?","R","$","E","R","BOSS","M","?","?","$","M","E","R","M","T","E","?","?","$","?","R","BOSS","M","M","M","?","M","R","?","M","T","M","M","M","E","?","R","BOSS"],"items_purchased_type":["Card","Relic","Card"],"build_version":"2020-12-22","purchased_purges":1,"victory":true,"max_hp_per_floor":[80,80,80,80,80,80,80,80,87,87,87,87,87,87,87,87,87,87,87,87,87,87,87,87,87,87,87,60,60,60,60,60,60,60,60,60,60,60,60,60,60,65,65,65,65,65,65,65,65,65],"card_choices":[{"not_picked":["Heavy Blade","Combust"],"picked":"Iron Wave","floor":0.0},{"not_picked":["Second Wind","Dropkick"],"picked":"Rage","floor":0.0},{"not_picked":["Warcry","Disarm"],"picked":"Armaments","floor":0.0},{"not_picked":["Carnage","Cleave"],"picked":"Metallicize","floor":0.0},{"not_picked":["Cleave","Infernal Blade"],"picked":"Headbutt","floor":0.0},{"not_picked":["Clash","Body Slam"],"picked":"Havoc","floor":0.0},{"not_picked":["Entrench","Shrug It Off"],"picked":"Anger","floor":0.0},{"not_picked":["Shrug It Off","Cleave"],"picked":"Anger","floor":0.0},{"not_picked":["Rage","Body Slam"],"picked":"Pommel Strike","floor":0.0},{"not_picked":["Warcry","Ghostly Armor"],"picked":"Pommel Strike","floor":0.0},{"not_picked":["Whirlwind","Power Through"],"picked":"Iron Wave","floor":0.0},{"not_picked":["Searing Blow","Shrug It Off"],"picked":"Havoc","floor":0.0},{"not_picked":["Clothesline","Disarm"],"picked":"Anger","floor":0.0},{"not_picked":["True Grit","Sever Soul"],"picked":"Anger","floor":0.0},{"not_picked":["Flex","Body Slam"],"picked":"Flame Barrier","floor":0.0},{"not_picked":["True Grit","Flame Barrier","Perfected Strike"],"picked":"SKIP","floor":1.0},{"not_picked":["Clash","Ghostly Armor"],"picked":"Evolve","floor":3.0},{"not_picked":["Disarm","Anger"],"picked":"Pommel Strike","floor":4.0},{"not_picked":["Perfected Strike","Wild Strike"],"picked":"Sentinel","floor":5.0},{"not_picked":["Seeing Red","Sentinel"],"picked":"Havoc","floor":6.0},{"not_picked":["Clothesline","Pummel"],"picked":"Body Slam","floor":7.0},{"not_picked":["Flame Barrier","Demon Form"],"picked":"Reaper","floor":14.0},{"not_picked":["Demon Form","Impervious"],"picked":"Reaper","floor":16.0},{"not_picked":["Disarm","Pommel Strike"],"picked":"Entrench","floor":18.0},{"not_picked":["Armaments","True Grit"],"picked":"Spot Weakness","floor":22.0},{"not_picked":["Carnage","Clothesline"],"picked":"Uppercut+1","floor":23.0},{"not_picked":["Searing Blow","Headbutt","Clash+1"],"picked":"SKIP","floor":25.0},{"not_picked":["Shrug It Off","Clash"],"picked":"Offering","floor":27.0},{"not_picked":["Feed","Reaper"],"picked":"Fiend Fire","floor":33.0},{"not_picked":["Clothesline","Flex+1"],"picked":"Thunderclap","floor":35.0},{"not_picked":["Thunderclap","Power Through","Wild Strike+1"],"picked":"SKIP","floor":36.0},{"not_picked":["Sword Boomerang","Carnage+1"],"picked":"Juggernaut","floor":37},{"not_picked":["Headbutt+1","Blood for Blood"],"picked":"Metallicize","floor":39},{"not_picked":["Impatience","Flash of Steel"],"picked":"Deep Breath","floor":41},{"not_picked":["Purity","Bandage Up"],"picked":"Violence","floor":41},{"not_picked":["Purity","Jack Of All Trades"],"picked":"Flash of Steel","floor":41},{"not_picked":["Heavy Blade","Entrench+1"],"picked":"Infernal Blade+1","floor":42},{"not_picked":["Body Slam+1","Iron Wave+1","Clothesline"],"picked":"SKIP","floor":44},{"not_picked":["Searing Blow+1","Anger+1"],"picked":"Evolve+1","floor":45},{"not_picked":["Cleave+1","Warcry+1"],"picked":"Demon Form","floor":46},{"not_picked":["Clash+1","Body Slam","Disarm+1"],"picked":"SKIP","floor":47}],"player_experience":76965,"relics_obtained":[{"floor":6.0,"key":"PreservedInsect"},{"floor":9.0,"key":"Strawberry"},{"floor":14.0,"key":"Pen Nib"},{"floor":20.0,"key":"Necronomicon"},{"floor":23.0,"key":"Happy Flower"},{"floor":26.0,"key":"Toy Ornithopter"},{"floor":27.0,"key":"Matryoshka"},{"floor":38,"key":"Champion Belt"},{"floor":43,"key":"War Paint"},{"floor":43,"key":"Sundial"},{"floor":47,"key":"Akabeko"}],"event_choices":[{"cards_removed":["Armaments"],"damage_healed":0.0,"max_hp_gain":0.0,"max_hp_loss":0.0,"gold_gain":0.0,"event_name":"The Cleric","player_choice":"Card Removal","floor":2.0,"gold_loss":50.0,"damage_taken":0.0},{"damage_healed":0.0,"max_hp_gain":0.0,"max_hp_loss":0.0,"gold_gain":0.0,"event_name":"Shining Light","player_choice":"Entered Light","floor":11.0,"gold_loss":0.0,"damage_taken":17.0,"cards_upgraded":["Iron Wave","Sentinel"]},{"damage_healed":0.0,"max_hp_gain":0.0,"max_hp_loss":0.0,"gold_gain":0.0,"event_name":"Forgotten Altar","player_choice":"Smashed Altar","floor":19.0,"gold_loss":0.0,"damage_taken":0.0,"cards_obtained":["Decay"]},{"damage_healed":0.0,"max_hp_gain":0.0,"max_hp_loss":0.0,"gold_gain":0.0,"event_name":"Cursed Tome","player_choice":"Obtained Book","floor":20.0,"gold_loss":0.0,"damage_taken":16.0},{"damage_healed":0.0,"max_hp_gain":0.0,"max_hp_loss":27.0,"gold_gain":0.0,"event_name":"Vampires","player_choice":"Became a vampire","floor":28.0,"gold_loss":0.0,"damage_taken":0.0,"cards_obtained":["Bite","Bite","Bite","Bite","Bite"]},{"cards_removed":["Evolve"],"damage_healed":0.0,"max_hp_gain":0.0,"max_hp_loss":0.0,"gold_gain":0.0,"event_name":"Beggar","player_choice":"Gave Gold","floor":29.0,"gold_loss":75.0,"damage_taken":0.0},{"cards_removed":["Headbutt"],"damage_healed":0.0,"max_hp_gain":0.0,"max_hp_loss":0.0,"gold_gain":0.0,"event_name":"Back to Basics","player_choice":"Elegance","floor":31.0,"gold_loss":0.0,"damage_taken":0.0},{"damage_healed":0,"gold_gain":0,"player_choice":"Fight","damage_taken":0,"max_hp_gain":0,"max_hp_loss":0,"event_name":"Mysterious Sphere","floor":38,"gold_loss":0},{"damage_healed":0,"gold_gain":0,"player_choice":"Memory 3","damage_taken":10,"max_hp_gain":0,"max_hp_loss":0,"event_name":"SensoryStone","floor":41,"gold_loss":0},{"damage_healed":0,"gold_gain":0,"player_choice":"Rummage","damage_taken":0,"relics_obtained":["WarpedTongs"],"max_hp_gain":0,"max_hp_loss":0,"event_name":"Accursed Blacksmith","floor":48,"gold_loss":0,"cards_obtained":["Pain"]}],"is_beta":false,"boss_relics":[{"not_picked":["Snecko Eye","Busted Crown"],"picked":"Runic Cube"},{"not_picked":["Black Star","Empty Cage"],"picked":"Coffee Dripper"}],"items_purged_floors":[21],"is_endless":false,"potions_floor_spawned":[4,5,6,18,23,27,35,39,42,47],"ascension_level":0}}