{"host":"cyiefo55v5hz1ih5","time":1609274229,"event":{"mods":["2.2 Compatiblity","AchievementEnabler","BaseMod","Downfall","GifTheSpireLib","Hubris","Minty Spire (QoL Compilation)","Replay The Spire","Spicy Shops","StSLib"],"gold_per_floor":[99,119,131,146,165,165,247,19,38,53,53,53,64,142,152,152,152],"floor_reached":16,"playtime":1266,"items_purged":["sneckomod:Strike"],"score":96,"play_id":"e899a047-3699-43fb-813c-36699ba08a78","local_time":"20201229153709","is_ascension_mode":false,"campfire_choices":[{"data":"sneckomod:TailWhip","floor":1,"key":"SMITH"},{"floor":11,"key":"RECALL"}],"circlet_count":0,"master_deck":["sneckomod:Strike+1","sneckomod:Defend","sneckomod:Defend","sneckomod:Defend","sneckomod:TailWhip+1","sneckomod:SnekBite","sneckomod:Unknown","sneckomod:Unknown","sneckomod:QuickBite","sneckomod:ImprovisedAttack","sneckomod:UnknownCommonSkill","sneckomod:UnknownUncommonPower","sneckomod:UnknownBlock","sneckomod:UnknownCommonAttack+1","sneckomod:Unknown1Cost","sneckomod:UnknownClassRED","sneckomod:UnknownUncommonSkill","sneckomod:Unknown2Cost"],"relics":["sneckomod:SneckoSoul","Bag of Preparation","The Courier","champ:Barbells"],"acts_visited":["Exordium"],"potions_floor_usage":[8,10,15],"damage_taken":[{"damage":15,"enemies":"Small Slimes","floor":2,"turns":2},{"damage":0,"enemies":"Cultist","floor":3,"turns":2},{"damage":0,"enemies":"2 Louse","floor":4,"turns":2},{"damage":4,"enemies":"Blue Slaver","floor":5,"turns":3},{"damage":9,"enemies":"downfall:FleeingMerchant","floor":8,"turns":4},{"damage":19,"enemies":"Gremlin Gang","floor":9,"turns":8},{"damage":14,"enemies":"Exordium Thugs","floor":10,"turns":4},{"damage":8,"enemies":"2 Fungi Beasts","floor":13,"turns":2},{"damage":13,"enemies":"Gremlin Gang","floor":15,"turns":2},{"damage":46,"enemies":"downfall:Watcher","floor":16,"turns":12}],"seed_played":"1155224666013052224","potions_obtained":[{"floor":3,"key":"Elixir"},{"floor":4,"key":"DistilledChaos"},{"floor":5,"key":"Regen Potion"},{"floor":9,"key":"SpeedPotion"},{"floor":13,"key":"LiquidBronze"}],"is_trial":false,"path_per_floor":["R","M","M","M","M","?","T","$","M","M","R","?","M","T","M","B"],"character_chosen":"THE_SNECKO","items_purchased":["champ:Barbells","sneckomod:UnknownCommonAttack+1"],"campfire_rested":0,"item_purchase_floors":[8,8],"current_hp_per_floor":[90,90,90,91,88,88,88,81,63,62,62,62,55,55,43,0,0],"gold":152,"neow_bonus":"RANDOM_COMMON_RELIC","is_daily":false,"chose_seed":false,"campfire_upgraded":1,"win_rate":0.0,"timestamp":1609274229,"path_taken":["R","M","M","M","M","?","T","?","M","M","R","?","?","?","M","BOSS"],"items_purchased_type":["Relic","Card"],"build_version":"2020-12-22","purchased_purges":1,"victory":false,"max_hp_per_floor":[90,90,90,91,92,92,92,94,95,96,96,96,97,97,98,98,98],"card_choices":[{"not_picked":["sneckomod:SerpentIdol","sneckomod:UnknownWeak"],"picked":"sneckomod:QuickBite","floor":2},{"not_picked":["sneckomod:UnknownCommonAttack","sneckomod:RainOfDice"],"picked":"sneckomod:ImprovisedAttack","floor":3},{"not_picked":["sneckomod:Nope","sneckomod:TrashToTreasure"],"picked":"sneckomod:UnknownCommonSkill","floor":4},{"not_picked":["sneckomod:UnknownClassGUARDIAN","sneckomod:Unknown1Cost"],"picked":"sneckomod:UnknownUncommonPower","floor":5},{"not_picked":["sneckomod:UnknownStrike","sneckomod:ImprovisedAttack"],"picked":"sneckomod:UnknownBlock","floor":8},{"not_picked":["sneckomod:QuickBite","sneckomod:DiceCrush"],"picked":"sneckomod:Unknown1Cost","floor":9},{"not_picked":["sneckomod:DiceCrush","sneckomod:UnknownClassPURPLE"],"picked":"sneckomod:UnknownClassRED","floor":10},{"not_picked":["sneckomod:QuickMove","sneckomod:UnknownStrike"],"picked":"sneckomod:UnknownUncommonSkill","floor":13},{"not_picked":["sneckomod:UnknownUncommonAttack","sneckomod:UnknownClassSLIMEBOUND"],"picked":"sneckomod:Unknown2Cost","floor":15}],"player_experience":767769,"relics_obtained":[{"floor":7,"key":"The Courier"}],"event_choices":[{"damage_healed":0,"gold_gain":0,"player_choice":"Ignored","damage_taken":0,"max_hp_gain":0,"max_hp_loss":0,"event_name":"NoteForYourself","floor":6,"gold_loss":0},{"cards_removed":["sneckomod:Strike"],"damage_healed":0,"gold_gain":0,"player_choice":"Purged","damage_taken":0,"max_hp_gain":0,"max_hp_loss":0,"event_name":"Purifier","floor":12,"gold_loss":0}],"is_beta":false,"boss_relics":[],"items_purged_floors":[8],"is_endless":false,"potions_floor_spawned":[3,4,5,9,13],"killed_by":"downfall:Watcher","ascension_level":0}}