{"host":"kzpuingyul43kz0j","time":1609267141,"event":{"mods":["2.2 Compatiblity","BaseMod","Bestiary","Better Skull","BetterRewards","Colored Map","Colored Powertips","Curses Come First","Displayed Cursed Tome","Downfall","Gold Saver","Highlight Path","Keyboard Shortcuts","Minty Spire (QoL Compilation)","Relic Stats","Remove Card Discount Mod","StSLib","Uncapped"],"gold_per_floor":[1141,1154,1169,572,572,603,603,614,614,624,574,574,590,607,607,710,710,727,727,95,114,114,114,130,130,209,209,244,264,290,290,290,392,392,409,26,26,46,63,63,96,96,96,111,124,150,150,150,150,150],"floor_reached":51,"playtime":2346,"items_purged":["Clumsy","Strike_R","Strike_R","Defend_R","Defend_R","Strike_R","Strike_R","Defend_R","Defend_R","Anger"],"score":807,"play_id":"6ba0cc20-9491-4c95-ba85-70e23771ad92","local_time":"20201229193901","is_ascension_mode":true,"campfire_choices":[{"data":"Cleave","floor":7,"key":"SMITH"},{"data":"Pommel Strike","floor":12,"key":"SMITH"},{"floor":15,"key":"RECALL"},{"data":"Armaments","floor":23,"key":"SMITH"},{"data":"Anger","floor":25,"key":"PURGE"},{"data":"Ghostly Armor","floor":27,"key":"SMITH"},{"data":"Pommel Strike","floor":32,"key":"SMITH"},{"data":"expansioncontent:YouAreMine","floor":40,"key":"SMITH"},{"data":"Metallicize","floor":42,"key":"SMITH"},{"data":"Cleave","floor":47,"key":"SMITH"},{"data":"Headbutt","floor":49,"key":"SMITH"}],"circlet_count":0,"master_deck":["Cleave+1","Cleave+1","Armaments+1","Pommel Strike+1","Flame Barrier+1","Pommel Strike+1","Reaper","Headbutt+1","Metallicize+1","Ghostly Armor+1","Anger+1","Demon Form+1","expansioncontent:YouAreMine+1","expansioncontent:DarkVoid"],"relics":["Burning Blood","Peace Pipe","Mummified Hand","Art of War","Strange Spoon","HornCleat","Self Forming Clay","Black Star","White Beast Statue","Strawberry","Sling","Mercury Hourglass","Gremlin Horn","Nunchaku","Frozen Egg 2","Charon\u0027s Ashes","SlaversCollar","Orichalcum","Paper Frog","War Paint","Sundial","TungstenRod","Anchor","Mango"],"acts_visited":["Exordium","TheCity","TheBeyond"],"potions_floor_usage":[6,18,29,30,33,33,35,44,50],"damage_taken":[{"damage":4,"enemies":"2 Louse","floor":1,"turns":4},{"damage":6,"enemies":"Cultist","floor":2,"turns":4},{"damage":0,"enemies":"Small Slimes","floor":3,"turns":2},{"damage":31,"enemies":"Lagavulin","floor":6,"turns":6},{"damage":0,"enemies":"3 Louse","floor":8,"turns":2},{"damage":0,"enemies":"Lots of Slimes","floor":10,"turns":1},{"damage":0,"enemies":"Blue Slaver","floor":13,"turns":2},{"damage":0,"enemies":"Large Slime","floor":14,"turns":4},{"damage":43,"enemies":"Hexaghost","floor":16,"turns":10},{"damage":20,"enemies":"Spheric Guardian","floor":18,"turns":4},{"damage":20,"enemies":"Chosen","floor":21,"turns":4},{"damage":0,"enemies":"Snecko","floor":24,"turns":5},{"damage":19,"enemies":"Slavers","floor":28,"turns":3},{"damage":0,"enemies":"Centurion and Healer","floor":29,"turns":4},{"damage":5,"enemies":"Book of Stabbing","floor":30,"turns":4},{"damage":43,"enemies":"Collector","floor":33,"turns":9},{"damage":0,"enemies":"Orb Walker","floor":35,"turns":3},{"damage":13,"enemies":"3 Shapes","floor":38,"turns":3},{"damage":2,"enemies":"3 Darklings","floor":39,"turns":3},{"damage":4,"enemies":"Giant Head","floor":41,"turns":6},{"damage":34,"enemies":"Spire Growth","floor":44,"turns":5},{"damage":8,"enemies":"Transient","floor":45,"turns":5},{"damage":8,"enemies":"Reptomancer","floor":46,"turns":6},{"damage":22,"enemies":"Donu and Deca","floor":50,"turns":7}],"seed_played":"3996822965455390077","potions_obtained":[{"floor":3,"key":"Regen Potion"},{"floor":8,"key":"BlessingOfTheForge"},{"floor":16,"key":"CultistPotion"},{"floor":18,"key":"BlessingOfTheForge"},{"floor":21,"key":"FearPotion"},{"floor":24,"key":"DistilledChaos"},{"floor":28,"key":"SkillPotion"},{"floor":29,"key":"LiquidMemories"},{"floor":30,"key":"Explosive Potion"},{"floor":33,"key":"SkillPotion"},{"floor":35,"key":"DistilledChaos"},{"floor":38,"key":"GamblersBrew"},{"floor":39,"key":"SpeedPotion"},{"floor":41,"key":"Strength Potion"},{"floor":44,"key":"FairyPotion"},{"floor":46,"key":"AttackPotion"}],"is_trial":false,"path_per_floor":["M","M","M","$","?","E","R","M","T","M","?","R","M","M","R","B",null,"M","?","$","M","?","R","M","R","T","R","E","M","E","?","R","B",null,"M","$","?","M","M","R","E","R","T","M","M","E","R","?","R","B",null],"character_chosen":"IRONCLAD","items_purchased":["Mummified Hand","Art of War","Strange Spoon","Armaments","White Beast Statue","Strawberry","Sling","Ghostly Armor","Orichalcum","Paper Frog"],"campfire_rested":0,"item_purchase_floors":[4,4,4,4,20,20,20,20,36,36],"current_hp_per_floor":[80,80,80,80,80,67,67,73,73,79,79,79,80,80,80,43,80,66,66,73,63,87,87,87,87,87,87,86,87,87,78,78,50,87,87,87,82,86,87,87,87,87,87,59,61,96,96,96,96,80],"gold":150,"neow_bonus":"ONE_RARE_RELIC","is_daily":false,"chose_seed":false,"campfire_upgraded":9,"win_rate":0.0,"timestamp":1609267141,"path_taken":["M","M","M","$","?","E","R","?","T","M","?","R","M","M","R","BOSS","M","?","$","M","?","R","M","R","T","R","E","?","E","?","R","BOSS","M","$","?","M","M","R","E","R","T","M","M","E","R","?","R","BOSS"],"items_purchased_type":["Relic","Relic","Relic","Card","Relic","Relic","Relic","Card","Relic","Relic"],"build_version":"2020-12-22","purchased_purges":10,"victory":true,"max_hp_per_floor":[80,80,80,80,80,80,80,80,80,80,80,80,80,80,80,80,80,80,80,87,87,87,87,87,87,87,87,87,87,87,87,87,87,87,87,87,87,87,87,87,87,87,87,87,87,101,101,96,96,96],"relic_stats":{"Gremlin Horn":[11,11],"counters":[24,106],"Self Forming Clay":[99],"Charon\u0027s Ashes":[75],"Orichalcum":[36],"War Paint":["Flame Barrier"],"Burning Blood":98,"Mercury Hourglass":[247],"Peace Pipe":1,"Strange Spoon":[13],"Nunchaku":[15],"Mummified Hand":[22],"Sundial":[6],"Art of War":[2],"Black Star":4,"obtain_stats":[{"Gremlin Horn":28,"Self Forming Clay":9,"Mango":46,"Charon\u0027s Ashes":30,"Frozen Egg 2":30,"Orichalcum":36,"War Paint":41,"Sling":20,"Burning Blood":0,"White Beast Statue":20,"Mercury Hourglass":26,"Peace Pipe":0,"Strange Spoon":4,"SlaversCollar":34,"Nunchaku":28,"Anchor":46,"HornCleat":6,"Mummified Hand":4,"Sundial":41,"Strawberry":20,"Art of War":4,"Black Star":17,"TungstenRod":43,"Paper Frog":36},{"Gremlin Horn":13,"Self Forming Clay":5,"Mango":23,"Charon\u0027s Ashes":15,"Frozen Egg 2":15,"Orichalcum":17,"War Paint":20,"Sling":10,"Burning Blood":0,"White Beast Statue":10,"Mercury Hourglass":12,"Peace Pipe":0,"Strange Spoon":3,"SlaversCollar":16,"Nunchaku":13,"Anchor":23,"HornCleat":4,"Mummified Hand":3,"Sundial":20,"Strawberry":10,"Art of War":3,"Black Star":9,"TungstenRod":20,"Paper Frog":17},{"Gremlin Horn":51,"Self Forming Clay":18,"Mango":99,"Charon\u0027s Ashes":59,"Frozen Egg 2":59,"Orichalcum":71,"War Paint":83,"Sling":39,"Burning Blood":0,"White Beast Statue":39,"Mercury Hourglass":48,"Peace Pipe":0,"Strange Spoon":10,"SlaversCollar":68,"Nunchaku":51,"Anchor":99,"HornCleat":16,"Mummified Hand":10,"Sundial":83,"Strawberry":39,"Art of War":10,"Black Star":35,"TungstenRod":83,"Paper Frog":71}],"TungstenRod":9},"card_choices":[{"not_picked":["Thunderclap","Clothesline"],"picked":"Cleave","floor":1},{"not_picked":["Uppercut","Burning Pact"],"picked":"Cleave","floor":2},{"not_picked":["Evolve","Body Slam"],"picked":"Anger","floor":3},{"not_picked":["True Grit","Shockwave"],"picked":"Pommel Strike","floor":6},{"not_picked":["Disarm","Body Slam","Perfected Strike"],"picked":"SKIP","floor":8},{"not_picked":["Armaments","Bludgeon"],"picked":"Flame Barrier","floor":10},{"not_picked":["Headbutt","Battle Trance"],"picked":"Pommel Strike","floor":13},{"not_picked":["Perfected Strike","Body Slam"],"picked":"Anger","floor":14},{"not_picked":["Offering","Berserk"],"picked":"Reaper","floor":16},{"not_picked":["Combust","Sword Boomerang"],"picked":"Headbutt","floor":18},{"not_picked":["Dark Embrace+1","Body Slam"],"picked":"Blood for Blood+1","floor":21},{"not_picked":["Wild Strike","True Grit+1"],"picked":"Anger+1","floor":24},{"not_picked":["Battle Trance","Armaments","Corruption"],"picked":"SKIP","floor":28},{"not_picked":["Headbutt+1","Hemokinesis","Warcry"],"picked":"SKIP","floor":29},{"not_picked":["Disarm+1","Wild Strike+1","Pummel"],"picked":"SKIP","floor":30},{"not_picked":["Double Tap","Limit Break"],"picked":"Demon Form+1","floor":33},{"not_picked":["Intimidate+1","True Grit","Clash+1"],"picked":"SKIP","floor":35},{"not_picked":["PanicButton","expansioncontent:Flail"],"picked":"expansioncontent:YouAreMine","floor":37},{"not_picked":["Dark Shackles","The Bomb"],"picked":"expansioncontent:DarkVoid","floor":37},{"not_picked":["Armaments","Dark Embrace+1","Second Wind"],"picked":"SKIP","floor":38},{"not_picked":["Whirlwind","Heavy Blade","Ghostly Armor"],"picked":"SKIP","floor":39},{"not_picked":["Dark Embrace+1","Anger","Rupture+1"],"picked":"SKIP","floor":41},{"not_picked":["Body Slam+1","Evolve+1","Anger"],"picked":"SKIP","floor":44},{"not_picked":["Headbutt+1","Iron Wave+1","Shrug It Off+1"],"picked":"SKIP","floor":45},{"not_picked":["Infernal Blade","Entrench+1","Blood for Blood+1"],"picked":"SKIP","floor":46}],"player_experience":75799,"relics_obtained":[{"floor":6,"key":"HornCleat"},{"floor":9,"key":"Self Forming Clay"},{"floor":26,"key":"Mercury Hourglass"},{"floor":28,"key":"Gremlin Horn"},{"floor":28,"key":"Nunchaku"},{"floor":30,"key":"Frozen Egg 2"},{"floor":30,"key":"Charon\u0027s Ashes"},{"floor":41,"key":"War Paint"},{"floor":41,"key":"Sundial"},{"floor":43,"key":"TungstenRod"},{"floor":46,"key":"Anchor"},{"floor":46,"key":"Mango"}],"event_choices":[{"cards_removed":["Bash"],"damage_healed":0,"gold_gain":0,"player_choice":"Purged","damage_taken":0,"max_hp_gain":0,"max_hp_loss":0,"event_name":"Purifier","floor":5,"gold_loss":0},{"cards_removed":["Strike_R"],"damage_healed":0,"gold_gain":0,"player_choice":"Card Removal","damage_taken":0,"max_hp_gain":0,"max_hp_loss":0,"event_name":"The Cleric","floor":11,"gold_loss":50},{"damage_healed":0,"gold_gain":0,"player_choice":"Read","damage_taken":0,"max_hp_gain":0,"max_hp_loss":0,"event_name":"The Library","floor":19,"gold_loss":0,"cards_obtained":["Metallicize"]},{"cards_removed":["Blood for Blood"],"damage_healed":24,"gold_gain":0,"player_choice":"Offered Uncommon","damage_taken":0,"max_hp_gain":0,"max_hp_loss":0,"event_name":"Bonfire Elementals","floor":22,"gold_loss":0},{"damage_healed":0,"gold_gain":0,"player_choice":"Stopped","damage_taken":9,"max_hp_gain":0,"max_hp_loss":0,"event_name":"Cursed Tome","floor":31,"gold_loss":0},{"damage_healed":0,"gold_gain":0,"player_choice":"Memory 2","damage_taken":5,"max_hp_gain":0,"max_hp_loss":0,"event_name":"SensoryStone","floor":37,"gold_loss":0},{"damage_healed":0,"gold_gain":0,"player_choice":"Max HP","damage_taken":0,"max_hp_gain":0,"max_hp_loss":5,"event_name":"Winding Halls","floor":48,"gold_loss":0}],"is_beta":false,"boss_relics":[{"not_picked":["Philosopher\u0027s Stone","Empty Cage"],"picked":"Black Star"},{"not_picked":["Runic Cube","Mark of Pain"],"picked":"SlaversCollar"}],"items_purged_floors":[4,4,4,4,4,20,20,20,20,36],"is_endless":false,"potions_floor_spawned":[3,8,16,18,21,24,28,29,30,33,35,38,39,41,44,45,46],"ascension_level":1}}