{"host":"okln270zkafj6dck","time":1609236284,"event":{"mods":["BaseMod","Minty Spire (QoL Compilation)","Permanent Neow","Quick Restart","Relic Stats","StSLib","SuperFastMode"],"gold_per_floor":[11,26,37,54,69,69,100,115,139,139,139],"floor_reached":10,"playtime":238,"items_purged":[],"score":144,"play_id":"80eeca82-49da-4b65-b1a5-6bf7ab56cd62","local_time":"20201229020444","is_ascension_mode":true,"campfire_choices":[{"data":"Glass Knife","floor":6.0,"key":"SMITH"}],"circlet_count":0,"master_deck":["AscendersBane","Strike_G","Strike_G+1","Strike_G+1","Strike_G","Strike_G","Defend_G","Defend_G","Defend_G","Defend_G","Defend_G","Survivor","Neutralize","Glass Knife+1","Poisoned Stab","PiercingWail","Malaise","Noxious Fumes","Deadly Poison","After Image","Escape Plan"],"relics":["Ring of the Snake","Whetstone","Vajra"],"acts_visited":["Exordium"],"potions_floor_usage":[10],"damage_taken":[{"damage":3.0,"enemies":"Jaw Worm","floor":1.0,"turns":5.0},{"damage":0.0,"enemies":"2 Louse","floor":2.0,"turns":2.0},{"damage":0.0,"enemies":"Small Slimes","floor":3.0,"turns":3.0},{"damage":1.0,"enemies":"Looter","floor":4.0,"turns":4.0},{"damage":5.0,"enemies":"2 Fungi Beasts","floor":5.0,"turns":4.0},{"damage":25.0,"enemies":"3 Sentries","floor":7.0,"turns":8.0},{"damage":10.0,"enemies":"Gremlin Gang","floor":8.0,"turns":5.0},{"damage":30,"enemies":"Gremlin Nob","floor":10,"turns":3}],"seed_played":"1230040919429928082","potions_obtained":[{"floor":2.0,"key":"BlessingOfTheForge"},{"floor":4.0,"key":"Block Potion"},{"floor":7.0,"key":"SkillPotion"}],"is_trial":false,"path_per_floor":["M","M","M","M","M","R","E","M","T","E"],"character_chosen":"THE_SILENT","items_purchased":[],"campfire_rested":0,"item_purchase_floors":[],"current_hp_per_floor":[56,56,56,55,50,50,25,15,15,0,0],"gold":139,"neow_bonus":"THREE_RARE_CARDS","is_daily":false,"chose_seed":false,"campfire_upgraded":1,"win_rate":0.0,"timestamp":1609236284,"path_taken":["M","M","M","M","M","R","E","M","T","E"],"items_purchased_type":[],"build_version":"2020-12-22","purchased_purges":0,"victory":false,"max_hp_per_floor":[66,66,66,66,66,66,66,66,66,66,66],"relic_stats":{"counters":[8,34],"Whetstone":["Strike_G","Strike_G"],"obtain_stats":[{"Vajra":9,"Whetstone":7,"Ring of the Snake":0},{"Vajra":7,"Whetstone":6,"Ring of the Snake":0},{"Vajra":31,"Whetstone":26,"Ring of the Snake":0}],"Ring of the Snake":[16]},"card_choices":[{"not_picked":["Tools of the Trade","Night Terror"],"picked":"Glass Knife","floor":0.0},{"not_picked":["Outmaneuver","Backflip"],"picked":"Poisoned Stab","floor":1.0},{"not_picked":["Prepared","Outmaneuver"],"picked":"PiercingWail","floor":2.0},{"not_picked":["Flying Knee","Quick Slash"],"picked":"Malaise","floor":3.0},{"not_picked":["Dagger Throw","Bane"],"picked":"Noxious Fumes","floor":4.0},{"not_picked":["Concentrate","Skewer"],"picked":"Deadly Poison","floor":5.0},{"not_picked":["Poisoned Stab","Sucker Punch"],"picked":"After Image","floor":7.0},{"not_picked":["Quick Slash","Accuracy"],"picked":"Escape Plan","floor":8.0}],"player_experience":68942,"relics_obtained":[{"floor":7.0,"key":"Whetstone"},{"floor":9.0,"key":"Vajra"}],"event_choices":[],"is_beta":false,"boss_relics":[],"items_purged_floors":[],"is_endless":false,"potions_floor_spawned":[2,4,7],"killed_by":"Gremlin Nob","ascension_level":20}}