{"host":"augq31c17g2ieuye","time":1609270746,"event":{"mods":["AchievementEnabler","Aspiration","BaseMod","Better Altar","Better Match","Better Note","Better Sensory Stone","Better Skull","Better Third Choice","Better Vampires","BetterRewards","Card Forge","Displayed Cursed Tome","Downfall","Energized Spire","GifTheSpireLib","Gold Saver","Hubris","Minty Spire (QoL Compilation)","Replay The Spire","Spicy Shops","StSLib","Stuff the Spire","The Necromancer","The Servant 0.9.4"],"gold_per_floor":[865,876,892,912,912,939,939,953,971,981,981,1138,1156,1184,1200,1302,1402,1252,1268,1288,1288,1308,1342,1342,1371,1371,1456,1466,1497,1507,1518,1535,1634,1634,1559,1577,1727,1742,1753,1780,1851,1861,1861,1895,1908,1933,1946,1946,1958,1958,1958,1985,1985,1985,1985],"floor_reached":56,"playtime":2455,"items_purged":[],"score":1744,"play_id":"3fe9954f-6b96-486b-a4e5-44e6f9ed737b","local_time":"20201229203906","is_ascension_mode":false,"campfire_choices":[{"floor":1.0,"key":"RECALL"},{"floor":35,"key":"REST"}],"circlet_count":0,"master_deck":["Slimebound:Defend_Slimebound+1","Slimebound:Defend_Slimebound+1","Dark Echo+1","Dark Echo+1","Slimebound:Replication+1","StuffTheSpire:CelestialWarden+1"],"relics":["Hammer of Thor","Seething Fire","Anvil of the Gods","aspiration:BabyByrd","Molten Egg 2","Bottled Flame","m_SlimeRing","hubris:OldNail","StuffTheSpire:RubySignet","Replay:Wanted Poster","downfall:HeartBlessingRed","downfall:HeartBlessingGreen","Quantum Egg","hubris:DisguiseKit","energizedSpire:DeadBattery","downfall:HeartBlessingBlue","CaptainsWheel","Chameleon Ring","ReplayFunnel","PreservedInsect","Replay:Ringing Soul"],"acts_visited":["Exordium","TheCity","TheBeyond","TheEnding"],"potions_floor_usage":[28,40,55,55,55],"damage_taken":[{"damage":6.0,"enemies":"2 Louse","floor":2.0,"turns":3.0},{"damage":8.0,"enemies":"Jaw Worm","floor":3.0,"turns":2.0},{"damage":8.0,"enemies":"Small Slimes","floor":4.0,"turns":2.0},{"damage":14.0,"enemies":"3 Sentries","floor":6.0,"turns":6.0},{"damage":12.0,"enemies":"2 Fungi Beasts","floor":8.0,"turns":4.0},{"damage":0.0,"enemies":"Exordium Thugs","floor":9.0,"turns":1.0},{"damage":0.0,"enemies":"Blue Slaver","floor":10.0,"turns":1.0},{"damage":0.0,"enemies":"downfall:FleeingMerchant","floor":12.0,"turns":4.0},{"damage":0.0,"enemies":"Lots of Slimes","floor":13.0,"turns":1.0},{"damage":0.0,"enemies":"Lagavulin","floor":14.0,"turns":1.0},{"damage":0.0,"enemies":"2 Fungi Beasts","floor":15.0,"turns":1.0},{"damage":12.0,"enemies":"downfall:Silent","floor":16.0,"turns":2.0},{"damage":0.0,"enemies":"Shell Parasite","floor":19.0,"turns":1.0},{"damage":0.0,"enemies":"3 Cultists","floor":20.0,"turns":1.0},{"damage":0,"enemies":"Centurion and Healer","floor":22,"turns":1},{"damage":0,"enemies":"Gremlin Leader","floor":23,"turns":1},{"damage":0,"enemies":"Book of Stabbing","floor":25,"turns":1},{"damage":0,"enemies":"Snake Plant","floor":28,"turns":1},{"damage":0,"enemies":"Replay:Snechameleon","floor":29,"turns":1},{"damage":0,"enemies":"Cultist and Chosen","floor":30,"turns":1},{"damage":0,"enemies":"Chosen and Byrds","floor":31,"turns":1},{"damage":0,"enemies":"3 Cultists","floor":32,"turns":1},{"damage":0,"enemies":"downfall:Ironclad","floor":33,"turns":2},{"damage":0,"enemies":"Orb Walker","floor":36,"turns":1},{"damage":0,"enemies":"3 Darklings","floor":38,"turns":1},{"damage":0,"enemies":"Sphere and 2 Shapes","floor":39,"turns":1},{"damage":11,"enemies":"R_Hoarder","floor":40,"turns":3},{"damage":0,"enemies":"Jaw Worm Horde","floor":42,"turns":1},{"damage":0,"enemies":"Giant Head","floor":44,"turns":3},{"damage":0,"enemies":"Writhing Mass","floor":45,"turns":1},{"damage":6,"enemies":"R_Hoarder","floor":46,"turns":5},{"damage":0,"enemies":"Spire Growth","floor":47,"turns":1},{"damage":0,"enemies":"Jaw Worm Horde","floor":49,"turns":1},{"damage":0,"enemies":"downfall:Defect","floor":50,"turns":4},{"damage":0,"enemies":"downfall:CharBossMerchant","floor":52,"turns":3},{"damage":9,"enemies":"downfall:NeowBoss","floor":55,"turns":18}],"seed_played":"3871761735156677312","potions_obtained":[{"floor":9.0,"key":"PowerPotion"},{"floor":10.0,"key":"Slimebound:SlimyTonguePotion"},{"floor":13.0,"key":"SteroidPotion"},{"floor":14.0,"key":"Death Potion"},{"floor":15.0,"key":"Swift Potion"},{"floor":19.0,"key":"Dexterity Potion"},{"floor":25,"key":"Elixir"},{"floor":28,"key":"Fruit Juice"},{"floor":32,"key":"SpeedPotion"},{"floor":33,"key":"LiquidMemories"},{"floor":40,"key":"PowerPotion"},{"floor":46,"key":"Energy Potion"},{"floor":47,"key":"Adrenaline Potion"},{"floor":54,"key":"Adrenaline Potion"},{"floor":54,"key":"LiquidMemories"}],"is_trial":false,"path_per_floor":["R","M","M","M","?","E","T","M","M","M","?","$","M","E","M","B",null,"R","M","M","?","M","E","T","E","?","?","M","E","M","M","M","B",null,"R","M","?","M","M","E","T","M","?","E","M","E","M","?","M","B",null,"E","$","R","B",null],"character_chosen":"SLIMEBOUND","items_purchased":["hubris:OldNail"],"campfire_rested":1,"item_purchase_floors":[12],"current_hp_per_floor":[60,60,60,60,60,58,58,60,60,60,60,60,60,60,60,48,60,60,60,60,60,60,60,60,60,60,48,53,53,53,53,53,53,65,75,75,75,75,75,72,72,72,72,72,72,66,66,66,66,66,75,75,75,75,66],"gold":1985,"neow_bonus":"RANDOM_COMMON_RELIC","is_daily":false,"chose_seed":false,"campfire_upgraded":0,"win_rate":0.0,"timestamp":1609270746,"path_taken":["R","M","M","M","?","E","T","M","M","M","?","?","M","E","M","BOSS","R","M","M","?","?","E","T","E","?","?","M","E","M","?","M","BOSS","R","M","?","?","M","E","T","M","?","E","M","E","M","?","M","BOSS","E","$","R","BOSS"],"items_purchased_type":["Relic"],"build_version":"2020-12-22","purchased_purges":0,"victory":true,"max_hp_per_floor":[60,60,60,60,60,60,60,60,60,60,60,60,60,60,60,60,60,60,60,60,60,60,60,60,60,60,60,65,65,65,65,65,65,65,75,75,75,75,75,75,75,75,75,75,75,75,75,75,75,75,75,75,75,75,75],"card_choices":[{"not_picked":["Slimebound:ComboTackle","Slimebound:SamplingLick"],"picked":"Slimebound:LeechEnergy","floor":2.0},{"not_picked":["Slimebound:FinishingTackle","Slimebound:GrowthPunch"],"picked":"Slimebound:Prepare","floor":3.0},{"not_picked":["Slimebound:FirmFortitude","Slimebound:SlimeSpikes"],"picked":"Slimebound:SplitLeeching","floor":4.0},{"not_picked":["Slimebound:MinionMaster","Slimebound:LeadByExample"],"picked":"Slimebound:LevelUp","floor":6.0},{"not_picked":["Slimebound:LeechEnergy+1","Slimebound:SamplingLick"],"picked":"Slimebound:Nibble+1","floor":8.0},{"not_picked":["Slimebound:SplitAcid","Slimebound:AcidTongue"],"picked":"Slimebound:Replication","floor":9.0},{"not_picked":["Slimebound:SlimeSpikes","Slimebound:ComboTackle+1","Slimebound:SplitLeeching"],"picked":"SKIP","floor":10.0},{"not_picked":["Slimebound:SplitLeeching","Slimebound:ComboTackle+1","Slimebound:HauntingLick"],"picked":"SKIP","floor":12.0},{"not_picked":["Slimebound:SplitLeeching","Slimebound:LivingWall","Slimebound:AcidTongue"],"picked":"SKIP","floor":13.0},{"not_picked":["Slimebound:Teamwork","Slimebound:PressTheAttack+1","Slimebound:Prepare"],"picked":"SKIP","floor":14.0},{"not_picked":["Slimebound:ItLooksTasty+1","Slimebound:LeechingTouch+1","Slimebound:SplitLeeching"],"picked":"SKIP","floor":15.0},{"not_picked":["Slimebound:SlimeBarrage+1","Slimebound:SplitBruiser","Slimebound:BestDefense"],"picked":"SKIP","floor":19.0},{"not_picked":["Slimebound:LeechEnergy+1","Slimebound:LeechingTouch+1","Slimebound:LeadByExample+1"],"picked":"SKIP","floor":20.0},{"not_picked":["Slimebound:LevelUp","Slimebound:SlimeSpikes","Slimebound:Schlurp"],"picked":"SKIP","floor":22},{"not_picked":["Slimebound:Gluttony","Slimebound:LevelUp+1","Slimebound:LivingWall+1"],"picked":"SKIP","floor":23},{"not_picked":["Slimebound:LivingWall","Slimebound:ViciousTackle+1","Slimebound:DouseInSlime"],"picked":"SKIP","floor":25},{"not_picked":["Bouncing Flask","Slimebound:LeechingTouch+1","Poisoned Stab+1"],"picked":"SKIP","floor":28},{"not_picked":["Slimebound:LeechLife+1","Slimebound:AcidTongue","Slimebound:Equalize+1"],"picked":"SKIP","floor":29},{"not_picked":["Slimebound:ViciousTackle+1","Slimebound:SplitAcid","Slimebound:SplitMire+1","Fluid Movement"],"picked":"SKIP","floor":30},{"not_picked":["Bane+1","Slimebound:Equalize+1","Slimebound:SamplingLick","Well Laid Plans"],"picked":"SKIP","floor":31},{"not_picked":["Slimebound:SplitLeeching","Slimebound:LeechingTouch+1","Slimebound:LeadByExample","StuffTheSpire:BumpUp"],"picked":"SKIP","floor":32},{"not_picked":["Slimebound:Schlurp+1","Slimebound:ViciousTackle+1","Slimebound:SlimeSpikes","Predator"],"picked":"SKIP","floor":36},{"not_picked":["Slimebound:ComboTackle+1","Slimebound:GrowthPunch+1","Slimebound:SlimeSpikes","Dagger Spray"],"picked":"SKIP","floor":38},{"not_picked":["Slimebound:DisruptingSlam+1","Slimebound:SlimeSpikes+1","Slimebound:SplitMire+1","Outmaneuver"],"picked":"SKIP","floor":39},{"not_picked":["Slimebound:GoopSpray","Slimebound:DisruptingSlam+1","Slimebound:SamplingLick","After Image"],"picked":"SKIP","floor":40},{"not_picked":["Slimebound:SlimeBrawl","Slimebound:LeechEnergy+1","Slimebound:FirmFortitude+1","StuffTheSpire:ClusterCrunch"],"picked":"SKIP","floor":42},{"not_picked":["StuffTheSpire:Ambrosia","StuffTheSpire:Innocence"],"picked":"StuffTheSpire:CelestialWarden","floor":43},{"not_picked":["Slimebound:Gluttony+1","Slimebound:MinionMaster","Slimebound:AcidTongue","Bullet Time"],"picked":"SKIP","floor":44},{"not_picked":["Slimebound:Schlurp+1","Slimebound:LeadByExample+1","Slimebound:LivingWall","Dagger Throw"],"picked":"SKIP","floor":45},{"not_picked":["Slimebound:RollThrough+1","Slimebound:SplitAcid","Slimebound:FinishingTackle+1","StuffTheSpire:Injection"],"picked":"SKIP","floor":46},{"not_picked":["Slimebound:Schlurp+1","Slimebound:GrowthPunch+1","Slimebound:SlimeSpikes","Prepared"],"picked":"SKIP","floor":47},{"not_picked":["Slimebound:GoopSpray","Slimebound:WasteNot","Slimebound:Prepare+1","StuffTheSpire:Injection"],"picked":"SKIP","floor":49},{"not_picked":["Slimebound:RollThrough+1","Slimebound:HauntingLick+1","Slimebound:GoopSpray","Blade Dance"],"picked":"SKIP","floor":52}],"player_experience":260747,"relics_obtained":[{"floor":6.0,"key":"Molten Egg 2"},{"floor":7.0,"key":"Bottled Flame"},{"floor":14.0,"key":"StuffTheSpire:RubySignet"},{"floor":23,"key":"Quantum Egg"},{"floor":25,"key":"Omamori"},{"floor":29,"key":"hubris:DisguiseKit"},{"floor":40,"key":"CaptainsWheel"},{"floor":41,"key":"Chameleon Ring"},{"floor":44,"key":"ReplayFunnel"},{"floor":46,"key":"PreservedInsect"},{"floor":52,"key":"Replay:Ringing Soul"}],"event_choices":[{"damage_healed":0.0,"max_hp_gain":0.0,"max_hp_loss":0.0,"gold_gain":0.0,"event_name":"betterThird:BetterWriting","player_choice":"Simplicity","floor":18.0,"gold_loss":0.0,"damage_taken":0.0},{"cards_removed":["Slimebound:Defend_Slimebound"],"damage_healed":0,"gold_gain":0,"player_choice":"Give","damage_taken":0,"max_hp_gain":0,"max_hp_loss":0,"event_name":"betterNote:BetterNote","floor":21,"gold_loss":0,"cards_obtained":["None"]},{"cards_removed":["Slimebound:Defend_Slimebound"],"damage_healed":0,"gold_gain":0,"player_choice":"Removed Skill","damage_taken":0,"max_hp_gain":0,"max_hp_loss":0,"event_name":"Falling","floor":48,"gold_loss":0}],"is_beta":false,"boss_relics":[{"not_picked":["Philosopher\u0027s Stone","hubris:GrandSneckoEye"],"picked":"Replay:Wanted Poster"},{"not_picked":["Pandora\u0027s Box","energizedSpire:SpiderWeb"],"picked":"energizedSpire:DeadBattery"}],"items_purged_floors":[],"is_endless":false,"potions_floor_spawned":[9,10,13,14,15,19,23,25,28,32,33,36,39,40,46,47,49],"ascension_level":0}}