{"host":"f5ezd1v29dtbwkzo","time":1609281833,"event":{"mods":["2.2 Compatiblity","BaseMod","Hermit","Hubris","Infinite Spire","Minty Spire (QoL Compilation)","Rare Cards Sparkle","Replay The Spire","StSLib"],"gold_per_floor":[115,115,115,133,133,133,151,170,194,207,231,256,256,272,272,402,402,417,417,342,113,129,164,183,183,183,198,198,219,235,65,65,196,196,216,216,216,62,127,127,168,318,318,358,397,397,397,20,20,20,20,20,20,55,55,55],"floor_reached":55,"playtime":3724,"items_purged":["Spreading Infection","hubris:Disease"],"score":682,"play_id":"e7bc165c-9cc2-455b-bf51-78b00b79b109","local_time":"20201230014353","is_ascension_mode":false,"campfire_choices":[{"data":"Wild Strike","floor":6,"key":"SMITH"},{"data":"Hologram","floor":13,"key":"SMITH"},{"data":"True Grit","floor":15,"key":"SMITH"},{"data":"ReplayTheSpireMod:Omega Cannon","floor":25,"key":"SMITH"},{"data":"Midas Touch","floor":32,"key":"SMITH"},{"floor":40,"key":"REST"},{"floor":46,"key":"RECALL"},{"data":"Double Tap","floor":49,"key":"SMITH"},{"data":"Anger","floor":52,"key":"SMITH"}],"circlet_count":0,"master_deck":["Strike_R","Strike_R","Strike_R","Strike_R","Defend_R","Defend_R","Defend_R","Bash","hubris:SharpeningStone","ReplayTheSpireMod:Strike From Hell","Shrug It Off","Self Repair+1","Wild Strike+1","Injury","Anger+1","Hologram+1","Double Tap+1","Rip and Tear","True Grit+1","ReplayTheSpireMod:Omega Cannon+1","Shrug It Off+1","Burning Pact","hubris:Insight","Disarm+1","True Grit+1","Spot Weakness","Power Through+1","Immolate","Midas Touch+1","Exhume","Cleave+1","Feel No Pain+1","ReplayRNGCard","ReplayTheSpireMod:Splinters","Voices","ForeignInfluence+1","Beam Cell+1"],"relics":["Iron Core","Golden Idol","Orichalcum","Odd Mushroom","Cursed Key","TheAbacus","ReplayTheSpireMod:TigerMarble","Matryoshka","hubris:Icosahedron","Philosopher\u0027s Stone","hubris:Towel","infinitespire:Satchel","PrismaticShard","hubris:Spice","infinitespire:EvilPickle","ReplayTheSpireMod:CursedCoin","Replay:Baseball","Replay:Rubber Ducky","Oddly Smooth Stone"],"acts_visited":["Exordium","TheCity","TheBeyond","TheEnding"],"potions_floor_usage":[16,18,24,39,39,41,50,50],"damage_taken":[{"damage":1,"enemies":"Cultist","floor":1,"turns":4},{"damage":0,"enemies":"2 Louse","floor":4,"turns":3},{"damage":12,"enemies":"Small Slimes","floor":7,"turns":4},{"damage":15,"enemies":"Exordium Wildlife","floor":8,"turns":5},{"damage":7,"enemies":"Blue Slaver","floor":10,"turns":4},{"damage":0,"enemies":"3 Louse","floor":11,"turns":3},{"damage":25,"enemies":"The Mushroom Lair","floor":12,"turns":4},{"damage":2,"enemies":"Looter","floor":14,"turns":2},{"damage":41,"enemies":"Slime Boss","floor":16,"turns":15},{"damage":2,"enemies":"3 Byrds","floor":18,"turns":2},{"damage":17,"enemies":"Shell Parasite","floor":22,"turns":5},{"damage":25,"enemies":"Gremlin Leader","floor":23,"turns":7},{"damage":13,"enemies":"Snake Plant","floor":24,"turns":4},{"damage":3,"enemies":"Shelled Parasite and Fungi","floor":27,"turns":6},{"damage":13,"enemies":"3 Cultists","floor":29,"turns":5},{"damage":0,"enemies":"Cultist and Chosen","floor":30,"turns":3},{"damage":34,"enemies":"Pondfish","floor":33,"turns":8},{"damage":0,"enemies":"3 Darklings","floor":35,"turns":1},{"damage":51,"enemies":"2 Orb Walkers","floor":39,"turns":5},{"damage":4,"enemies":"Giant Head","floor":41,"turns":7},{"damage":2,"enemies":"3 Shapes","floor":44,"turns":2},{"damage":0,"enemies":"Maw","floor":45,"turns":6},{"damage":41,"enemies":"Replay:Hell Engine","floor":50,"turns":10},{"damage":4,"enemies":"Shield and Spear","floor":54,"turns":4},{"damage":90,"enemies":"The Heart","floor":55,"turns":8}],"seed_played":"1948871137681336297","potions_obtained":[{"floor":8,"key":"Block Potion"},{"floor":11,"key":"Swift Potion"},{"floor":14,"key":"DistilledChaos"},{"floor":23,"key":"Milkshake"},{"floor":24,"key":"AttackPotion"},{"floor":27,"key":"SkillPotion"},{"floor":39,"key":"Weak Potion"},{"floor":45,"key":"Adrenaline Potion"}],"is_trial":false,"path_per_floor":["M","?","?","M","?","R","M","M","T","M","M","?","R","M","R","B",null,"M","?","?","$","M","E","M","R","T","M","?","M","M","$","R","B",null,"M","?","T","$","?","R","E","AVR","T","M","M","R","$","$","R","B",null,"R","$","E","B"],"character_chosen":"IRONCLAD","items_purchased":["TheAbacus","hubris:Insight","Midas Touch","PrismaticShard","hubris:Spice"],"campfire_rested":1,"item_purchase_floors":[21,21,31,38,48],"current_hp_per_floor":[80,80,80,80,80,80,78,73,73,76,76,61,61,69,69,38,80,78,78,78,78,71,56,53,53,53,63,63,80,80,80,80,56,83,83,83,83,83,50,77,91,91,91,91,91,91,91,83,83,52,83,83,83,79,0,0],"gold":55,"neow_bonus":"TRANSFORM_CARD","is_daily":false,"chose_seed":false,"campfire_upgraded":7,"win_rate":0.0,"timestamp":1609281833,"path_taken":["M","?","?","M","?","R","M","M","T","M","M","?","R","M","R","BOSS","M","?","?","$","M","E","M","R","T","M","?","M","M","$","R","BOSS","M","?","?","$","?","R","E","AVR","T","?","M","R","?","$","R","BOSS","R","$","E","BOSS"],"items_purchased_type":["Relic","Card","Card","Relic","Relic"],"build_version":"2020-12-22","purchased_purges":2,"victory":false,"max_hp_per_floor":[80,80,80,80,80,80,80,80,80,80,80,80,80,80,80,80,80,80,80,80,80,80,80,80,80,80,83,83,83,83,83,83,83,83,83,83,83,83,91,91,99,99,99,91,91,91,91,83,83,83,83,83,83,83,83,83],"card_choices":[{"not_picked":["hubris:ReadiedAction","Heavy Blade"],"picked":"ReplayTheSpireMod:Strike From Hell","floor":1},{"not_picked":["Heavy Blade","Feel No Pain"],"picked":"Wild Strike","floor":4},{"not_picked":["Armaments","Shrug It Off"],"picked":"Anger","floor":7},{"not_picked":["Run Through","Steam Power"],"picked":"Hologram","floor":8},{"not_picked":["Shrug It Off","Wild Strike","Twin Strike"],"picked":"SKIP","floor":10},{"not_picked":["Anger","Replay:Undeath\u0027s Touch"],"picked":"Double Tap","floor":11},{"not_picked":["Turbo","Wild Strike"],"picked":"Rip and Tear","floor":12},{"not_picked":["Turbo","Hologram"],"picked":"True Grit","floor":14},{"not_picked":["Exhume","Brutality"],"picked":"ReplayTheSpireMod:Omega Cannon","floor":16},{"not_picked":["Iron Wave","Dark Embrace+1"],"picked":"Shrug It Off+1","floor":18},{"not_picked":["Dual Wield","Havoc"],"picked":"Disarm+1","floor":22},{"not_picked":["Wild Strike","ReplayReversal"],"picked":"True Grit+1","floor":23},{"not_picked":["Perfected Strike+1","Carnage+1","Sword Boomerang+1"],"picked":"SKIP","floor":24},{"not_picked":["Replay:Undeath\u0027s Touch","hubris:ReadiedAction"],"picked":"Spot Weakness","floor":27},{"not_picked":["Replay:Undeath\u0027s Touch","Uppercut"],"picked":"Power Through+1","floor":29},{"not_picked":["Dark Embrace","True Grit+1"],"picked":"Immolate","floor":30},{"not_picked":["Reaper","Barricade"],"picked":"Exhume","floor":33},{"not_picked":["True Grit+1","Havoc+1"],"picked":"Cleave+1","floor":35},{"not_picked":["Warcry","Dagger Spray+1"],"picked":"Feel No Pain+1","floor":39},{"not_picked":["Anger","Heatsinks+1"],"picked":"ReplayRNGCard","floor":41},{"not_picked":["hermit:Coalescence","Compile Driver+1"],"picked":"hubris:SpiceAddiction","floor":44},{"not_picked":["ReplayTheSpireMod:Limb From Limb","Bloodletting"],"picked":"ForeignInfluence+1","floor":45},{"not_picked":["Panic Button","Halt"],"picked":"Beam Cell+1","floor":54}],"player_experience":319305,"relics_obtained":[{"floor":9,"key":"Orichalcum"},{"floor":12,"key":"Odd Mushroom"},{"floor":23,"key":"ReplayTheSpireMod:TigerMarble"},{"floor":26,"key":"Matryoshka"},{"floor":37,"key":"infinitespire:Satchel"},{"floor":39,"key":"hubris:Spice"},{"floor":41,"key":"hubris:Spice"},{"floor":43,"key":"Replay:Baseball"},{"floor":43,"key":"Replay:Rubber Ducky"},{"floor":54,"key":"Oddly Smooth Stone"}],"event_choices":[{"damage_healed":0,"gold_gain":0,"player_choice":"Take Wound","damage_taken":0,"relics_obtained":["Golden Idol"],"max_hp_gain":0,"max_hp_loss":0,"event_name":"Golden Idol","floor":5,"gold_loss":0,"cards_obtained":["Injury"]},{"damage_healed":0,"gold_gain":0,"player_choice":"Fought Mushrooms","damage_taken":0,"max_hp_gain":0,"max_hp_loss":0,"event_name":"Mushrooms","floor":12,"gold_loss":0},{"damage_healed":0,"gold_gain":0,"player_choice":"Read","damage_taken":0,"max_hp_gain":0,"max_hp_loss":0,"event_name":"The Library","floor":19,"gold_loss":0,"cards_obtained":["Burning Pact"]},{"cards_removed":["Defend_R"],"damage_healed":0,"gold_gain":0,"player_choice":"Gave Gold","damage_taken":0,"max_hp_gain":0,"max_hp_loss":0,"event_name":"Beggar","floor":20,"gold_loss":75},{"damage_healed":0,"gold_gain":0,"player_choice":"Fight","damage_taken":0,"max_hp_gain":0,"max_hp_loss":0,"event_name":"Mysterious Sphere","floor":39,"gold_loss":0}],"is_beta":false,"boss_relics":[{"not_picked":["Coffee Dripper","Snecko Eye"],"picked":"Cursed Key"},{"not_picked":["Astrolabe","infinitespire:Burning Sword"],"picked":"Philosopher\u0027s Stone"}],"items_purged_floors":[42,48],"is_endless":false,"potions_floor_spawned":[8,11,14,23,24,27,30,33,39,45],"killed_by":"The Heart","ascension_level":0}}