{"host":"2se5dq1do2gp0x9k","time":1609226186,"event":{"mods":["AchievementEnabler","BaseMod","Block Reminder","Colored Map","Colored Powertips","Minty Spire (QoL Compilation)","Relic Stats","StSLib","SuperFastMode"],"gold_per_floor":[109,123,123,48,48,48,87,87,110,128,42,42,65,83,83,176,176,195,219,219,219],"floor_reached":20,"playtime":655,"items_purged":["Strike_R"],"score":348,"play_id":"d302f446-d9d5-479c-ad26-34090d1af1a3","local_time":"20201228231626","is_ascension_mode":true,"campfire_choices":[{"data":"Cleave","floor":6,"key":"SMITH"},{"floor":8,"key":"REST"},{"data":"Armaments","floor":15,"key":"SMITH"}],"circlet_count":0,"master_deck":["AscendersBane","Strike_R+1","Strike_R","Strike_R+1","Strike_R","Defend_R","Defend_R+1","Defend_R","Defend_R+1","Bash","Cleave+1","Combust","Thunderclap","Battle Trance","Shockwave","Armaments+1","Burning Pact","Reaper","Seeing Red"],"relics":["Burning Blood","War Paint","Golden Idol","Mercury Hourglass","Potion Belt","Lizard Tail","SacredBark"],"acts_visited":["Exordium","TheCity"],"potions_floor_usage":[16,18],"damage_taken":[{"damage":8,"enemies":"2 Louse","floor":1,"turns":4},{"damage":9,"enemies":"Small Slimes","floor":2,"turns":4},{"damage":24,"enemies":"Lagavulin","floor":7,"turns":6},{"damage":4,"enemies":"Jaw Worm","floor":10,"turns":3},{"damage":0,"enemies":"2 Fungi Beasts","floor":13,"turns":3},{"damage":2,"enemies":"Red Slaver","floor":14,"turns":4},{"damage":29,"enemies":"Slime Boss","floor":16,"turns":8},{"damage":32,"enemies":"Spheric Guardian","floor":18,"turns":5},{"damage":45,"enemies":"Shell Parasite","floor":19,"turns":8},{"damage":46,"enemies":"Snecko","floor":20,"turns":6}],"seed_played":"7640632753785221613","potions_obtained":[{"floor":10,"key":"Dexterity Potion"},{"floor":13,"key":"SpeedPotion"},{"floor":14,"key":"Regen Potion"},{"floor":16,"key":"DuplicationPotion"}],"is_trial":false,"path_per_floor":["M","M","?","$","?","R","E","R","T","M","$","?","M","M","R","B",null,"M","M","M"],"character_chosen":"IRONCLAD","items_purchased":["Shockwave"],"campfire_rested":1,"item_purchase_floors":[11],"current_hp_per_floor":[66,63,40,40,40,40,22,42,42,44,44,18,24,28,28,20,56,42,45,0,0],"gold":219,"neow_bonus":"RANDOM_COMMON_RELIC","is_daily":false,"chose_seed":false,"campfire_upgraded":2,"win_rate":0.0,"timestamp":1609226186,"path_taken":["M","M","?","$","?","R","E","R","T","M","$","?","M","M","R","BOSS","M","M","M"],"items_purchased_type":["Card"],"build_version":"2020-12-22","purchased_purges":1,"victory":false,"max_hp_per_floor":[75,75,75,75,68,68,68,68,68,68,68,68,68,68,68,68,68,68,68,68,68],"relic_stats":{"Lizard Tail":34,"counters":[10,51],"Golden Idol":49,"War Paint":["Defend_R","Defend_R"],"obtain_stats":[{"Potion Belt":9,"Lizard Tail":12,"Golden Idol":5,"SacredBark":17,"War Paint":0,"Burning Blood":0,"Mercury Hourglass":7},{"Potion Belt":3,"Lizard Tail":4,"Golden Idol":2,"SacredBark":7,"War Paint":0,"Burning Blood":0,"Mercury Hourglass":3},{"Potion Belt":14,"Lizard Tail":17,"Golden Idol":8,"SacredBark":32,"War Paint":0,"Burning Blood":0,"Mercury Hourglass":14}],"Burning Blood":54,"Mercury Hourglass":[84]},"card_choices":[{"not_picked":["Power Through","Heavy Blade"],"picked":"Cleave","floor":1},{"not_picked":["Twin Strike","True Grit"],"picked":"Combust","floor":2},{"not_picked":["Entrench","Twin Strike"],"picked":"Thunderclap","floor":7},{"not_picked":["Juggernaut","Anger"],"picked":"Battle Trance","floor":10},{"not_picked":["Anger","Ghostly Armor"],"picked":"Armaments","floor":13},{"not_picked":["Whirlwind","Twin Strike"],"picked":"Burning Pact","floor":14},{"not_picked":["Brutality","Immolate"],"picked":"Reaper","floor":16},{"not_picked":["Clothesline","Sentinel+1"],"picked":"Seeing Red","floor":18},{"not_picked":["Sever Soul","Pummel","Battle Trance"],"picked":"SKIP","floor":19}],"player_experience":3649933,"relics_obtained":[{"floor":7,"key":"Mercury Hourglass"},{"floor":9,"key":"Potion Belt"}],"event_choices":[{"damage_healed":0,"gold_gain":0,"player_choice":"Entered Light","damage_taken":23,"max_hp_gain":0,"max_hp_loss":0,"event_name":"Shining Light","floor":3,"gold_loss":0,"cards_upgraded":["Strike_R","Strike_R"]},{"damage_healed":0,"gold_gain":0,"player_choice":"Lose Max HP","damage_taken":0,"relics_obtained":["Golden Idol"],"max_hp_gain":0,"max_hp_loss":7,"event_name":"Golden Idol","floor":5,"gold_loss":0},{"damage_healed":0,"gold_gain":0,"player_choice":"Success","damage_taken":26,"relics_obtained":["Lizard Tail"],"max_hp_gain":0,"max_hp_loss":0,"event_name":"Scrap Ooze","floor":12,"gold_loss":0}],"is_beta":false,"boss_relics":[{"not_picked":["Philosopher\u0027s Stone","Tiny House"],"picked":"SacredBark"}],"items_purged_floors":[4],"is_endless":false,"potions_floor_spawned":[10,13,14,16],"killed_by":"Snecko","ascension_level":20}}