{"host":"6za4ayowsop7ft3x","time":1609226948,"event":{"mods":["AchievementEnabler","BaseMod","Bestiary","Colored Map","Colored Powertips","Curses Come First","Downfall","Highlight Path","Minty Spire (QoL Compilation)","Quick Restart","StSLib"],"gold_per_floor":[115,115,38,55,67,67,93,93,142,156,4,14,29,44,44,140,140,152,169,94,121,136,136,136,136],"floor_reached":24,"playtime":947,"items_purged":[],"score":200,"play_id":"c1391aec-a0d1-4648-80b0-6b282aaffa0b","local_time":"20201229152908","is_ascension_mode":false,"campfire_choices":[{"data":"Terror","floor":6,"key":"SMITH"},{"data":"Blade Dance","floor":8,"key":"SMITH"},{"floor":15,"key":"REST"},{"floor":23,"key":"REST"}],"circlet_count":0,"master_deck":["Strike_G","Strike_G","Strike_G","Strike_G","Strike_G","Defend_G","Defend_G","Defend_G","Defend_G","Defend_G","Survivor","Neutralize","Backstab","Terror+1","Blade Dance+1","Sucker Punch","Finisher","Flying Knee","Outmaneuver","Adrenaline","Dagger Throw","Corpse Explosion","Leg Sweep"],"relics":["Ring of the Snake","NeowsBlessing","Bronze Scales","Boot","WristBlade","Tiny Chest"],"acts_visited":["Exordium","TheCity"],"potions_floor_usage":[18,19,24],"damage_taken":[{"damage":0,"enemies":"Small Slimes","floor":1,"turns":1},{"damage":0,"enemies":"Cultist","floor":4,"turns":1},{"damage":0,"enemies":"2 Louse","floor":5,"turns":1},{"damage":26,"enemies":"Lagavulin","floor":7,"turns":8},{"damage":0,"enemies":"Exordium Thugs","floor":10,"turns":3},{"damage":5,"enemies":"2 Fungi Beasts","floor":12,"turns":3},{"damage":2,"enemies":"Blue Slaver","floor":13,"turns":3},{"damage":1,"enemies":"Exordium Wildlife","floor":14,"turns":2},{"damage":22,"enemies":"Hexaghost","floor":16,"turns":8},{"damage":21,"enemies":"Spheric Guardian","floor":18,"turns":4},{"damage":18,"enemies":"Shell Parasite","floor":19,"turns":4},{"damage":10,"enemies":"Cultist and Chosen","floor":22,"turns":5},{"damage":43,"enemies":"Slavers","floor":24,"turns":4}],"seed_played":"7634224216375950685","potions_obtained":[{"floor":1,"key":"BlessingOfTheForge"},{"floor":5,"key":"Dexterity Potion"},{"floor":12,"key":"CunningPotion"},{"floor":22,"key":"Strength Potion"}],"is_trial":false,"path_per_floor":["M","?","$","M","M","R","E","R","T","M","$","M","M","M","R","B",null,"M","M","?","T","M","R","E"],"character_chosen":"THE_SILENT","items_purchased":["Terror","Flying Knee","Outmaneuver","Fire Potion"],"campfire_rested":2,"item_purchase_floors":[3,11,11,11],"current_hp_per_floor":[70,70,70,70,70,70,44,44,44,44,44,39,37,36,57,35,70,49,31,31,31,21,42,0,0],"gold":136,"neow_bonus":"THREE_ENEMY_KILL","is_daily":false,"chose_seed":false,"campfire_upgraded":2,"win_rate":0.0,"timestamp":1609226948,"path_taken":["M","?","?","M","M","R","E","R","T","M","$","M","M","M","R","BOSS","M","M","?","?","M","R","E"],"items_purchased_type":["Card","Card","Card","Potion"],"build_version":"2020-12-22","purchased_purges":0,"victory":false,"max_hp_per_floor":[70,70,70,70,70,70,70,70,70,70,70,70,70,70,70,70,70,70,70,70,70,70,70,70,70],"card_choices":[{"not_picked":["Slice","Deflect"],"picked":"Backstab","floor":1},{"not_picked":["Flying Knee","Dagger Throw"],"picked":"Blade Dance","floor":4},{"not_picked":["Bane","Riddle With Holes"],"picked":"Sucker Punch","floor":5},{"not_picked":["Reflex","PiercingWail"],"picked":"Eviscerate","floor":7},{"not_picked":["Poisoned Stab","Deadly Poison"],"picked":"Finisher","floor":10},{"not_picked":["Blade Dance","Finisher"],"picked":"Adrenaline","floor":12},{"not_picked":["Expertise","Reflex"],"picked":"Dagger Throw","floor":13},{"not_picked":["Poisoned Stab","Reflex","Bane"],"picked":"SKIP","floor":14},{"not_picked":["Wraith Form v2","Envenom"],"picked":"Corpse Explosion","floor":16},{"not_picked":["Acrobatics+1","Terror","Well Laid Plans+1"],"picked":"SKIP","floor":18},{"not_picked":["Calculated Gamble","Tactician","Bane+1"],"picked":"SKIP","floor":19},{"not_picked":["Caltrops","Outmaneuver"],"picked":"Leg Sweep","floor":22}],"player_experience":18823,"relics_obtained":[{"floor":7,"key":"Bronze Scales"},{"floor":9,"key":"Boot"},{"floor":21,"key":"Tiny Chest"}],"event_choices":[{"damage_healed":0,"gold_gain":0,"player_choice":"Leave","damage_taken":0,"max_hp_gain":0,"max_hp_loss":0,"event_name":"FaceTrader","floor":2,"gold_loss":0},{"cards_removed":["Eviscerate"],"damage_healed":0,"gold_gain":0,"player_choice":"Gave Gold","damage_taken":0,"max_hp_gain":0,"max_hp_loss":0,"event_name":"Beggar","floor":20,"gold_loss":75}],"is_beta":false,"boss_relics":[{"not_picked":["Ring of the Serpent","SacredBark"],"picked":"WristBlade"}],"items_purged_floors":[],"is_endless":false,"potions_floor_spawned":[1,5,12,14,22],"killed_by":"Slavers","ascension_level":0}}