{"host":"78zdngn0u28jm0pp","time":1609215205,"event":{"mods":["BaseMod","Jorbs\u0027s Wanderer Trilogy","Minty Spire (QoL Compilation)","Permanent Neow","Quick Restart","Relic Stats","StSLib","Unceasing Turn Reminder"],"gold_per_floor":[114,134,209,221,236,236,248,248,248,248,248,12,52,66,66,157,157,140,153,153,153,168,208,208,248,248,264,264,179,220,240,240,338,338,353,422,422,102,118,157,188,188,188,227,227,240,240,240],"floor_reached":47,"playtime":2147,"items_purged":["Strike_G","Strike_G+1"],"score":1146,"play_id":"8065c6a5-44d2-4925-b23a-ac6cfa27547f","local_time":"20201228211325","is_ascension_mode":true,"campfire_choices":[{"data":"Neutralize","floor":6,"key":"SMITH"},{"floor":11,"key":"REST"},{"data":"Bouncing Flask","floor":15,"key":"SMITH"},{"floor":28,"key":"REST"},{"data":"Noxious Fumes","floor":32,"key":"SMITH"},{"floor":42,"key":"REST"}],"circlet_count":0,"master_deck":["AscendersBane","Strike_G+1","Strike_G+1","Strike_G+1","Defend_G+1","Defend_G+1","Defend_G+1","Defend_G+1","Survivor","Neutralize+1","Leg Sweep","Deflect","Finisher","Cloak And Dagger","Slice+1","Flying Knee","Backflip","Bouncing Flask+1","Malaise","Noxious Fumes+1","Blade Dance","Backstab+1","Slice","Tools of the Trade","PiercingWail+1","Quick Slash","Acrobatics","Prepared+1","Terror","Caltrops+1","Deflect","Catalyst"],"relics":["Runic Dome","Golden Idol","Mercury Hourglass","Pantograph","Kunai","WristBlade","White Beast Statue","Toy Ornithopter","Sundial","WingedGreaves","Philosopher\u0027s Stone","Prayer Wheel","Lee\u0027s Waffle","Whetstone","HornCleat","Darkstone Periapt","Pen Nib"],"acts_visited":["Exordium","TheCity","TheBeyond"],"potions_floor_usage":[13,13,16,23,25,30,31,33,36,39,40,41,41,44,44,46,47,47],"damage_taken":[{"damage":0,"enemies":"Jaw Worm","floor":1,"turns":4},{"damage":4,"enemies":"Small Slimes","floor":2,"turns":5},{"damage":0,"enemies":"2 Louse","floor":4,"turns":4},{"damage":1,"enemies":"Blue Slaver","floor":5,"turns":4},{"damage":19,"enemies":"Large Slime","floor":7,"turns":13},{"damage":20,"enemies":"3 Sentries","floor":13,"turns":6},{"damage":0,"enemies":"3 Louse","floor":14,"turns":3},{"damage":15,"enemies":"Slime Boss","floor":16,"turns":8},{"damage":16,"enemies":"2 Thieves","floor":18,"turns":4},{"damage":2,"enemies":"3 Byrds","floor":19,"turns":5},{"damage":1,"enemies":"Sentry and Sphere","floor":22,"turns":5},{"damage":10,"enemies":"Book of Stabbing","floor":23,"turns":6},{"damage":16,"enemies":"Gremlin Leader","floor":25,"turns":6},{"damage":4,"enemies":"Snecko","floor":27,"turns":5},{"damage":3,"enemies":"Book of Stabbing","floor":30,"turns":4},{"damage":8,"enemies":"Shelled Parasite and Fungi","floor":31,"turns":4},{"damage":53,"enemies":"Champ","floor":33,"turns":11},{"damage":4,"enemies":"Orb Walker","floor":35,"turns":4},{"damage":25,"enemies":"2 Orb Walkers","floor":36,"turns":4},{"damage":1,"enemies":"3 Shapes","floor":39,"turns":5},{"damage":38,"enemies":"Nemesis","floor":40,"turns":5},{"damage":36,"enemies":"Reptomancer","floor":41,"turns":5},{"damage":22,"enemies":"Nemesis","floor":44,"turns":7},{"damage":5,"enemies":"3 Darklings","floor":46,"turns":6},{"damage":23,"enemies":"Reptomancer","floor":47,"turns":3}],"seed_played":"-7754652269382212891","potions_obtained":[{"floor":1,"key":"SkillPotion"},{"floor":7,"key":"GamblersBrew"},{"floor":13,"key":"Explosive Potion"},{"floor":22,"key":"Poison Potion"},{"floor":23,"key":"Explosive Potion"},{"floor":25,"key":"Fire Potion"},{"floor":27,"key":"EssenceOfSteel"},{"floor":30,"key":"Energy Potion"},{"floor":31,"key":"SmokeBomb"},{"floor":33,"key":"LiquidBronze"},{"floor":35,"key":"ColorlessPotion"},{"floor":36,"key":"DuplicationPotion"},{"floor":39,"key":"AttackPotion"},{"floor":40,"key":"ColorlessPotion"},{"floor":41,"key":"EntropicBrew"},{"floor":44,"key":"LiquidMemories"},{"floor":46,"key":"Dexterity Potion"}],"is_trial":false,"path_per_floor":["M","M","?","M","M","R","M","?","T","?","R","$","E","M","R","B",null,"M","M","?","?","M","E","?","E","T","M","R","?","E","M","R","B",null,"M","?","?","$","M","E","E","R","T","E","?","M","E"],"character_chosen":"THE_SILENT","items_purchased":["Slice","Flying Knee","Backflip","Lee\u0027s Waffle","Acrobatics"],"campfire_rested":3,"item_purchase_floors":[12,12,12,38,38],"current_hp_per_floor":[59,55,44,44,43,43,24,24,24,13,31,31,11,11,11,21,50,34,32,44,44,43,33,33,17,17,13,31,31,33,30,30,7,47,43,23,23,67,66,29,3,23,23,11,11,11,0,0],"gold":240,"neow_bonus":"BOSS_RELIC","is_daily":false,"chose_seed":false,"campfire_upgraded":3,"win_rate":0.0,"timestamp":1609215205,"path_taken":["M","M","?","M","M","R","M","?","T","?","R","$","E","M","R","BOSS","M","M","?","?","M","E","?","E","T","M","R","?","E","M","R","BOSS","M","?","?","$","M","E","E","R","T","E","?","?","E"],"items_purchased_type":["Card","Card","Card","Relic","Card"],"build_version":"2020-12-22","purchased_purges":2,"victory":false,"max_hp_per_floor":[66,66,66,66,66,66,66,60,60,60,60,60,60,60,60,60,60,60,60,60,60,60,60,60,60,60,60,60,60,60,60,60,60,60,60,60,60,67,67,67,67,67,67,67,67,67,67,67],"relic_stats":{"Darkstone Periapt":0,"Lee\u0027s Waffle":44,"counters":[25,136],"Golden Idol":136,"Pen Nib":[2],"Whetstone":["Backstab","Slice"],"Mercury Hourglass":[480],"Sundial":[4],"Pantograph":50,"Prayer Wheel":2,"Kunai":[47],"obtain_stats":[{"Darkstone Periapt":43,"Lee\u0027s Waffle":38,"Golden Idol":8,"Pen Nib":44,"Whetstone":40,"White Beast Statue":23,"Mercury Hourglass":9,"Runic Dome":0,"HornCleat":41,"WristBlade":17,"Sundial":29,"Pantograph":10,"Philosopher\u0027s Stone":34,"Prayer Wheel":36,"WingedGreaves":30,"Kunai":13,"Toy Ornithopter":25,"Ring of the Snake":0},{"Darkstone Periapt":22,"Lee\u0027s Waffle":19,"Golden Idol":5,"Pen Nib":23,"Whetstone":21,"White Beast Statue":12,"Mercury Hourglass":5,"Runic Dome":0,"HornCleat":22,"WristBlade":8,"Sundial":14,"Pantograph":5,"Philosopher\u0027s Stone":17,"Prayer Wheel":19,"WingedGreaves":15,"Kunai":6,"Toy Ornithopter":13,"Ring of the Snake":0},{"Darkstone Periapt":120,"Lee\u0027s Waffle":105,"Golden Idol":30,"Pen Nib":127,"Whetstone":115,"White Beast Statue":67,"Mercury Hourglass":30,"Runic Dome":0,"HornCleat":120,"WristBlade":47,"Sundial":78,"Pantograph":30,"Philosopher\u0027s Stone":97,"Prayer Wheel":105,"WingedGreaves":82,"Kunai":36,"Toy Ornithopter":73,"Ring of the Snake":0}],"Toy Ornithopter":56},"card_choices":[{"not_picked":["Bane","Quick Slash"],"picked":"Leg Sweep","floor":1},{"not_picked":["Expertise","Tactician"],"picked":"Deflect","floor":2},{"not_picked":["Infinite Blades","Bane"],"picked":"Finisher","floor":4},{"not_picked":["Bane","Outmaneuver","Catalyst"],"picked":"SKIP","floor":5},{"not_picked":["Bane","Calculated Gamble"],"picked":"Cloak And Dagger","floor":7},{"not_picked":["Envenom","Leg Sweep","PiercingWail"],"picked":"SKIP","floor":13},{"not_picked":["Underhanded Strike","Dodge and Roll"],"picked":"Bouncing Flask","floor":14},{"not_picked":["Die Die Die","Burst"],"picked":"Malaise","floor":16},{"not_picked":["Flying Knee","Poisoned Stab"],"picked":"Noxious Fumes","floor":18},{"not_picked":["PiercingWail","Distraction"],"picked":"Blade Dance","floor":19},{"not_picked":["Prepared","Underhanded Strike+1","Leg Sweep"],"picked":"SKIP","floor":22},{"not_picked":["Prepared","All Out Attack","Bane"],"picked":"SKIP","floor":23},{"not_picked":["Deflect","Expertise+1"],"picked":"Backstab","floor":25},{"not_picked":["Quick Slash","Dagger Throw"],"picked":"Slice","floor":27},{"not_picked":["Prepared","Choke","Deadly Poison"],"picked":"SKIP","floor":30},{"not_picked":["Bane","Prepared","Dagger Spray"],"picked":"SKIP","floor":31},{"not_picked":["Burst","Storm of Steel"],"picked":"Tools of the Trade","floor":33},{"not_picked":["Dodge and Roll","Infinite Blades"],"picked":"PiercingWail+1","floor":35},{"not_picked":["Flying Knee","Sucker Punch"],"picked":"Quick Slash","floor":36},{"not_picked":["Dodge and Roll+1","Bane+1"],"picked":"Prepared+1","floor":39},{"not_picked":["Predator","Outmaneuver+1","Poisoned Stab"],"picked":"SKIP","floor":39},{"not_picked":["Dash","Dagger Spray+1"],"picked":"Terror","floor":40},{"not_picked":["Backflip","Unload"],"picked":"Caltrops+1","floor":41},{"not_picked":["Escape Plan","Distraction"],"picked":"Deflect","floor":44},{"not_picked":["Leg Sweep","Bane"],"picked":"Catalyst","floor":46},{"not_picked":["Deadly Poison","Underhanded Strike","Slice+1"],"picked":"SKIP","floor":46}],"player_experience":704217,"relics_obtained":[{"floor":9,"key":"Mercury Hourglass"},{"floor":13,"key":"Kunai"},{"floor":23,"key":"White Beast Statue"},{"floor":25,"key":"Toy Ornithopter"},{"floor":30,"key":"WingedGreaves"},{"floor":36,"key":"Prayer Wheel"},{"floor":40,"key":"Whetstone"},{"floor":41,"key":"HornCleat"},{"floor":43,"key":"Darkstone Periapt"},{"floor":44,"key":"Pen Nib"}],"event_choices":[{"damage_healed":0,"gold_gain":75,"player_choice":"Gather Gold","damage_taken":11,"max_hp_gain":0,"max_hp_loss":0,"event_name":"World of Goop","floor":3,"gold_loss":0},{"damage_healed":0,"gold_gain":0,"player_choice":"Lose Max HP","damage_taken":0,"relics_obtained":["Golden Idol"],"max_hp_gain":0,"max_hp_loss":6,"event_name":"Golden Idol","floor":8,"gold_loss":0},{"damage_healed":0,"gold_gain":0,"player_choice":"Success","damage_taken":11,"relics_obtained":["Pantograph"],"max_hp_gain":0,"max_hp_loss":0,"event_name":"Scrap Ooze","floor":10,"gold_loss":0},{"damage_healed":12,"gold_gain":0,"player_choice":"Heal","damage_taken":0,"max_hp_gain":0,"max_hp_loss":0,"event_name":"The Library","floor":20,"gold_loss":0},{"damage_healed":0,"gold_gain":0,"player_choice":"Simplicity","damage_taken":0,"max_hp_gain":0,"max_hp_loss":0,"event_name":"Back to Basics","floor":21,"gold_loss":0,"cards_upgraded":["Strike_G","Strike_G","Strike_G","Strike_G","Defend_G","Defend_G","Defend_G","Defend_G","Defend_G"]},{"damage_healed":0,"gold_gain":0,"player_choice":"Ignored","damage_taken":0,"max_hp_gain":0,"max_hp_loss":0,"event_name":"Cursed Tome","floor":24,"gold_loss":0},{"damage_healed":0,"gold_gain":0,"player_choice":"Obtained Relic","damage_taken":0,"relics_obtained":["Sundial"],"max_hp_gain":0,"max_hp_loss":0,"event_name":"Addict","floor":29,"gold_loss":85},{"damage_healed":0,"gold_gain":0,"player_choice":"Fight","damage_taken":0,"max_hp_gain":0,"max_hp_loss":0,"event_name":"Mysterious Sphere","floor":36,"gold_loss":0},{"damage_healed":0,"gold_gain":0,"player_choice":"Ignored","damage_taken":0,"max_hp_gain":0,"max_hp_loss":0,"event_name":"Tomb of Lord Red Mask","floor":37,"gold_loss":0},{"cards_removed":["Defend_G"],"damage_healed":0,"gold_gain":0,"player_choice":"Removed Skill","damage_taken":0,"max_hp_gain":0,"max_hp_loss":0,"event_name":"Falling","floor":45,"gold_loss":0}],"is_beta":false,"boss_relics":[{"not_picked":["SacredBark","Black Star"],"picked":"WristBlade"},{"not_picked":["Velvet Choker","Coffee Dripper"],"picked":"Philosopher\u0027s Stone"}],"items_purged_floors":[12,38],"is_endless":false,"potions_floor_spawned":[1,7,13,22,23,25,27,30,31,33,35,36,39,40,41,44,46],"killed_by":"Reptomancer","ascension_level":20}}