{"host":"m1168lp3vv5pgdep","time":1609264268,"event":{"mods":["Act Like it!","Aspiration","BaseMod","Better Altar","Better Match","Better Sensory Stone","Better Skull","Better Third Choice","Block Reminder","CCEM","Curses Come First","Elementarium","Gensokyo","GungeonMod","Hallownest","Hermit","Hubris","Menagerie","Minty Spire (QoL Compilation)","Pale of the Ancients","Permanent Neow","Quick Restart","Small Relic Pack","Spicy Shops","StSLib","The Bug Knight","The Forsaken","Wandering Minibosses","WarShipGirlsR/????R mod"],"gold_per_floor":[118,132,37,7,7,39,39,63,90,117,138,138,165,200,200,200,200],"floor_reached":16,"playtime":1678,"items_purged":[],"score":110,"play_id":"8c445582-d1bd-40b7-a2f8-f40877f4fbe3","local_time":"20201229175108","is_ascension_mode":false,"campfire_choices":[{"floor":7,"key":"RECALL"},{"floor":12,"key":"REST"},{"data":"rmod:firesupport","floor":15,"key":"SMITH"}],"circlet_count":0,"master_deck":["rmod:strick","rmod:strick","rmod:strick","rmod:strick","rmod:defend","rmod:defend","rmod:defend","rmod:defend","rmod:basicallowance","rmod:maingunfire+1","rmod:advancebysurprise","rmod:fletcherpendant","rmod:expedition","rmod:firesupport+1","rmod:robin","rmod:chargemoney","rmod:guardianhero","rmod:desperatesituation","rmod:smokecover","rmod:lonelyqueen","rmod:intelligenceanalysis","rmod:acesubmarine","rmod:highspeedmaneuver"],"relics":["rmod:firstchargereward","Menagerie:HuntersKnife","Nunchaku","Menagerie:GrandMagusSpellbook","DemoMod:GlassGuonStoneRelic","Pen Nib"],"acts_visited":["Menagerie:Menagerie"],"potions_floor_usage":[6,14],"damage_taken":[{"damage":0,"enemies":"Menagerie:2_RABBITS","floor":1,"turns":3},{"damage":1,"enemies":"Menagerie:WhisperingWraith","floor":2,"turns":3},{"damage":20,"enemies":"Menagerie:VoidReaper","floor":6,"turns":4},{"damage":8,"enemies":"Menagerie:MonstrousExperiment","floor":8,"turns":7},{"damage":23,"enemies":"Menagerie:GrandMagus","floor":10,"turns":8},{"damage":17,"enemies":"Menagerie:STYGIAN_BOAR_AND_WHISPERING_WRAITH","floor":11,"turns":5},{"damage":5,"enemies":"Menagerie:KEEPER_AND_YOUNG_SUNEATER","floor":13,"turns":7},{"damage":1,"enemies":"Menagerie:MaskedSummoner","floor":14,"turns":6},{"damage":0,"enemies":"Menagerie:AVATARS","floor":16,"turns":1}],"seed_played":"5388511741421595621","potions_obtained":[{"floor":1,"key":"Fire Potion"},{"floor":6,"key":"Block Potion"},{"floor":13,"key":"DemoMod:LeadSkinPotion"}],"is_trial":false,"path_per_floor":["M","M","$","?","?","E","R","M","T","?","M","R","M","E","R","B"],"character_chosen":"PRAEFECT","items_purchased":["rmod:expedition","rmod:firesupport"],"campfire_rested":1,"item_purchase_floors":[3,3],"current_hp_per_floor":[75,74,74,74,69,49,49,41,41,18,1,21,16,15,15,15,15],"gold":200,"neow_bonus":"UPGRADE_CARD","is_daily":false,"chose_seed":false,"campfire_upgraded":1,"win_rate":0.0,"timestamp":1609264268,"path_taken":["M","M","$","?","?","E","R","M","T","?","M","R","M","E","R","BOSS"],"items_purchased_type":["Card","Card"],"build_version":"2020-12-22","purchased_purges":0,"victory":false,"max_hp_per_floor":[75,75,75,75,69,69,69,69,69,69,69,69,69,69,69,69,69],"card_choices":[{"not_picked":["rmod:capitalist","rmod:circuitoustactics"],"picked":"rmod:advancebysurprise","floor":1},{"not_picked":["rmod:tearstotiara","rmod:luckystar"],"picked":"rmod:fletcherpendant","floor":2},{"not_picked":[],"picked":"rmod:robin","floor":4},{"not_picked":[],"picked":"rmod:chargemoney","floor":4},{"not_picked":[],"picked":"rmod:guardianhero","floor":4},{"not_picked":[],"picked":"rmod:desperatesituation","floor":4},{"not_picked":["rmod:punchline","rmod:fletcherpendant"],"picked":"rmod:smokecover","floor":6},{"not_picked":["rmod:aggressivemary","rmod:intelligenceanalysis"],"picked":"rmod:lonelyqueen","floor":8},{"not_picked":["rmod:circuitoustactics","rmod:salvage"],"picked":"rmod:intelligenceanalysis","floor":11},{"not_picked":["rmod:ammunitionsupply","rmod:unsinkable"],"picked":"rmod:acesubmarine","floor":13},{"not_picked":["rmod:fuelsupply","rmod:intelligenceanalysis"],"picked":"rmod:highspeedmaneuver","floor":14}],"player_experience":221929,"relics_obtained":[{"floor":6,"key":"Nunchaku"},{"floor":14,"key":"Pen Nib"}],"event_choices":[{"damage_healed":0,"gold_gain":0,"player_choice":"Take","damage_taken":0,"relics_obtained":["Menagerie:HuntersKnife"],"max_hp_gain":0,"max_hp_loss":6,"event_name":"Menagerie:BigGameHunter","floor":5,"gold_loss":0},{"damage_healed":0,"gold_gain":0,"player_choice":"Steal","damage_taken":0,"relics_obtained":["Menagerie:GrandMagusSpellbook"],"max_hp_gain":0,"max_hp_loss":0,"event_name":"Menagerie:GrandMagusTower","floor":10,"gold_loss":0}],"is_beta":false,"boss_relics":[],"items_purged_floors":[],"is_endless":false,"potions_floor_spawned":[1,6,13],"killed_by":"Menagerie:AVATARS","ascension_level":0}}