{"host":"cyiefo55v5hz1ih5","time":1609266632,"event":{"mods":["2.2 Compatiblity","AchievementEnabler","Arknights The Spire","BaseMod","GifTheSpireLib","Hubris","Minty Spire (QoL Compilation)","Replay The Spire","Spicy Shops","StSLib"],"gold_per_floor":[213,36,36,36,36,62,62,94,94,74,49,66,80,93,93,191,191,211,221,245,245,261,261,294,294,321,321,321,337,337,369,388,400,400,501,501,521,581,581,663,146,179,179,193,193,193,228,90,90,106,106,106,106,106,33,58,58],"floor_reached":58,"playtime":4945,"items_purged":["ReplayTheSpireMod:Splinters","ats:Strike V","Decay","CommonCold"],"score":1380,"play_id":"f807cf37-9a0b-44ea-b383-2fd2164d801f","local_time":"20201229133032","is_ascension_mode":true,"campfire_choices":[{"floor":7.0,"key":"REST"},{"floor":15.0,"key":"REST"},{"floor":23.0,"key":"REST"},{"data":"ats:Burning Ground","floor":25,"key":"SMITH"},{"floor":34,"key":"REST"},{"floor":43,"key":"REST"},{"floor":46,"key":"REST"},{"floor":49,"key":"REST"},{"floor":51,"key":"RECALL"},{"data":"ats:Automatic Cover","floor":54,"key":"SMITH"}],"circlet_count":0,"master_deck":["ats:Strike C","ats:Armor Crushing Shot","ats:Defend","ats:Defend","ats:Defend","ats:Defend","ats:Emotion Absorption+1","ats:Burning Ground+1","ats:Spore Proliferation","ats:Ignite+1","ats:Sword Rain+1","ats:Echo Reverb","ats:Wolf Pack+1","ats:Apocalypse+1","ats:Shadow Assault+1","ats:Mental Burst+1","ats:Volcano+1","ats:Shell Defense+1","ats:Automatic Cover+1","Replay:BasicMightCard+1","Parasite","ats:Burning Ground+1"],"relics":["ats:Sanity","ReplayTheSpireMod:CursedCoin","hubris:MedicalManual","ReplayTheSpireMod:TigerMarble","hubris:Icosahedron","ats:Originium","Anchor","Molten Egg 2","Mummified Hand","Replay:Grab Bag","ats:Tactical Delivery","Replay:Bronze Core","Empty Cage","SacredBark","Ring of Panic","Dream Catcher","Replay:Mystery Machine","Thread and Needle","Frozen Egg 2","Bottled Tornado","Singing Bowl","Pet Ghost","hubris:Metronome","MawBank","Replay:Ringing Soul"],"acts_visited":["Exordium","TheCity","TheBeyond","TheEnding"],"potions_floor_usage":[24,24,29,31,42,50,56,56,57,57,57],"damage_taken":[{"damage":11.0,"enemies":"Cultist","floor":1.0,"turns":4.0},{"damage":48.0,"enemies":"Gremlin Nob","floor":6.0,"turns":5.0},{"damage":9.0,"enemies":"Replay:BlueRogue","floor":8.0,"turns":6.0},{"damage":0.0,"enemies":"Jaw Worm","floor":12.0,"turns":2.0},{"damage":0.0,"enemies":"Small Slimes","floor":13.0,"turns":2.0},{"damage":0.0,"enemies":"3 Louse","floor":14.0,"turns":2.0},{"damage":13.0,"enemies":"Slime Boss","floor":16.0,"turns":5.0},{"damage":0.0,"enemies":"Spheric Guardian","floor":18.0,"turns":3.0},{"damage":10.0,"enemies":"Shell Parasite","floor":19.0,"turns":4.0},{"damage":15.0,"enemies":"Snake Plant","floor":22.0,"turns":4.0},{"damage":19,"enemies":"Slavers","floor":24,"turns":5},{"damage":20,"enemies":"Shelled Parasite and Fungi","floor":29,"turns":4},{"damage":8,"enemies":"Gremlin Leader","floor":31,"turns":3},{"damage":0,"enemies":"Snecko","floor":32,"turns":3},{"damage":5,"enemies":"Sentry and Sphere","floor":33,"turns":4},{"damage":10,"enemies":"Automaton","floor":35,"turns":6},{"damage":4,"enemies":"3 Darklings","floor":37,"turns":2},{"damage":60,"enemies":"Giant Head","floor":42,"turns":11},{"damage":0,"enemies":"Orb Walker","floor":44,"turns":2},{"damage":30,"enemies":"R_Hoarder","floor":47,"turns":7},{"damage":0,"enemies":"Writhing Mass","floor":50,"turns":5},{"damage":32,"enemies":"hubris:GrandSnecko","floor":52,"turns":8},{"damage":18,"enemies":"Shield and Spear","floor":56,"turns":4},{"damage":50,"enemies":"The Heart","floor":57,"turns":10}],"seed_played":"8503614353106850068","potions_obtained":[{"floor":6.0,"key":"Swift Potion"},{"floor":8.0,"key":"Elixir"},{"floor":10.0,"key":"CultistPotion"},{"floor":12.0,"key":"SteroidPotion"},{"floor":18.0,"key":"Milkshake"},{"floor":22.0,"key":"FearPotion"},{"floor":24,"key":"ColorlessPotion"},{"floor":31,"key":"Energy Potion"},{"floor":35,"key":"Venom Potion"},{"floor":42,"key":"Block Potion"},{"floor":44,"key":"EntropicBrew"},{"floor":50,"key":"Languid Potion"}],"is_trial":false,"path_per_floor":["M","$","?","?","?","E","R","E","T","?","$","M","M","M","R","B",null,"M","M","T","?","M","R","E","R","T","PTL","PTL","M","?","E","M","M","R","B",null,"M","?","?","T","$","E","R","M","T","R","E","$","R","M","R","B",null,"R","$","E","B",null],"character_chosen":"DOCTOR_CLASS","items_purchased":["ReplayTheSpireMod:CursedCoin","hubris:MedicalManual","ats:Ignite+1","Singing Bowl","Replay:BasicMightCard+1","ats:Burning Ground+1"],"campfire_rested":7,"item_purchase_floors":[2,2,11,41,41,55],"current_hp_per_floor":[61,61,61,54,54,6,27,18,18,18,18,22,22,22,43,30,72,72,62,62,62,47,68,52,52,52,52,52,37,37,29,29,29,50,50,72,68,40,40,40,40,3,27,31,31,56,41,41,67,77,77,68,86,86,86,70,38],"gold":58,"neow_bonus":"HUNDRED_GOLD","is_daily":false,"chose_seed":false,"campfire_upgraded":2,"win_rate":0.0,"timestamp":1609266632,"path_taken":["M","?","?","?","?","E","R","E","T","?","$","?","M","M","R","BOSS","M","M","?","?","M","R","E","R","T","PTL","PTL","M","?","E","M","?","R","BOSS","M","?","?","?","$","E","R","M","T","R","E","$","R","?","R","BOSS","R","$","E","BOSS"],"items_purchased_type":["Relic","Relic","Card","Relic","Card","Card"],"build_version":"2020-12-22","purchased_purges":4,"victory":true,"max_hp_per_floor":[72,72,72,72,72,72,72,72,72,72,72,72,72,72,72,72,72,72,72,72,72,72,72,72,72,72,72,72,72,72,72,72,72,72,72,72,72,72,72,72,72,74,76,78,78,80,82,82,84,86,86,86,86,86,86,88,88],"card_choices":[{"not_picked":["ats:Childhood Dance","ats:Hammer On","ats:Cat Scratch"],"picked":"SKIP","floor":1.0},{"not_picked":["ats:Consecutive Shot Auto","ats:Flame Of Heaven"],"picked":"ats:Burning Ground","floor":6.0},{"not_picked":["ats:Song Of Battle","ats:Apocalypse"],"picked":"ats:Spore Proliferation","floor":8.0},{"not_picked":["ats:Leaping Hammer+1","ats:Red Shift+1"],"picked":"ats:Sword Rain+1","floor":12.0},{"not_picked":["ats:Sword Rain+1","ats:Revitalization","ats:Powerful Strike+1"],"picked":"SKIP","floor":13.0},{"not_picked":["ats:Revitalization","ats:Leaping Hammer+1"],"picked":"ats:Echo Reverb","floor":14.0},{"not_picked":["ats:Disruption Kick+1","ats:Soul Rend"],"picked":"ats:Wolf Pack+1","floor":16.0},{"not_picked":["ats:Healing Drone","ats:Leaping Hammer+1","ats:Consecutive Shot Auto+1"],"picked":"SKIP","floor":18.0},{"not_picked":["ats:Song Of Battle","ats:Poison Spread+1","ats:Beaten Up"],"picked":"SKIP","floor":19.0},{"not_picked":["ats:Childhood Dance+1","ats:Poison Spread+1"],"picked":"ats:Apocalypse+1","floor":22.0},{"not_picked":["ats:Roar Of Ursus","ats:Explosion Area Strengthen+1"],"picked":"ats:Shadow Assault+1","floor":24},{"not_picked":["ats:Very Hot Blade+1","ats:Steam Pump"],"picked":"ats:Mental Burst+1","floor":29},{"not_picked":["ats:Blood Oath+1","ats:Sword Rain+1","ats:Song Of Battle"],"picked":"SKIP","floor":31},{"not_picked":["ats:Poison Spread+1","ats:Encircling Forest","ats:Counter Healing Mode"],"picked":"SKIP","floor":32},{"not_picked":["ats:Hammer On+1","ats:Poison Spread+1","ats:Explosion Area Strengthen+1"],"picked":"SKIP","floor":33},{"not_picked":["ats:True Silver Slash+1","ats:Rat Pack"],"picked":"ats:Volcano+1","floor":35},{"not_picked":["ats:Leaping Hammer+1","ats:Apocalypse","ats:Blood Oath+1"],"picked":"SKIP","floor":37},{"not_picked":["ats:Flame Of Heaven","ats:Explosion Area Strengthen+1"],"picked":"ats:Shell Defense+1","floor":38},{"not_picked":["ats:Closed Bolt Burst Fire+1","ats:Ignite+1"],"picked":"ats:Automatic Cover","floor":38},{"not_picked":["ats:Assault Order+1","ats:Composite Medical Shells+1","ats:Soul Rend+1"],"picked":"Singing Bowl","floor":42},{"not_picked":["ats:Childhood Dance","ats:Very Hot Blade+1","ats:Consecutive Shot Auto+1"],"picked":"Singing Bowl","floor":43},{"not_picked":["ats:Childhood Dance","ats:Hook Shot","ats:Shell Defense"],"picked":"Singing Bowl","floor":44},{"not_picked":["ats:Composite Medical Shells+1","ats:Ignite+1","ats:Revitalization"],"picked":"Singing Bowl","floor":46},{"not_picked":["ats:Cat Scratch+1","ats:Ambush+1","ats:Counter Healing Mode+1"],"picked":"Singing Bowl","floor":47},{"not_picked":["ats:Demon Strength+1","ats:Soul Absorption+1","ats:Automatic Cover+1"],"picked":"Singing Bowl","floor":49},{"not_picked":["ats:Hammer On+1","ats:Sunburst+1","ats:Cat Scratch+1"],"picked":"Singing Bowl","floor":50},{"not_picked":["ats:Childhood Dance+1","ats:Beaten Up","ats:Rapid Magazine+1"],"picked":"Singing Bowl","floor":56}],"player_experience":623503,"relics_obtained":[{"floor":6.0,"key":"ats:Originium"},{"floor":6.0,"key":"Anchor"},{"floor":8.0,"key":"ats:Originium"},{"floor":8.0,"key":"Molten Egg 2"},{"floor":9.0,"key":"Mummified Hand"},{"floor":21.0,"key":"Ring of Panic"},{"floor":24,"key":"Dream Catcher"},{"floor":26,"key":"Replay:Mystery Machine"},{"floor":31,"key":"Thread and Needle"},{"floor":38,"key":"Frozen Egg 2"},{"floor":40,"key":"Bottled Tornado"},{"floor":42,"key":"Pet Ghost"},{"floor":45,"key":"hubris:Metronome"},{"floor":47,"key":"MawBank"},{"floor":56,"key":"Replay:Ringing Soul"}],"event_choices":[{"damage_healed":0.0,"max_hp_gain":0.0,"max_hp_loss":0.0,"gold_gain":0.0,"event_name":"Scrap Ooze","player_choice":"Success","floor":4.0,"gold_loss":0.0,"damage_taken":7.0,"relics_obtained":["ReplayTheSpireMod:TigerMarble"]},{"damage_healed":0.0,"max_hp_gain":0.0,"max_hp_loss":0.0,"gold_gain":0.0,"event_name":"The Woman in Blue","player_choice":"Bought 1 Potion","floor":10.0,"gold_loss":0.0,"damage_taken":0.0},{"damage_healed":0,"gold_gain":0,"player_choice":"Cursed","damage_taken":0,"max_hp_gain":0,"max_hp_loss":0,"event_name":"Wheel of Change","floor":30,"gold_loss":0,"cards_obtained":["Decay"]},{"damage_healed":0,"gold_gain":0,"player_choice":"Ignored","damage_taken":0,"max_hp_gain":0,"max_hp_loss":0,"event_name":"Mysterious Sphere","floor":39,"gold_loss":0}],"is_beta":false,"boss_relics":[{"not_picked":["Replay:Ancient Bell","Tiny House"],"picked":"Replay:Grab Bag"},{"not_picked":["Ectoplasm","Painkiller Herb"],"picked":"ats:Tactical Delivery"},{"not_picked":["ReplayTheSpireMod:Onyx Gauntlets","hubris:CrackedHourglass"],"picked":"Replay:Bronze Core"},{"not_picked":["Astrolabe","hubris:Backtick"],"picked":"Empty Cage"},{"not_picked":["hubris:HollowSoul","Snecko Eye"],"picked":"SacredBark"},{"not_picked":["Pandora\u0027s Box","Coffee Dripper","Runic Dome"]}],"items_purged_floors":[2,2,41,48],"is_endless":false,"potions_floor_spawned":[6,8,12,18,22,24,31,35,42,44,50],"ascension_level":2}}