{"host":"2461dio7vetlq1z3","time":1609231933,"event":{"mods":["2.2 Compatiblity","AchievementEnabler","Aspiration","BaseMod","Better Third Choice","Downfall","Friendly Minions","Hermit","Marisa????????","Minty Spire (QoL Compilation)","Relic Stats","Spicy Shops","StSLib","Waifu the Spire"],"gold_per_floor":[114,134,145,158,174,174,174,174,205,218,218,237,262,273,273,273,273,273],"floor_reached":16,"playtime":875,"items_purged":[],"score":128,"play_id":"dbe438c7-8082-427d-9aa7-463e6b1f8d9e","local_time":"20201229095213","is_ascension_mode":true,"campfire_choices":[{"data":"hexamod:GhostflameBarrier","floor":6,"key":"SMITH"},{"data":"hexamod:Incineration","floor":8,"key":"SMITH"},{"data":"hexamod:Float","floor":11,"key":"SMITH"},{"data":"hexamod:SpectralSpark","floor":15,"key":"SMITH"}],"circlet_count":0,"master_deck":["hexamod:Strike","hexamod:Strike","hexamod:Strike","hexamod:Defend","hexamod:Defend","hexamod:Defend","hexamod:Defend","hexamod:Sear","hexamod:Float+1","hexamod:NightmareStrike","hexamod:BacktrackSmack","hexamod:Incineration+1","hexamod:FirstSeal","hexamod:GhostflameBarrier+1","hexamod:ThirdSeal","hexamod:Hexaguard","hexamod:CatchUp","hexamod:SpectralSpark+1","hexamod:SoulSteal","hexamod:ApocalypseNow"],"relics":["hexamod:SpiritBrand","Darkstone Periapt","Du-Vu Doll","Bronze Scales"],"acts_visited":["Exordium"],"potions_floor_usage":[14],"damage_taken":[{"damage":2,"enemies":"Jaw Worm","floor":1,"turns":4},{"damage":0,"enemies":"2 Louse","floor":2,"turns":2},{"damage":0,"enemies":"Cultist","floor":3,"turns":2},{"damage":0,"enemies":"Large Slime","floor":4,"turns":4},{"damage":0,"enemies":"2 Fungi Beasts","floor":5,"turns":3},{"damage":21,"enemies":"Lagavulin","floor":9,"turns":6},{"damage":0,"enemies":"Blue Slaver","floor":10,"turns":4},{"damage":0,"enemies":"2 Fungi Beasts","floor":12,"turns":4},{"damage":4,"enemies":"Gremlin Nob","floor":13,"turns":3},{"damage":11,"enemies":"Gremlin Gang","floor":14,"turns":3},{"damage":50,"enemies":"downfall:Defect","floor":16,"turns":6}],"seed_played":"-1347466312928140065","potions_obtained":[{"floor":5,"key":"SkillPotion"},{"floor":10,"key":"GamblersBrew"},{"floor":13,"key":"SpeedPotion"},{"floor":14,"key":"FearPotion"}],"is_trial":false,"path_per_floor":["M","M","M","M","M","R","T","R","E","M","R","M","E","M","R","B"],"character_chosen":"THE_SPIRIT","items_purchased":[],"campfire_rested":0,"item_purchase_floors":[],"current_hp_per_floor":[68,68,68,70,70,70,70,70,56,56,56,63,59,48,48,0,0,0],"gold":273,"neow_bonus":"TRANSFORM_CARD","is_daily":false,"chose_seed":false,"campfire_upgraded":4,"win_rate":0.0,"timestamp":1609231933,"path_taken":["M","M","M","M","M","R","T","R","E","M","R","M","E","M","R","BOSS"],"items_purchased_type":[],"build_version":"2020-12-22","purchased_purges":0,"victory":false,"max_hp_per_floor":[70,70,70,70,70,70,70,70,70,70,70,70,70,70,70,70,70,70],"relic_stats":{"Darkstone Periapt":0,"counters":[11,41],"Bronze Scales":[24],"obtain_stats":[{"Darkstone Periapt":7,"Du-Vu Doll":9,"Bronze Scales":13,"hexamod:SpiritBrand":0},{"Darkstone Periapt":5,"Du-Vu Doll":6,"Bronze Scales":9,"hexamod:SpiritBrand":0},{"Darkstone Periapt":15,"Du-Vu Doll":21,"Bronze Scales":32,"hexamod:SpiritBrand":0}]},"card_choices":[{"not_picked":["hexamod:Hexaguard","hexamod:RetreatToShadows"],"picked":"hexamod:BacktrackSmack","floor":1},{"not_picked":["hexamod:FastForward","hexamod:HeatShield"],"picked":"hexamod:Incineration","floor":2},{"not_picked":["hexamod:FastForward","hexamod:HauntingEcho"],"picked":"hexamod:FirstSeal","floor":3},{"not_picked":["hexamod:SpectralAdrenaline","hexamod:NightmareGuise"],"picked":"hexamod:GhostflameBarrier","floor":4},{"not_picked":["hexamod:Again","hexamod:ThermalTransfer"],"picked":"hexamod:ThirdSeal","floor":5},{"not_picked":["hexamod:NightmareStrike","hexamod:HauntingEcho"],"picked":"hexamod:Hexaguard","floor":9},{"not_picked":["hexamod:Firestarter","hexamod:InspiringFlames","hexamod:FastForward"],"picked":"SKIP","floor":9},{"not_picked":["hexamod:BacktrackSmack","hexamod:ThermalTransfer"],"picked":"hexamod:CatchUp","floor":10},{"not_picked":["hexamod:RainOfEmbers","hexamod:NightmareStrike","hexamod:EtherealExpedition"],"picked":"SKIP","floor":10},{"not_picked":["hexamod:RainOfEmbers","hexamod:NightmareStrike","hexamod:EtherealExpedition"],"picked":"SKIP","floor":10},{"not_picked":["hexamod:ChargedBarrage","hexamod:NecessarySacrifice"],"picked":"hexamod:SpectralSpark","floor":12},{"not_picked":["hexamod:SwordOfDarkness","hexamod:NightmareGuise","hexamod:Haunt"],"picked":"SKIP","floor":12},{"not_picked":["hexamod:HeatMetal","hexamod:SuperheatedStrike","hexamod:Hexaguard"],"picked":"SKIP","floor":13},{"not_picked":["hexamod:BurningTouch","hexamod:PowerFromBeyond"],"picked":"hexamod:SoulSteal","floor":14},{"not_picked":["hexamod:FlamesFromBeyond","hexamod:NightmareGuise"],"picked":"hexamod:ApocalypseNow","floor":14}],"player_experience":1196777,"relics_obtained":[{"floor":7,"key":"Darkstone Periapt"},{"floor":9,"key":"Du-Vu Doll"},{"floor":13,"key":"Bronze Scales"}],"event_choices":[],"is_beta":false,"boss_relics":[],"items_purged_floors":[],"is_endless":false,"potions_floor_spawned":[5,10,13,14],"killed_by":"downfall:Defect","ascension_level":2}}