{"host":"ayh4nqhr0ddw4ozv","time":1609211027,"event":{"mods":["BaseMod","Minty Spire (QoL Compilation)","Relic Stats","Robot Space Explorer","StSLib"],"gold_per_floor":[112,131,145,158,158,188,188,220,220,1,176,176,188,217,217,320,320,338,288,298,125,0,30,30,42,68,84,94,94,114,145,145,249,249,268,268,118,118,133,143,143,176,176,176,189,189,209,244,244,244],"floor_reached":51,"playtime":2348,"items_purged":["Parasite","Pain","RobotSpaceExplorer:Strike","Doubt"],"score":1237,"play_id":"4974819d-5d56-418d-9116-183df29e2e6c","local_time":"20201228190347","is_ascension_mode":true,"campfire_choices":[{"data":"RobotSpaceExplorer:Blitz","floor":7,"key":"SMITH"},{"data":"RobotSpaceExplorer:PlasmaMissile","floor":15,"key":"SMITH"},{"data":"RobotSpaceExplorer:PlasmaMissile","floor":24,"key":"SMITH"},{"data":"RobotSpaceExplorer:TurboDodge","floor":29,"key":"SMITH"},{"data":"RobotSpaceExplorer:Blaster","floor":32,"key":"SMITH"},{"data":"RobotSpaceExplorer:StarLightning","floor":44,"key":"SMITH"},{"data":"RobotSpaceExplorer:FranticSearch","floor":46,"key":"SMITH"},{"data":"RobotSpaceExplorer:IronShell","floor":49,"key":"SMITH"}],"circlet_count":0,"master_deck":["AscendersBane","RobotSpaceExplorer:Strike","RobotSpaceExplorer:Strike","RobotSpaceExplorer:Defend","RobotSpaceExplorer:Defend","RobotSpaceExplorer:Defend","RobotSpaceExplorer:Defend","RobotSpaceExplorer:Scan+1","RobotSpaceExplorer:MiniLasers","RobotSpaceExplorer:Blitz+1","RobotSpaceExplorer:Smokescreen+1","RobotSpaceExplorer:PlasmaMissile+1","RobotSpaceExplorer:PlasmaMissile+1","RobotSpaceExplorer:Blaster+1","RobotSpaceExplorer:TurboDodge+1","RobotSpaceExplorer:Reload","Injury","RobotSpaceExplorer:StarLightning+1","RobotSpaceExplorer:FranticSearch+1","Injury","Regret","RobotSpaceExplorer:IronShell+1"],"relics":["Cursed Key","Pear","Blue Candle","Gremlin Horn","Bag of Preparation","War Paint","Bronze Scales","Philosopher\u0027s Stone","Anchor","Bag of Marbles","StrikeDummy","RobotSpaceExplorer:Reprocessor","Eternal Feather","Dream Catcher","Girya","Pen Nib"],"acts_visited":["Exordium","TheCity","TheBeyond"],"potions_floor_usage":[4,6,13,14,16,16,20,23,23,28,30,33,35,40,42,48],"damage_taken":[{"damage":4,"enemies":"2 Louse","floor":1,"turns":3},{"damage":0,"enemies":"Cultist","floor":2,"turns":4},{"damage":0,"enemies":"Small Slimes","floor":3,"turns":4},{"damage":1,"enemies":"Looter","floor":4,"turns":3},{"damage":27,"enemies":"Gremlin Nob","floor":6,"turns":5},{"damage":8,"enemies":"3 Sentries","floor":8,"turns":9},{"damage":2,"enemies":"Large Slime","floor":13,"turns":3},{"damage":12,"enemies":"Lagavulin","floor":14,"turns":5},{"damage":3,"enemies":"Slime Boss","floor":16,"turns":9},{"damage":1,"enemies":"Chosen","floor":18,"turns":4},{"damage":6,"enemies":"2 Thieves","floor":20,"turns":4},{"damage":7,"enemies":"Slavers","floor":23,"turns":4},{"damage":0,"enemies":"Shelled Parasite and Fungi","floor":25,"turns":3},{"damage":1,"enemies":"Centurion and Healer","floor":27,"turns":4},{"damage":0,"enemies":"Snecko","floor":28,"turns":2},{"damage":1,"enemies":"Cultist and Chosen","floor":30,"turns":4},{"damage":5,"enemies":"Book of Stabbing","floor":31,"turns":5},{"damage":14,"enemies":"Automaton","floor":33,"turns":8},{"damage":1,"enemies":"3 Shapes","floor":35,"turns":4},{"damage":12,"enemies":"3 Darklings","floor":39,"turns":4},{"damage":1,"enemies":"Spire Growth","floor":40,"turns":3},{"damage":2,"enemies":"Nemesis","floor":42,"turns":5},{"damage":16,"enemies":"4 Shapes","floor":45,"turns":6},{"damage":13,"enemies":"Sphere and 2 Shapes","floor":47,"turns":5},{"damage":9,"enemies":"Giant Head","floor":48,"turns":8},{"damage":26,"enemies":"Time Eater","floor":50,"turns":13}],"seed_played":"1341027321051725913","potions_obtained":[{"floor":2,"key":"SpeedPotion"},{"floor":3,"key":"Dexterity Potion"},{"floor":4,"key":"Regen Potion"},{"floor":14,"key":"ColorlessPotion"},{"floor":30,"key":"SteroidPotion"},{"floor":33,"key":"Swift Potion"},{"floor":42,"key":"Block Potion"},{"floor":45,"key":"SmokeBomb"}],"is_trial":false,"path_per_floor":["M","M","M","M","?","E","R","E","T","$","?","T","M","E","R","B",null,"M","?","M","$","$","E","R","M","T","M","M","R","M","E","R","B",null,"M","?","$","?","M","M","T","E","T","R","M","R","M","E","R","B",null],"character_chosen":"RobotSpaceExplorer","items_purchased":["Bag of Preparation","RobotSpaceExplorer:Reload"],"campfire_rested":0,"item_purchase_floors":[10,21],"current_hp_per_floor":[64,64,64,63,63,60,60,52,52,52,52,52,50,38,38,35,70,69,69,63,63,63,56,56,56,56,55,55,55,54,49,49,35,70,69,69,69,69,57,56,56,54,54,66,50,62,49,40,52,26],"gold":244,"neow_bonus":"BOSS_RELIC","is_daily":false,"chose_seed":false,"campfire_upgraded":8,"win_rate":0.0,"timestamp":1609211027,"path_taken":["M","M","M","M","?","E","R","E","T","?","?","?","M","E","R","BOSS","M","?","M","?","$","E","R","M","T","M","M","R","M","E","R","BOSS","M","?","$","?","M","M","?","E","T","R","M","R","?","E","R","BOSS"],"items_purchased_type":["Relic","Card"],"build_version":"2020-12-22","purchased_purges":4,"victory":true,"max_hp_per_floor":[75,75,75,75,75,85,85,85,85,82,82,82,82,82,82,82,82,82,82,82,82,82,82,82,82,82,82,82,82,82,82,82,82,82,82,82,82,82,82,82,82,82,82,82,82,82,82,82,82,82],"relic_stats":{"Dream Catcher":0,"Gremlin Horn":[21,21],"counters":[26,131],"Blue Candle":[33],"Bronze Scales":[235],"Eternal Feather":36,"Pen Nib":[2],"Bag of Preparation":[40],"War Paint":["RobotSpaceExplorer:Smokescreen","RobotSpaceExplorer:Scan"],"Cursed Key":5,"obtain_stats":[{"Girya":43,"Pear":6,"Gremlin Horn":9,"Blue Candle":8,"RobotSpaceExplorer:RoboCore":0,"Eternal Feather":41,"Pen Nib":48,"Bag of Preparation":10,"RobotSpaceExplorer:Reprocessor":34,"War Paint":12,"Cursed Key":0,"Anchor":23,"Dream Catcher":42,"Bronze Scales":14,"Philosopher\u0027s Stone":17,"Bag of Marbles":26,"StrikeDummy":31},{"Girya":22,"Pear":5,"Gremlin Horn":6,"Blue Candle":6,"RobotSpaceExplorer:RoboCore":0,"Eternal Feather":21,"Pen Nib":25,"Bag of Preparation":6,"RobotSpaceExplorer:Reprocessor":18,"War Paint":6,"Cursed Key":0,"Anchor":12,"Dream Catcher":22,"Bronze Scales":8,"Philosopher\u0027s Stone":9,"Bag of Marbles":13,"StrikeDummy":17},{"Girya":99,"Pear":19,"Gremlin Horn":28,"Blue Candle":28,"RobotSpaceExplorer:RoboCore":0,"Eternal Feather":94,"Pen Nib":118,"Bag of Preparation":28,"RobotSpaceExplorer:Reprocessor":83,"War Paint":28,"Cursed Key":0,"Anchor":57,"Dream Catcher":99,"Bronze Scales":36,"Philosopher\u0027s Stone":45,"Bag of Marbles":60,"StrikeDummy":75}]},"card_choices":[{"not_picked":["RobotSpaceExplorer:Pulsar","RobotSpaceExplorer:FreezingShield"],"picked":"RobotSpaceExplorer:Blitz","floor":1},{"not_picked":["RobotSpaceExplorer:LaserBurst","RobotSpaceExplorer:SwiftStep"],"picked":"RobotSpaceExplorer:Smokescreen","floor":2},{"not_picked":["RobotSpaceExplorer:ShockKick","RobotSpaceExplorer:LaserBurst","RobotSpaceExplorer:ImprovisedAttack"],"picked":"SKIP","floor":3},{"not_picked":["RobotSpaceExplorer:Counterblock","RobotSpaceExplorer:SelfCleaning"],"picked":"RobotSpaceExplorer:PlasmaMissile","floor":4},{"not_picked":["RobotSpaceExplorer:SurgingShield","RobotSpaceExplorer:Explosion"],"picked":"RobotSpaceExplorer:RigExplosive","floor":6},{"not_picked":["RobotSpaceExplorer:ShockKick","RobotSpaceExplorer:Probe"],"picked":"RobotSpaceExplorer:PlasmaMissile","floor":8},{"not_picked":["RobotSpaceExplorer:DualCore","RobotSpaceExplorer:ShockKick","RobotSpaceExplorer:GlueSpray"],"picked":"SKIP","floor":13},{"not_picked":["RobotSpaceExplorer:Pulsar","RobotSpaceExplorer:StarDust","RobotSpaceExplorer:SurgingShield"],"picked":"SKIP","floor":14},{"not_picked":["RobotSpaceExplorer:HighVoltage","RobotSpaceExplorer:BlastShield"],"picked":"RobotSpaceExplorer:Blaster","floor":16},{"not_picked":["RobotSpaceExplorer:Ammunition","RobotSpaceExplorer:ScrapMissile"],"picked":"RobotSpaceExplorer:TurboDodge","floor":18},{"not_picked":["RobotSpaceExplorer:MiniDrones","RobotSpaceExplorer:Electroshield","RobotSpaceExplorer:BigMissile"],"picked":"SKIP","floor":20},{"not_picked":["RobotSpaceExplorer:FrostMissile","RobotSpaceExplorer:ShovelStrike","RobotSpaceExplorer:Counterblock"],"picked":"SKIP","floor":23},{"not_picked":["RobotSpaceExplorer:ShockKick","RobotSpaceExplorer:MiniDrones","RobotSpaceExplorer:MakeshiftVolley"],"picked":"SKIP","floor":25},{"not_picked":["RobotSpaceExplorer:SurgingShield","RobotSpaceExplorer:FrostMissile","RobotSpaceExplorer:ScrapMissile"],"picked":"SKIP","floor":27},{"not_picked":["RobotSpaceExplorer:ToxicBomb","RobotSpaceExplorer:SlimeMissile+1","RobotSpaceExplorer:Jetpack"],"picked":"SKIP","floor":28},{"not_picked":["RobotSpaceExplorer:Blaster","RobotSpaceExplorer:Counterblock"],"picked":"RobotSpaceExplorer:StarLightning","floor":30},{"not_picked":["RobotSpaceExplorer:MiniDrones","RobotSpaceExplorer:DoubleFind"],"picked":"RobotSpaceExplorer:FranticSearch","floor":31},{"not_picked":["RobotSpaceExplorer:BigMissile","RobotSpaceExplorer:DualCore+1","RobotSpaceExplorer:ToxicBomb+1"],"picked":"SKIP","floor":35},{"not_picked":["RobotSpaceExplorer:FreezeRay","RobotSpaceExplorer:Reload","RobotSpaceExplorer:Probe"],"picked":"SKIP","floor":39},{"not_picked":["RobotSpaceExplorer:PowerGlove","RobotSpaceExplorer:SelfCleaning","RobotSpaceExplorer:FrostMissile"],"picked":"SKIP","floor":40},{"not_picked":["RobotSpaceExplorer:ExhaustFan+1","RobotSpaceExplorer:ToxicBomb","RobotSpaceExplorer:FrostMissile"],"picked":"SKIP","floor":42},{"not_picked":["RobotSpaceExplorer:Fix","RobotSpaceExplorer:Ammunition","RobotSpaceExplorer:Counterblock"],"picked":"SKIP","floor":45},{"not_picked":["RobotSpaceExplorer:FranticSearch","RobotSpaceExplorer:FrostMissile+1"],"picked":"RobotSpaceExplorer:IronShell","floor":47},{"not_picked":["RobotSpaceExplorer:SlimeMissile+1","RobotSpaceExplorer:JunkDive","RobotSpaceExplorer:SelfCleaning+1"],"picked":"SKIP","floor":48}],"player_experience":261988,"relics_obtained":[{"floor":6,"key":"Pear"},{"floor":8,"key":"Blue Candle"},{"floor":9,"key":"Gremlin Horn"},{"floor":12,"key":"War Paint"},{"floor":14,"key":"Bronze Scales"},{"floor":23,"key":"Anchor"},{"floor":26,"key":"Bag of Marbles"},{"floor":31,"key":"StrikeDummy"},{"floor":41,"key":"Eternal Feather"},{"floor":42,"key":"Dream Catcher"},{"floor":43,"key":"Girya"},{"floor":48,"key":"Pen Nib"}],"event_choices":[{"cards_removed":["RobotSpaceExplorer:Strike"],"damage_healed":0,"gold_gain":0,"player_choice":"Purged","damage_taken":0,"max_hp_gain":0,"max_hp_loss":0,"event_name":"Purifier","floor":5,"gold_loss":0},{"damage_healed":0,"gold_gain":175,"player_choice":"AGREE","damage_taken":0,"max_hp_gain":0,"max_hp_loss":0,"event_name":"Liars Game","floor":11,"gold_loss":0,"cards_obtained":["Doubt"]},{"damage_healed":0,"gold_gain":0,"player_choice":"Bet on Murderer","damage_taken":0,"max_hp_gain":0,"max_hp_loss":0,"event_name":"The Joust","floor":19,"gold_loss":50},{"damage_healed":0,"gold_gain":0,"player_choice":"Ignored","damage_taken":0,"max_hp_gain":0,"max_hp_loss":0,"event_name":"Mysterious Sphere","floor":36,"gold_loss":0},{"cards_removed":["RobotSpaceExplorer:RigExplosive"],"damage_healed":0,"gold_gain":0,"player_choice":"Removed Skill","damage_taken":0,"max_hp_gain":0,"max_hp_loss":0,"event_name":"Falling","floor":38,"gold_loss":0}],"is_beta":false,"boss_relics":[{"not_picked":["Coffee Dripper","SacredBark"],"picked":"Philosopher\u0027s Stone"},{"not_picked":["Calling Bell","Black Star"],"picked":"RobotSpaceExplorer:Reprocessor"}],"items_purged_floors":[10,21,22,37],"is_endless":false,"potions_floor_spawned":[2,3,4,14,27,28,30,33,35,42,45],"ascension_level":12}}