{"host":"oe99xkou38n5lfnh","time":1609208712,"event":{"mods":["BaseMod","Downfall","Minty Spire (QoL Compilation)","StSLib"],"gold_per_floor":[99,99,249,249,31,47,47,47,58,88,13,43,43,58,69,69,69,69],"floor_reached":16,"playtime":24445,"items_purged":["Slimebound:Icky"],"score":108,"play_id":"e53144c6-5304-4323-83e5-2320a519729c","local_time":"20201228202512","is_ascension_mode":false,"campfire_choices":[{"floor":1,"key":"RECALL"},{"data":"champ:StrikeOfGenius","floor":8,"key":"SMITH"},{"floor":11,"key":"REST"}],"circlet_count":0,"master_deck":["champ:Strike","champ:Strike","champ:Strike","champ:Strike","champ:Defend","champ:Defend","champ:Defend","champ:Defend","champ:Execute","champ:Taunt","champ:FlashCut","champ:TornadoPunch","champ:StrikeOfGenius+1","champ:FocusedDefense","champ:Circumvent","champ:StanceDance","champ:BladeFlurry","champ:BringItOn","champ:TornadoPunch"],"relics":["champ:ChampionCrown","downfall:HeartsMalice","PreservedInsect","Shuriken","downfall:HeartBlessingBlue","Nunchaku","downfall:BrokenWingStatue"],"acts_visited":["Exordium"],"potions_floor_usage":[10,12,16],"damage_taken":[{"damage":0,"enemies":"Cultist","floor":2,"turns":1},{"damage":0,"enemies":"2 Louse","floor":4,"turns":1},{"damage":0,"enemies":"downfall:FleeingMerchant","floor":5,"turns":1},{"damage":20,"enemies":"Small Slimes","floor":6,"turns":4},{"damage":53,"enemies":"Exordium Thugs","floor":9,"turns":5},{"damage":9,"enemies":"3 Sentries","floor":10,"turns":5},{"damage":21,"enemies":"Lagavulin","floor":12,"turns":6},{"damage":34,"enemies":"Gremlin Gang","floor":14,"turns":5},{"damage":23,"enemies":"2 Fungi Beasts","floor":15,"turns":4},{"damage":24,"enemies":"downfall:Ironclad","floor":16,"turns":3}],"seed_played":"-6114606215045568652","potions_obtained":[{"floor":9,"key":"hexamod:EctoCoolerPotion"},{"floor":10,"key":"SkillPotion"},{"floor":14,"key":"Dexterity Potion"}],"is_trial":false,"path_per_floor":["R","M","?","M","$","M","T","R","M","E","R","E","?","M","M","B"],"character_chosen":"THE_CHAMP","items_purchased":["PreservedInsect"],"campfire_rested":1,"item_purchase_floors":[5],"current_hp_per_floor":[90,90,90,90,90,75,75,75,43,39,79,63,63,32,15,0,0,0],"gold":69,"neow_bonus":"THREE_ENEMY_KILL","is_daily":false,"chose_seed":false,"campfire_upgraded":1,"win_rate":0.0,"timestamp":1609208712,"path_taken":["R","M","?","M","$","M","T","R","M","E","R","E","?","M","M","BOSS"],"items_purchased_type":["Relic"],"build_version":"2020-12-22","purchased_purges":1,"victory":false,"max_hp_per_floor":[90,90,90,90,90,90,90,90,90,90,100,100,100,100,100,100,100,100],"card_choices":[{"not_picked":["champ:GutPunch","champ:Shatter"],"picked":"champ:FlashCut","floor":2},{"not_picked":["champ:Circumvent","champ:DefensiveShout"],"picked":"champ:TornadoPunch","floor":4},{"not_picked":["champ:HeartStrike","champ:FocusedBerserking"],"picked":"champ:StrikeOfGenius","floor":5},{"not_picked":["champ:FocusedGladiator","champ:RecklessLeap"],"picked":"champ:FocusedDefense","floor":6},{"not_picked":["champ:FocusedGladiator","champ:ArenaPreparation"],"picked":"champ:Circumvent","floor":9},{"not_picked":["champ:PreciseThrust","champ:EnragedBash"],"picked":"champ:StanceDance","floor":10},{"not_picked":["champ:AdrenalArmor","champ:StanceDance"],"picked":"champ:BladeFlurry","floor":12},{"not_picked":["champ:BladeFlurry","champ:GladiatorStyle"],"picked":"champ:BringItOn","floor":14},{"not_picked":["champ:StanceDance","champ:DefensiveShout"],"picked":"champ:TornadoPunch","floor":15}],"player_experience":1640004,"relics_obtained":[{"floor":10,"key":"Shuriken"},{"floor":12,"key":"Nunchaku"}],"event_choices":[],"is_beta":false,"boss_relics":[],"items_purged_floors":[5],"is_endless":false,"potions_floor_spawned":[9,10,14],"killed_by":"downfall:Ironclad","ascension_level":0}}