{"host":"0cnf9zf1gia27zti","time":1609281430,"event":{"mods":["BaseMod","BetterRewards","Card Forge","Colored Map","Colored Powertips","Conspire","Downfall","Googly Eyes","Minty Spire (QoL Compilation)","Practice Mode","Quick Restart","Replay The Spire","Shade Mod","Spicy Shops","StSLib"],"gold_per_floor":[114,64,64,17,17,17,61,61,61,97,128,153,166,57,57,164,164,164],"floor_reached":17,"playtime":1064,"items_purged":[],"score":246,"play_id":"ce6212e2-e57a-4ed6-8275-2c9cf0217ac6","local_time":"20201229223710","daily_mods":["SealedDeck","Colorless Cards","Heirloom","DeadlyEvents","Elite Swarm"],"is_ascension_mode":false,"campfire_choices":[{"data":"sneckomod:UnknownX","floor":6,"key":"SMITH"},{"data":"sneckomod:MorePower","floor":8,"key":"SMITH"},{"data":"Replay:SS_hec_2","floor":15,"key":"SMITH"}],"circlet_count":0,"master_deck":["sneckomod:SoulRoll","sneckomod:SoulRoll","sneckomod:Nope","sneckomod:UnknownX+1","sneckomod:QuickBite+1","Flash of Steel","Good Instincts","sneckomod:IronFang","sneckomod:UnknownBlock","sneckomod:UnknownBlock","Replay:SS_forest_6+1","conspire:SpireCoStock","sneckomod:QuickBite+1","sneckomod:MorePower+1","sneckomod:UnknownRarePower+1","sneckomod:UnknownRareSkill+1","sneckomod:UnknownRareAttack+1","Replay:SS_hec_2+1","sneckomod:UnknownDexterity+1","ReplayUltimateDefense+1","sneckomod:SoulRoll","sneckomod:CheapStock","sneckomod:UnknownUncommonPower+1","sneckomod:UnknownRarePower"],"relics":["sneckomod:SneckoSoul","Hammer of Thor","Seething Fire","Anvil of the Gods","Ring of Chaos","Replay:Towering Pillar of Hats","Toy Ornithopter","Ice Cream","ReplayTheSpireMod:Ninjato","conspire:Flyswatter","Replay:Grab Bag","Busted Crown","ReplayTheSpireMod:Onyx Gauntlets","SlaversCollar","Black Star"],"acts_visited":["Exordium","TheCity"],"potions_floor_usage":[7,16],"damage_taken":[{"damage":0,"enemies":"Cultist","floor":1,"turns":3},{"damage":0,"enemies":"Lagavulin","floor":7,"turns":3},{"damage":9,"enemies":"3 Sentries","floor":10,"turns":7},{"damage":0,"enemies":"Jaw Worm","floor":11,"turns":4},{"damage":0,"enemies":"Lagavulin","floor":12,"turns":3},{"damage":0,"enemies":"2 Louse","floor":13,"turns":1},{"damage":18,"enemies":"Slime Boss","floor":16,"turns":8}],"seed_played":"-8386260265088940244","potions_obtained":[{"floor":1,"key":"PowerPotion"},{"floor":10,"key":"hexamod:EctoCoolerPotion"}],"is_trial":true,"path_per_floor":["M","?","?","$","?","R","E","R","T","E","M","E","M","$","R","B",null],"character_chosen":"THE_SNECKO","items_purchased":["sneckomod:QuickBite","sneckomod:CheapStock"],"campfire_rested":0,"item_purchase_floors":[4,14],"current_hp_per_floor":[93,93,93,93,93,93,93,93,93,86,87,88,88,88,88,77,99,99],"gold":164,"neow_bonus":"","is_daily":false,"chose_seed":false,"campfire_upgraded":3,"win_rate":0.0,"timestamp":1609281430,"path_taken":["M","?","?","$","?","R","E","R","T","E","M","E","?","$","R","BOSS"],"items_purchased_type":["Card","Card"],"build_version":"2020-12-22","purchased_purges":0,"victory":false,"max_hp_per_floor":[93,93,93,93,93,93,93,93,93,95,96,97,97,97,97,99,99,99],"card_choices":[{"not_picked":["sneckomod:IronFang","sneckomod:UnknownStrike"],"picked":"Replay:SS_forest_6","floor":1},{"not_picked":["sneckomod:SerpentMind","expansioncontent:Corrupt"],"picked":"sneckomod:MorePower","floor":7},{"not_picked":["sneckomod:UnknownUncommonPower+1","sneckomod:UnknownClassHEXA_GHOST_PURPLE+1"],"picked":"sneckomod:UnknownRarePower+1","floor":10},{"not_picked":["Thinking Ahead","ReplayUltimateDefense"],"picked":"sneckomod:UnknownRareSkill","floor":10},{"not_picked":["sneckomod:UnknownClassSHADE_COLOR+1","sneckomod:UnknownUncommonPower+1"],"picked":"sneckomod:UnknownRareAttack+1","floor":11},{"not_picked":["sneckomod:QuickMove","Purity"],"picked":"Replay:SS_hec_2","floor":11},{"not_picked":["sneckomod:UnknownClassHEXA_GHOST_PURPLE+1","sneckomod:UnknownClassBLUE+1"],"picked":"sneckomod:UnknownDexterity+1","floor":12},{"not_picked":["Midas Touch","expansioncontent:QuickStudy"],"picked":"ReplayUltimateDefense","floor":12},{"not_picked":["sneckomod:UnknownClassHEXA_GHOST_PURPLE","sneckomod:UnknownExhaust"],"picked":"sneckomod:SoulRoll","floor":13},{"not_picked":["sneckomod:UnknownClassSLIMEBOUND+1","sneckomod:UnknownUncommonAttack+1"],"picked":"sneckomod:UnknownUncommonPower+1","floor":16},{"not_picked":["Violence","Metamorphosis"],"picked":"sneckomod:UnknownRarePower","floor":16}],"player_experience":2743387,"relics_obtained":[{"floor":7,"key":"Toy Ornithopter"},{"floor":9,"key":"Ice Cream"},{"floor":10,"key":"ReplayTheSpireMod:Ninjato"},{"floor":12,"key":"conspire:Flyswatter"}],"event_choices":[{"damage_healed":0,"gold_gain":0,"player_choice":"Invest 1","damage_taken":0,"max_hp_gain":0,"max_hp_loss":0,"event_name":"conspire:Investor","floor":2,"gold_loss":0},{"damage_healed":0,"gold_gain":0,"player_choice":"Disagree","damage_taken":0,"max_hp_gain":0,"max_hp_loss":0,"event_name":"conspire:LoneGhost","floor":3,"gold_loss":0}],"is_beta":false,"boss_relics":[{"not_picked":["conspire:RoyalGoblet","Snecko Eye"],"picked":"Replay:Grab Bag"},{"not_picked":["ReplayTheSpireMod:DimensionalGlitch","Runic Dome"],"picked":"Busted Crown"},{"not_picked":["Abe\u0027s Treasure","conspire:SeveredTorchhead"],"picked":"ReplayTheSpireMod:Onyx Gauntlets"},{"not_picked":["Replay:Drink Me","sneckomod:SuperSneckoSoul"],"picked":"SlaversCollar"},{"not_picked":["Kintsugi","SacredBark"],"picked":"Black Star"}],"items_purged_floors":[],"is_endless":false,"potions_floor_spawned":[1,10],"ascension_level":0}}