{"host":"kymla13zdh49urji","time":1609238137,"event":{"mods":["BaseMod","Conspire","Friendly Minions","Hermit","Minty Spire (QoL Compilation)","Replay The Spire","StSLib","The Construct","The Disciple"],"gold_per_floor":[126,126,126,155,180,216,251,251,251,251,286,301,301,316,316,521,521,560,560,583,596,611,611,629,629,629,629,645,17,35,66,66,66,66],"floor_reached":33,"playtime":4035,"items_purged":[],"score":321,"play_id":"9aa35701-fcc8-4c15-847b-800b492bcf6c","local_time":"20201229023537","is_ascension_mode":false,"campfire_choices":[{"floor":8,"key":"REST"},{"data":"hermit:HighCaliber","floor":10,"key":"SMITH"},{"floor":13,"key":"REST"},{"floor":15,"key":"DIG"},{"floor":23,"key":"REST"},{"data":"hermit:HeroicBravado","floor":25,"key":"SMITH"},{"floor":32,"key":"REST"}],"circlet_count":0,"master_deck":["hermit:Strike_Hermit","hermit:Strike_Hermit","hermit:Strike_Hermit","hermit:Strike_Hermit","hermit:Defend_Hermit","hermit:Defend_Hermit","hermit:Defend_Hermit","hermit:Snapshot","hermit:Covet","hermit:DeadOrAlive","hermit:Feint","Injury","hermit:HighCaliber+1","hermit:Quickdraw","hermit:HighNoon","hermit:Shortfuse","hermit:Brawl","hermit:EyeOfTheStorm","hermit:Shortfuse","hermit:ItchyTrigger","hermit:FromBeyond","hermit:HeroicBravado+1","hermit:Vantage+1","hermit:Feint","hermit:Coalescence","hermit:TrackingShot","hermit:FlashPowder","hermit:Dive","hermit:Ricochet","hermit:Virtue+1","hermit:GoldenBullet","hermit:Malice+1","Ghostly","Ghostly","Ghostly","Ghostly","Ghostly","hermit:Magnum","hermit:Grudge","hermit:Gambit","hermit:BigShot","Replay:BasicMightCard","hermit:Spite","hermit:Showdown","hermit:GoldenBullet","hermit:Snipe+1"],"relics":["hermit:Momento","Golden Idol","FaceOfCleric","HornCleat","Prayer Wheel","Odd Mushroom","Lizard Tail","construct:WeddingRing","Ring of Searing","ReplayTheSpireMod:Ring of Collecting","Ring of Panic","hermit:Horseshoe","Lee\u0027s Waffle","Pen Nib"],"acts_visited":["Exordium","TheCity"],"potions_floor_usage":[12,16,16,21,28,30,31,33],"damage_taken":[{"damage":3,"enemies":"Jaw Worm","floor":1,"turns":3},{"damage":0,"enemies":"Small Slimes","floor":4,"turns":2},{"damage":0,"enemies":"Cultist","floor":5,"turns":3},{"damage":35,"enemies":"Lagavulin","floor":6,"turns":7},{"damage":12,"enemies":"3 Louse","floor":7,"turns":5},{"damage":15,"enemies":"The Mushroom Lair","floor":11,"turns":4},{"damage":0,"enemies":"Blue Slaver","floor":12,"turns":1},{"damage":0,"enemies":"Large Slime","floor":14,"turns":5},{"damage":70,"enemies":"The Guardian","floor":16,"turns":9},{"damage":20,"enemies":"3 Byrds","floor":18,"turns":6},{"damage":1,"enemies":"Chosen","floor":20,"turns":4},{"damage":30,"enemies":"Shelled Parasite and Fungi","floor":21,"turns":10},{"damage":0,"enemies":"Snake Plant","floor":22,"turns":4},{"damage":14,"enemies":"Snecko","floor":24,"turns":4},{"damage":12,"enemies":"Cultist and Chosen","floor":28,"turns":5},{"damage":19,"enemies":"conspire:HollyBat","floor":30,"turns":13},{"damage":15,"enemies":"Gremlin Leader","floor":31,"turns":12},{"damage":39,"enemies":"Champ","floor":33,"turns":12}],"seed_played":"7048322492698261641","potions_obtained":[{"floor":6,"key":"Adrenaline Potion"},{"floor":7,"key":"LiquidMemories"},{"floor":12,"key":"Doom Potion"},{"floor":20,"key":"Languid Potion"},{"floor":24,"key":"SkillPotion"},{"floor":31,"key":"EssenceOfSteel"}],"is_trial":false,"path_per_floor":["M","?","?","M","M","E","M","R","T","R","?","M","R","M","R","B",null,"M","?","M","M","M","R","M","R","T","?","M","$","M","E","R","B"],"character_chosen":"HERMIT","items_purchased":["hermit:Gambit","Lee\u0027s Waffle","hermit:BigShot","Replay:BasicMightCard","hermit:Spite","Fire Potion","Adrenaline Potion"],"campfire_rested":4,"item_purchase_floors":[29,29,29,29,29,29,29],"current_hp_per_floor":[72,72,72,73,74,40,29,52,52,52,38,39,63,64,64,37,83,64,64,64,35,36,62,49,49,49,44,33,52,34,20,36,0,0],"gold":66,"neow_bonus":"TRANSFORM_CARD","is_daily":false,"chose_seed":false,"campfire_upgraded":2,"win_rate":0.0,"timestamp":1609238137,"path_taken":["M","?","?","M","M","E","?","R","T","R","?","M","R","M","R","BOSS","M","?","M","M","M","R","M","R","T","?","M","$","M","E","R","BOSS"],"items_purchased_type":["Card","Relic","Card","Card","Card","Potion","Potion"],"build_version":"2020-12-22","purchased_purges":0,"victory":false,"max_hp_per_floor":[75,75,75,76,77,78,79,79,79,79,80,81,81,82,82,83,83,84,84,85,86,87,87,88,88,88,44,45,52,53,54,54,54,54],"card_choices":[{"not_picked":["hermit:Manifest","hermit:NoHoldsBarred"],"picked":"hermit:Feint","floor":1},{"not_picked":["hermit:Horror","hermit:Vantage"],"picked":"hermit:HighCaliber","floor":4},{"not_picked":["hermit:WideOpen","hermit:EyeOfTheStorm"],"picked":"hermit:Quickdraw","floor":5},{"not_picked":["hermit:Desperado","hermit:HoleUp"],"picked":"hermit:HighNoon","floor":6},{"not_picked":["hermit:HighCaliber","hermit:Dive"],"picked":"hermit:Shortfuse","floor":7},{"not_picked":["hermit:EyeOfTheStorm","hermit:Dive"],"picked":"hermit:Brawl","floor":11},{"not_picked":["hermit:Spite","hermit:Headshot"],"picked":"hermit:EyeOfTheStorm","floor":12},{"not_picked":["hermit:Headshot","hermit:PistolWhip"],"picked":"hermit:Shortfuse","floor":12},{"not_picked":["hermit:SprayPray","hermit:NoHoldsBarred"],"picked":"hermit:ItchyTrigger","floor":14},{"not_picked":["hermit:Roulette","hermit:ItchyTrigger"],"picked":"hermit:FromBeyond","floor":14},{"not_picked":["hermit:FatalDesire","hermit:FromBeyond"],"picked":"hermit:HeroicBravado","floor":16},{"not_picked":["hermit:HighCaliber","hermit:SprayPray"],"picked":"hermit:Vantage+1","floor":18},{"not_picked":["hermit:CalledShot","hermit:LoneWolf+1"],"picked":"hermit:Feint","floor":18},{"not_picked":["hermit:LuckOfTheDraw+1","hermit:Vantage+1"],"picked":"hermit:Coalescence","floor":20},{"not_picked":["hermit:Misfire","hermit:Brawl+1"],"picked":"hermit:TrackingShot","floor":20},{"not_picked":["hermit:ItchyTrigger","hermit:Dive"],"picked":"hermit:FlashPowder","floor":21},{"not_picked":["hermit:HoleUp+1","hermit:SprayPray"],"picked":"hermit:Dive","floor":21},{"not_picked":["hermit:Grudge","hermit:SprayPray"],"picked":"hermit:Ricochet","floor":22},{"not_picked":["hermit:Scavenge","hermit:BodyArmor+1"],"picked":"hermit:Virtue+1","floor":22},{"not_picked":["hermit:SprayPray","hermit:HighCaliber"],"picked":"hermit:GoldenBullet","floor":24},{"not_picked":["hermit:WideOpen","hermit:Scavenge"],"picked":"hermit:Malice+1","floor":24},{"not_picked":["hermit:BodyArmor","hermit:Quickdraw"],"picked":"hermit:Magnum","floor":28},{"not_picked":["hermit:Glare","hermit:Feint"],"picked":"hermit:Grudge","floor":28},{"not_picked":["hermit:TrackingShot","hermit:Spite"],"picked":"hermit:Showdown","floor":30},{"not_picked":["hermit:WideOpen","hermit:LowProfile+1"],"picked":"hermit:GoldenBullet","floor":30},{"not_picked":["hermit:BigShot","hermit:Shortfuse"],"picked":"hermit:Snipe+1","floor":31}],"player_experience":92068,"relics_obtained":[{"floor":6,"key":"HornCleat"},{"floor":9,"key":"Prayer Wheel"},{"floor":11,"key":"Odd Mushroom"},{"floor":15,"key":"Lizard Tail"},{"floor":19,"key":"Ring of Searing"},{"floor":19,"key":"ReplayTheSpireMod:Ring of Collecting"},{"floor":26,"key":"Ring of Panic"},{"floor":26,"key":"hermit:Horseshoe"},{"floor":31,"key":"Pen Nib"}],"event_choices":[{"damage_healed":0,"gold_gain":0,"player_choice":"Take Wound","damage_taken":0,"relics_obtained":["Golden Idol"],"max_hp_gain":0,"max_hp_loss":0,"event_name":"Golden Idol","floor":2,"gold_loss":0,"cards_obtained":["Injury"]},{"damage_healed":0,"gold_gain":0,"player_choice":"Trade","damage_taken":0,"relics_obtained":["FaceOfCleric"],"max_hp_gain":0,"max_hp_loss":0,"event_name":"FaceTrader","floor":3,"gold_loss":0},{"damage_healed":0,"gold_gain":0,"player_choice":"Fought Mushrooms","damage_taken":0,"max_hp_gain":0,"max_hp_loss":0,"event_name":"Mushrooms","floor":11,"gold_loss":0},{"damage_healed":0,"gold_gain":0,"player_choice":"Became a Ghost","damage_taken":0,"max_hp_gain":0,"max_hp_loss":44,"event_name":"Ghosts","floor":27,"gold_loss":0,"cards_obtained":["Ghostly","Ghostly","Ghostly","Ghostly","Ghostly"]}],"is_beta":false,"boss_relics":[{"not_picked":["construct:ClawGrip","ChewingGum"],"picked":"construct:WeddingRing"}],"items_purged_floors":[],"is_endless":false,"potions_floor_spawned":[6,7,12,20,24,31],"killed_by":"Champ","ascension_level":0}}