{"host":"dftyqn972q7tuon4","time":1609260151,"event":{"mods":["AchievementEnabler","BaseMod","Better Altar","Better Match","Better Note","Better Sensory Stone","Better Skull","Better Third Choice","Colored Powertips","Highlight Path","Minty Spire (QoL Compilation)","Permanent Neow","Quick Restart","StSLib"],"gold_per_floor":[109,127,127,11,24,55,55,276,276,276,310,328,20,56,56,177,177,193,25,39,52,52,88,109,109,133,58,58,58,79,93,93,218,218,242,258,133,157,173,504,504,544,598,633,633,633,633,676,676,676],"floor_reached":51,"playtime":4110,"items_purged":["Injury","Defend_B","Defend_B"],"score":1026,"play_id":"6cfd5035-44c6-44b2-80f9-f40e4d464460","local_time":"20201229174231","is_ascension_mode":true,"campfire_choices":[{"data":"Defragment","floor":7,"key":"SMITH"},{"floor":10,"key":"REST"},{"data":"Echo Form","floor":15,"key":"SMITH"},{"data":"Apotheosis","floor":32,"key":"SMITH"},{"data":"Seek","floor":41,"key":"SMITH"},{"data":"Madness","floor":46,"key":"SMITH"},{"data":"Madness","floor":49,"key":"SMITH"}],"circlet_count":0,"master_deck":["Defend_B","Zap","Dualcast+1","Undo","Conserve Battery","Cold Snap","Defragment+1","Coolheaded","Seek+1","Hologram","BootSequence","Echo Form+1","Buffer","Ball Lightning+1","Defragment","Barrage","Chill+1","Doom and Gloom","Fusion","Bite","Bite","Bite","Bite","Flash of Steel","Apotheosis+1","Rainbow+1","Madness+1","Madness+1"],"relics":["Cracked Core","Golden Idol","PreservedInsect","Kunai","Gremlin Horn","Emotion Chip","Regal Pillow","Inserter","Singing Bowl","Art of War","Sozu","War Paint","Old Coin","Symbiotic Virus","Juzu Bracelet","StrikeDummy","Pantograph"],"acts_visited":["Exordium","TheCity","TheBeyond"],"potions_floor_usage":[6,11,21,21,40],"damage_taken":[{"damage":1,"enemies":"Cultist","floor":1,"turns":4},{"damage":0,"enemies":"Jaw Worm","floor":2,"turns":4},{"damage":0,"enemies":"2 Louse","floor":5,"turns":2},{"damage":13,"enemies":"Gremlin Nob","floor":6,"turns":5},{"damage":1,"enemies":"3 Sentries","floor":11,"turns":4},{"damage":2,"enemies":"2 Fungi Beasts","floor":12,"turns":3},{"damage":8,"enemies":"Gremlin Nob","floor":14,"turns":4},{"damage":12,"enemies":"Hexaghost","floor":16,"turns":12},{"damage":4,"enemies":"Shell Parasite","floor":18,"turns":9},{"damage":5,"enemies":"Chosen","floor":20,"turns":5},{"damage":15,"enemies":"Snake Plant","floor":21,"turns":6},{"damage":19,"enemies":"Book of Stabbing","floor":23,"turns":5},{"damage":11,"enemies":"Sentry and Sphere","floor":24,"turns":6},{"damage":12,"enemies":"3 Cultists","floor":30,"turns":5},{"damage":0,"enemies":"Centurion and Healer","floor":31,"turns":6},{"damage":12,"enemies":"Champ","floor":33,"turns":7},{"damage":0,"enemies":"Orb Walker","floor":35,"turns":4},{"damage":0,"enemies":"3 Shapes","floor":36,"turns":4},{"damage":12,"enemies":"Jaw Worm Horde","floor":39,"turns":5},{"damage":9,"enemies":"Reptomancer","floor":40,"turns":5},{"damage":4,"enemies":"Giant Head","floor":42,"turns":7},{"damage":17,"enemies":"Nemesis","floor":44,"turns":5},{"damage":25,"enemies":"Giant Head","floor":48,"turns":9},{"damage":58,"enemies":"Time Eater","floor":50,"turns":8}],"seed_played":"-119106627322749533","potions_obtained":[{"floor":2,"key":"EssenceOfDarkness"},{"floor":6,"key":"Fire Potion"},{"floor":12,"key":"Dexterity Potion"},{"floor":14,"key":"SpeedPotion"},{"floor":20,"key":"FearPotion"},{"floor":33,"key":"Fire Potion"}],"is_trial":false,"path_per_floor":["M","M","?","$","M","E","R","?","T","R","E","M","$","E","R","B",null,"M","$","M","M","?","E","M","?","T","?","?","$","M","M","R","B",null,"M","M","$","T","M","E","R","E","T","E","?","R","?","E","R","B",null],"character_chosen":"DEFECT","items_purchased":["Defragment","Emotion Chip","Defragment"],"campfire_rested":1,"item_purchase_floors":[4,13,19],"current_hp_per_floor":[67,67,67,67,67,54,54,36,36,58,57,55,55,47,47,35,65,61,61,56,41,41,22,11,11,11,11,11,11,11,37,37,31,50,58,60,60,60,56,63,63,66,66,60,51,51,51,50,50,24],"gold":676,"neow_bonus":"TRANSFORM_CARD","is_daily":false,"chose_seed":false,"campfire_upgraded":6,"win_rate":0.0,"timestamp":1609260151,"path_taken":["M","M","?","$","M","E","R","?","T","R","E","M","$","E","R","BOSS","M","$","M","M","?","E","M","?","T","?","?","$","M","?","R","BOSS","M","M","$","?","M","E","R","E","T","E","?","R","?","E","R","BOSS"],"items_purchased_type":["Card","Relic","Card"],"build_version":"2020-12-22","purchased_purges":3,"victory":true,"max_hp_per_floor":[75,75,75,75,75,75,75,75,75,75,75,75,75,75,75,75,75,75,75,75,75,75,75,75,52,52,52,52,52,54,56,56,56,56,58,60,60,60,62,64,64,66,66,68,68,68,68,70,70,70],"card_choices":[{"not_picked":["Sweeping Beam","Stack"],"picked":"Conserve Battery","floor":1},{"not_picked":["Turbo","Undo"],"picked":"Cold Snap","floor":2},{"not_picked":["Hologram","Aggregate"],"picked":"Coolheaded","floor":5},{"not_picked":["Stack","Coolheaded"],"picked":"Seek","floor":6},{"not_picked":["Streamline","Coolheaded"],"picked":"Hologram","floor":11},{"not_picked":["Streamline","Leap"],"picked":"BootSequence","floor":12},{"not_picked":["Chill","Go for the Eyes"],"picked":"Echo Form","floor":14},{"not_picked":["Hyperbeam","Biased Cognition"],"picked":"Buffer","floor":16},{"not_picked":["Go for the Eyes+1","Beam Cell"],"picked":"Ball Lightning+1","floor":18},{"not_picked":["Scrape","Redo"],"picked":"Barrage","floor":20},{"not_picked":["Machine Learning","Gash+1"],"picked":"Chill+1","floor":21},{"not_picked":["Heatsinks","Glacier"],"picked":"Doom and Gloom","floor":23},{"not_picked":["Compile Driver+1","Double Energy"],"picked":"Fusion","floor":24},{"not_picked":["Trip","Chrysalis"],"picked":"Flash of Steel","floor":28},{"not_picked":["Discovery","Blind"],"picked":"Apotheosis","floor":28},{"not_picked":["Leap","Hello World","Stack"],"picked":"Singing Bowl","floor":30},{"not_picked":["Redo+1","Coolheaded+1","Sweeping Beam"],"picked":"Singing Bowl","floor":31},{"not_picked":["Hyperbeam","Amplify"],"picked":"Rainbow","floor":33},{"not_picked":["Barrage","Steam+1","Genetic Algorithm"],"picked":"Singing Bowl","floor":35},{"not_picked":["Steam Power+1","Sweeping Beam","Hologram"],"picked":"Singing Bowl","floor":36},{"not_picked":["Turbo","Beam Cell","Leap+1"],"picked":"Singing Bowl","floor":39},{"not_picked":["Turbo+1","Undo","Hologram"],"picked":"Singing Bowl","floor":40},{"not_picked":["Fusion+1","Scrape","Beam Cell+1"],"picked":"Singing Bowl","floor":42},{"not_picked":["White Noise+1","Steam","Amplify"],"picked":"Singing Bowl","floor":44},{"not_picked":["Leap","Redo+1","Beam Cell+1"],"picked":"Singing Bowl","floor":48}],"player_experience":525776,"relics_obtained":[{"floor":6,"key":"PreservedInsect"},{"floor":9,"key":"Kunai"},{"floor":11,"key":"Gremlin Horn"},{"floor":14,"key":"Regal Pillow"},{"floor":23,"key":"Singing Bowl"},{"floor":26,"key":"Art of War"},{"floor":38,"key":"War Paint"},{"floor":40,"key":"Old Coin"},{"floor":42,"key":"Symbiotic Virus"},{"floor":43,"key":"Juzu Bracelet"},{"floor":44,"key":"StrikeDummy"},{"floor":48,"key":"Pantograph"}],"event_choices":[{"damage_healed":0,"gold_gain":0,"player_choice":"Take Wound","damage_taken":0,"relics_obtained":["Golden Idol"],"max_hp_gain":0,"max_hp_loss":0,"event_name":"Golden Idol","floor":3,"gold_loss":0,"cards_obtained":["Injury"]},{"damage_healed":0,"gold_gain":221,"player_choice":"GO GO ","damage_taken":20,"relics_obtained":[],"max_hp_gain":0,"max_hp_loss":0,"event_name":"betterSkull:BetterSkull","floor":8,"gold_loss":0,"cards_upgraded":[]},{"damage_healed":0,"gold_gain":0,"player_choice":"Ignored","damage_taken":0,"max_hp_gain":0,"max_hp_loss":0,"event_name":"Ghosts","floor":22,"gold_loss":0},{"damage_healed":0,"gold_gain":0,"player_choice":"Became a vampire","damage_taken":0,"max_hp_gain":0,"max_hp_loss":23,"event_name":"Vampires","floor":25,"gold_loss":0,"cards_obtained":["Bite","Bite","Bite","Bite","Bite"]},{"cards_removed":["Defend_B"],"damage_healed":0,"gold_gain":0,"player_choice":"Gave Gold","damage_taken":0,"max_hp_gain":0,"max_hp_loss":0,"event_name":"Beggar","floor":27,"gold_loss":75},{"damage_healed":0,"gold_gain":2,"player_choice":"1","damage_taken":0,"max_hp_gain":0,"max_hp_loss":0,"event_name":"betterStone:BetterStone","floor":28,"gold_loss":0},{"damage_healed":0,"gold_gain":0,"player_choice":"Embrace Madness","damage_taken":9,"max_hp_gain":0,"max_hp_loss":0,"event_name":"Winding Halls","floor":45,"gold_loss":0,"cards_obtained":["Madness","Madness"]},{"cards_removed":["Bite"],"damage_healed":0,"gold_gain":0,"player_choice":"Removed Attack","damage_taken":0,"max_hp_gain":0,"max_hp_loss":0,"event_name":"Falling","floor":47,"gold_loss":0}],"is_beta":false,"boss_relics":[{"not_picked":["FrozenCore","Coffee Dripper"],"picked":"Inserter"},{"not_picked":["SlaversCollar","SacredBark"],"picked":"Sozu"}],"items_purged_floors":[4,19,37],"is_endless":false,"potions_floor_spawned":[2,6,12,14,20,33,36,39,42],"ascension_level":6}}