{"host":"J","time":1609259334,"event":{"mods":["AchievementEnabler","BaseMod","Block Reminder","Highlight Path","Minty Spire (QoL Compilation)","Permanent Neow","Quick Restart","Relic Stats","UnlockEverythingMod"],"gold_per_floor":[13,23,42,58,70,70,95,95,95,110,122,122,122,141,141,141,141],"floor_reached":16,"playtime":1287,"items_purged":[],"score":212,"play_id":"143610e6-437e-4fc1-b6a2-608bfe77d9c4","local_time":"20201229172854","is_ascension_mode":true,"campfire_choices":[{"data":"Zap","floor":6,"key":"SMITH"},{"data":"Lockon","floor":8,"key":"SMITH"},{"data":"Dualcast","floor":12,"key":"SMITH"},{"data":"Ball Lightning","floor":15,"key":"SMITH"}],"circlet_count":0,"master_deck":["AscendersBane","Strike_B","Strike_B","Strike_B","Strike_B","Defend_B","Defend_B","Defend_B","Defend_B","Zap+1","Dualcast+1","Ball Lightning+1","Glacier","Lockon+1","Self Repair"],"relics":["Cracked Core","Akabeko","Singing Bowl","Lantern"],"acts_visited":["Exordium"],"potions_floor_usage":[11],"damage_taken":[{"damage":10,"enemies":"Small Slimes","floor":1,"turns":3},{"damage":2,"enemies":"Jaw Worm","floor":2,"turns":3},{"damage":6,"enemies":"2 Louse","floor":3,"turns":3},{"damage":6,"enemies":"Exordium Thugs","floor":4,"turns":5},{"damage":6,"enemies":"Looter","floor":5,"turns":2},{"damage":16,"enemies":"Lagavulin","floor":7,"turns":6},{"damage":9,"enemies":"Red Slaver","floor":10,"turns":2},{"damage":0,"enemies":"Gremlin Gang","floor":11,"turns":3},{"damage":3,"enemies":"Exordium Thugs","floor":14,"turns":5},{"damage":15,"enemies":"Hexaghost","floor":16,"turns":9}],"seed_played":"3258231436674301056","potions_obtained":[{"floor":3,"key":"FearPotion"},{"floor":4,"key":"EssenceOfDarkness"},{"floor":14,"key":"BlessingOfTheForge"}],"is_trial":false,"path_per_floor":["M","M","M","M","M","R","E","R","T","M","M","R","?","M","R","B"],"character_chosen":"DEFECT","items_purchased":[],"campfire_rested":0,"item_purchase_floors":[],"current_hp_per_floor":[68,66,60,54,48,48,32,32,32,23,32,32,27,33,33,18,18],"gold":141,"neow_bonus":"TWENTY_PERCENT_HP_BONUS","is_daily":false,"chose_seed":false,"campfire_upgraded":4,"win_rate":0.0,"timestamp":1609259334,"path_taken":["M","M","M","M","M","R","E","R","T","M","M","R","?","M","R","BOSS"],"items_purchased_type":[],"build_version":"2020-12-18","purchased_purges":0,"victory":false,"max_hp_per_floor":[85,85,85,85,85,85,85,85,85,85,87,87,87,89,89,89,89],"relic_stats":{"Singing Bowl":4,"counters":[10,41],"obtain_stats":[{"Lantern":13,"Singing Bowl":9,"Cracked Core":0,"Akabeko":7},{"Lantern":8,"Singing Bowl":6,"Cracked Core":0,"Akabeko":6},{"Lantern":27,"Singing Bowl":22,"Cracked Core":0,"Akabeko":22}]},"card_choices":[{"not_picked":["Heatsinks","Auto Shields"],"picked":"Ball Lightning","floor":1},{"not_picked":["Leap","Streamline","Hologram"],"picked":"SKIP","floor":2},{"not_picked":["Capacitor","Turbo"],"picked":"Glacier","floor":3},{"not_picked":["Go for the Eyes","FTL"],"picked":"Lockon","floor":4},{"not_picked":["Streamline","Sweeping Beam","Redo"],"picked":"SKIP","floor":5},{"not_picked":["Amplify","Turbo","Coolheaded"],"picked":"SKIP","floor":7},{"not_picked":["Turbo","Hologram"],"picked":"Self Repair","floor":10},{"not_picked":["Chaos","Sweeping Beam","Redo"],"picked":"Singing Bowl","floor":11},{"not_picked":["BootSequence","Coolheaded","Reinforced Body"],"picked":"Singing Bowl","floor":14}],"player_experience":211742,"relics_obtained":[{"floor":7,"key":"Akabeko"},{"floor":9,"key":"Singing Bowl"}],"event_choices":[{"damage_healed":0,"gold_gain":0,"player_choice":"Success","damage_taken":5,"relics_obtained":["Lantern"],"max_hp_gain":0,"max_hp_loss":0,"event_name":"Scrap Ooze","floor":13,"gold_loss":0}],"is_beta":true,"boss_relics":[],"items_purged_floors":[],"is_endless":false,"potions_floor_spawned":[3,4,10,14],"killed_by":"Hexaghost","ascension_level":20}}