{"host":"90x36nu4v14ydotx","time":1609211006,"event":{"mods":["BaseMod","Colored Map","Curses Come First","Downfall","Hubris","Minty Spire (QoL Compilation)","Replay The Spire","StSLib","The Cursed","Wandering Minibosses"],"gold_per_floor":[111,121,121,121,140,140,140,151,151,163,163,26,79,111,111,214,214,231,218,143,166,180,180,180,530,530,547,40,57,70,82,82,182,182,196,243,243,253,264,264,284,284,284,4,15,15,25,53,53,53],"floor_reached":51,"playtime":6139,"items_purged":[],"score":858,"play_id":"835556b0-fb98-4aa1-88b1-e74f41a7b6b8","local_time":"20201228190326","is_ascension_mode":false,"campfire_choices":[{"data":"TheCursedMod:Stigma","floor":6,"key":"SMITH"},{"data":"TheCursedMod:VitalStrike","floor":11,"key":"SMITH"},{"data":"TheCursedMod:FleshFromBone","floor":15,"key":"SMITH"},{"floor":23,"key":"REST"},{"data":"TheCursedMod:CleanUpWorkshop","floor":32,"key":"SMITH"},{"data":"TheCursedMod:RapidMovement","floor":40,"key":"SMITH"},{"floor":42,"key":"RECALL"},{"floor":49,"key":"REST"}],"circlet_count":0,"master_deck":["TheCursedMod:Defend_TheCursed","TheCursedMod:Defend_TheCursed","TheCursedMod:CursedWand","TheCursedMod:CleanUpWorkshop+1","TheCursedMod:SmokeScreen","TheCursedMod:Stigma+1","TheCursedMod:FleshFromBone+1","Parasite","TheCursedMod:Stigma","TheCursedMod:VitalStrike+1","expansioncontent:CaCaw+1","TheCursedMod:CursedBlade+1","TheCursedMod:RapidMovement+1","TheCursedMod:VoidForm+1","Voices","hubris:Disease","TheCursedMod:Hemoplague","TheCursedMod:ManaBullet","Decay","ReplayTheSpireMod:Faulty Equipment","Doubt","TheCursedMod:CursedAmulet","Secret Technique+1","TheCursedMod:SpitefulPlan+1","TheCursedMod:HellfireBreathing","TheCursedMod:NeowsMight+1","Regret","TheCursedMod:ForbiddenAlchemy+1","Clumsy","TheCursedMod:Dregs","hubris:Sloth","TheCursedMod:Grudge+1","TheCursedMod:CircleOfBlood","TheCursedMod:HellfireBreathing","Decay","TheCursedMod:RapidMovement","expansioncontent:QuickStudy+1","Replay:SS_forest_6+1","TheCursedMod:RavingStaff+1","TheCursedMod:ReleasedKnowledge+1","TheCursedMod:Mangle+1","TheCursedMod:SurpriseAttack+1","Delirium"],"relics":["TheCursedMod:BlackMagic101","NeowsBlessing","Golden Egg","Nunchaku","Ancient Tea Set","ReplayFunnel","Kintsugi","Happy Flower","Ring of Misfortune","Ring of Greed","Old Coin","Blue Doll","Pear","Counterbalance","wanderingMiniBosses:OtherGremlinHorn","Replay:Ancient Bell","Replay:Baseball","HornCleat","hubris:Teleporter","hubris:64BitClover","hubris:Icosahedron","ReplayTheSpireMod:Ninjato","Replay:PocketPolymizer"],"acts_visited":["Exordium","TheCity","TheBeyond"],"potions_floor_usage":[14,14,18,27,33,35,36,36,38,38,38,39,39,39,39,39,39,41,45,45,45,46,46,46,46,46,47,47,47,47,48,48,48,50],"damage_taken":[{"damage":0,"enemies":"Cultist","floor":1,"turns":1},{"damage":0,"enemies":"2 Louse","floor":2,"turns":1},{"damage":0,"enemies":"Jaw Worm","floor":5,"turns":1},{"damage":1,"enemies":"2 Fungi Beasts","floor":8,"turns":4},{"damage":10,"enemies":"Exordium Wildlife","floor":10,"turns":5},{"damage":22,"enemies":"3 Sentries","floor":14,"turns":4},{"damage":25,"enemies":"Slime Boss","floor":16,"turns":8},{"damage":44,"enemies":"Spheric Guardian","floor":18,"turns":5},{"damage":15,"enemies":"2 Thieves","floor":19,"turns":6},{"damage":7,"enemies":"Snecko","floor":22,"turns":6},{"damage":0,"enemies":"Centurion and Healer","floor":27,"turns":3},{"damage":0,"enemies":"3 Cultists","floor":29,"turns":5},{"damage":0,"enemies":"Chosen and Byrds","floor":30,"turns":5},{"damage":0,"enemies":"Snake Plant","floor":31,"turns":2},{"damage":0,"enemies":"hubris:MusketHawk","floor":33,"turns":4},{"damage":0,"enemies":"3 Darklings","floor":35,"turns":3},{"damage":0,"enemies":"2 Orb Walkers","floor":36,"turns":4},{"damage":0,"enemies":"Orb Walker","floor":38,"turns":3},{"damage":0,"enemies":"Transient","floor":39,"turns":5},{"damage":0,"enemies":"Maw","floor":41,"turns":8},{"damage":0,"enemies":"Spire Growth","floor":45,"turns":3},{"damage":7,"enemies":"4 Shapes","floor":46,"turns":3},{"damage":0,"enemies":"3 Darklings","floor":47,"turns":2},{"damage":79,"enemies":"Reptomancer","floor":48,"turns":4},{"damage":4,"enemies":"Time Eater","floor":50,"turns":7}],"seed_played":"-6759157912605818112","potions_obtained":[{"floor":8,"key":"DuplicationPotion"},{"floor":10,"key":"champ:CounterPotion"},{"floor":16,"key":"Fire Potion"},{"floor":22,"key":"LifebloodPotion"},{"floor":27,"key":"Slimebound:ThreeZeroPotion"},{"floor":30,"key":"BlessingOfTheForge"},{"floor":31,"key":"Guardian:BlockOnCardUsePotion"},{"floor":33,"key":"PowerPotion"},{"floor":39,"key":"GamblersBrew"},{"floor":41,"key":"Ancient Potion"},{"floor":48,"key":"SteroidPotion"}],"is_trial":false,"path_per_floor":["M","M","T","?","M","R","?","M","T","M","R","$","T","E","R","B",null,"M","M","?","T","M","R","?","?","T","M","$","M","M","M","R","B",null,"M","?","?","M","M","R","M","R","T","$","M","M","M","E","R","B",null],"character_chosen":"THE_CURSED","items_purchased":["expansioncontent:CaCaw","TheCursedMod:CursedBlade","Secret Technique+1","TheCursedMod:SpitefulPlan","Counterbalance","expansioncontent:QuickStudy","Replay:SS_forest_6"],"campfire_rested":2,"item_purchase_floors":[12,12,28,28,28,44,44],"current_hp_per_floor":[75,75,75,75,75,75,75,74,74,64,64,64,64,42,42,17,75,31,16,16,16,9,31,31,31,41,41,41,41,41,41,41,41,85,85,85,85,85,85,85,85,85,85,85,85,85,85,20,45,55],"gold":53,"neow_bonus":"THREE_ENEMY_KILL","is_daily":false,"chose_seed":false,"campfire_upgraded":5,"win_rate":0.0,"timestamp":1609211006,"path_taken":["M","M","?","?","M","R","?","M","T","M","R","$","?","E","R","BOSS","M","M","?","?","M","R","?","?","T","M","$","M","M","M","R","BOSS","M","?","?","M","M","R","M","R","T","?","M","M","M","E","R","BOSS"],"items_purchased_type":["Card","Card","Card","Card","Relic","Card","Card"],"build_version":"2020-12-22","purchased_purges":0,"victory":true,"max_hp_per_floor":[75,75,75,75,75,75,75,75,75,75,75,75,75,75,75,75,75,75,75,75,75,75,75,75,75,85,85,85,85,85,85,85,85,85,85,85,85,85,85,85,85,85,85,85,85,85,85,85,85,85],"card_choices":[{"not_picked":["TheCursedMod:CircleOfCorruption","TheCursedMod:SurpriseAttack"],"picked":"TheCursedMod:SmokeScreen","floor":1},{"not_picked":["TheCursedMod:AbyssShockwave","TheCursedMod:SpitefulStrike"],"picked":"TheCursedMod:Stigma","floor":2},{"not_picked":["TheCursedMod:CircleOfCorruption","TheCursedMod:SpitefulStrike"],"picked":"TheCursedMod:FleshFromBone","floor":5},{"not_picked":["TheCursedMod:CircleOfCorruption","TheCursedMod:Torture"],"picked":"TheCursedMod:Stigma","floor":8},{"not_picked":["TheCursedMod:ManaCirculation","TheCursedMod:Stretching"],"picked":"TheCursedMod:VitalStrike","floor":10},{"not_picked":["TheCursedMod:TacticalStrike","TheCursedMod:SpitefulStrike"],"picked":"TheCursedMod:RapidMovement","floor":14},{"not_picked":["TheCursedMod:OutForBlood","TheCursedMod:Neurasthenia"],"picked":"TheCursedMod:VoidForm","floor":16},{"not_picked":["TheCursedMod:SpitefulStrike","TheCursedMod:EmpowerCircles"],"picked":"TheCursedMod:Hemoplague","floor":18},{"not_picked":["TheCursedMod:Torture","TheCursedMod:HellsGateOpen"],"picked":"TheCursedMod:ManaBullet","floor":19},{"not_picked":["TheCursedMod:EmpowerCircles+1","TheCursedMod:SmokeScreen","TheCursedMod:AbyssShockwave"],"picked":"SKIP","floor":22},{"not_picked":["TheCursedMod:WearCloak","TheCursedMod:HellsGateOpen"],"picked":"TheCursedMod:CursedAmulet","floor":27},{"not_picked":["TheCursedMod:WearCloak","TheCursedMod:SoulCrush"],"picked":"TheCursedMod:HellfireBreathing","floor":29},{"not_picked":["TheCursedMod:CursedShiv+1","TheCursedMod:FleshFromBone+1"],"picked":"TheCursedMod:NeowsMight","floor":30},{"not_picked":["TheCursedMod:HellsGateOpen","TheCursedMod:ReleasedStrength+1","TheCursedMod:CursedArmor"],"picked":"SKIP","floor":31},{"not_picked":["TheCursedMod:ShockAndAwe","TheCursedMod:DarkBarrier"],"picked":"TheCursedMod:ForbiddenAlchemy","floor":33},{"not_picked":["Amnesia","Slimebound:Icky"],"picked":"Clumsy","floor":34},{"not_picked":["Amnesia","ReplayTheSpireMod:Faulty Equipment"],"picked":"TheCursedMod:Dregs","floor":34},{"not_picked":["hexamod:Haunted","Clumsy"],"picked":"hubris:Sloth","floor":34},{"not_picked":["TheCursedMod:Hemoplague","TheCursedMod:ReleasedStrength+1"],"picked":"TheCursedMod:Grudge+1","floor":35},{"not_picked":["TheCursedMod:ManaBullet+1","TheCursedMod:CircleOfFlame"],"picked":"TheCursedMod:CircleOfBlood","floor":38},{"not_picked":["TheCursedMod:BlessingInDisguise+1","TheCursedMod:CircleOfCorruption"],"picked":"TheCursedMod:HellfireBreathing","floor":39},{"not_picked":["TheCursedMod:SmokeScreen+1","TheCursedMod:SoulReap"],"picked":"TheCursedMod:RapidMovement","floor":41},{"not_picked":["TheCursedMod:FuryStrike+1","TheCursedMod:Stretching+1"],"picked":"TheCursedMod:RavingStaff+1","floor":45},{"not_picked":["TheCursedMod:CursedStaff","TheCursedMod:Obscuration+1"],"picked":"TheCursedMod:ReleasedKnowledge+1","floor":46},{"not_picked":["TheCursedMod:ShockAndAwe","TheCursedMod:CursedShiv+1"],"picked":"TheCursedMod:Mangle+1","floor":47},{"not_picked":["TheCursedMod:OutForBlood","TheCursedMod:Stigma+1"],"picked":"TheCursedMod:SurpriseAttack+1","floor":48}],"player_experience":124305,"relics_obtained":[{"floor":3,"key":"Golden Egg"},{"floor":9,"key":"Nunchaku"},{"floor":13,"key":"Ancient Tea Set"},{"floor":14,"key":"ReplayFunnel"},{"floor":21,"key":"Happy Flower"},{"floor":25,"key":"Ring of Misfortune"},{"floor":25,"key":"Ring of Greed"},{"floor":25,"key":"Old Coin"},{"floor":25,"key":"Blue Doll"},{"floor":26,"key":"Pear"},{"floor":30,"key":"wanderingMiniBosses:OtherGremlinHorn"},{"floor":36,"key":"hubris:64BitClover"},{"floor":43,"key":"ReplayTheSpireMod:Ninjato"},{"floor":48,"key":"Replay:PocketPolymizer"}],"event_choices":[{"damage_healed":18,"gold_gain":0,"player_choice":"Healed and dodged fight","damage_taken":0,"max_hp_gain":0,"max_hp_loss":0,"event_name":"Mushrooms","floor":7,"gold_loss":0,"cards_obtained":["Parasite"]},{"cards_removed":["TheCursedMod:Dregs"],"damage_healed":0,"gold_gain":0,"player_choice":"Gave Gold","damage_taken":0,"max_hp_gain":0,"max_hp_loss":0,"event_name":"Beggar","floor":20,"gold_loss":75},{"damage_healed":0,"gold_gain":0,"player_choice":"Smashed Altar","damage_taken":0,"max_hp_gain":0,"max_hp_loss":0,"event_name":"Forgotten Altar","floor":24,"gold_loss":0,"cards_obtained":["Decay"]},{"damage_healed":0,"gold_gain":0,"player_choice":"Fight","damage_taken":0,"max_hp_gain":0,"max_hp_loss":0,"event_name":"Mysterious Sphere","floor":36,"gold_loss":0}],"is_beta":false,"boss_relics":[{"not_picked":["Empty Cage","Sozu"],"picked":"Kintsugi"},{"not_picked":["Velvet Choker","hubris:HollowSoul"],"picked":"Replay:Ancient Bell"},{"not_picked":["Replay:Bandana","Juzu Bracelet"],"picked":"Replay:Baseball"},{"not_picked":["Replay:Bottled Steam","hubris:DeckOfHolding"],"picked":"HornCleat"},{"not_picked":["hubris:AstralHammer","TheCursedMod:MagicCandle"],"picked":"hubris:Teleporter"}],"items_purged_floors":[],"is_endless":false,"potions_floor_spawned":[8,10,16,22,27,30,31,33,35,39,41,48],"ascension_level":0}}