{"host":"cvi30shpqg1ukvbr","time":1609238884,"event":{"mods":["Act Like it!","BaseMod","Better Altar","Better Match","Better Note","Better Sensory Stone","Better Skull","Better Third Choice","Conspire","GifTheSpireLib","Hubris","Infinite Spire","Minty Spire (QoL Compilation)","Relic Stats","Replay The Spire","Shop Mod","Spicy Shops","StSLib","Stuff the Spire"],"gold_per_floor":[115,131,147,147,161,196,213,248,248,279,27,27,84,103,103,199,199,214,229,246,246,246,277,277,290,290,14,14,25,54,54,54,151,151,162,162,175,195,61,61,87,104,104,104,104,122,154,429,429,429,429,429,134,162,162],"floor_reached":56,"playtime":2743,"items_purged":["ReplayTheSpireMod:Splinters","Looming Evil"],"score":1340,"play_id":"ef7c32b0-7ee6-4e7b-b4a9-192ffd7e51ff","local_time":"20201229194804","is_ascension_mode":true,"campfire_choices":[{"data":"Uppercut","floor":12,"key":"SMITH"},{"data":"Armaments","floor":15,"key":"SMITH"},{"data":"conspire:Purge","floor":24,"key":"SMITH"},{"data":"Berserk","floor":28,"key":"SMITH"},{"data":"Brutality","floor":32,"key":"SMITH"},{"floor":40,"key":"RECALL"},{"data":"Limit Break","floor":44,"key":"SMITH"},{"floor":49,"key":"REST"},{"data":"infinitespire:NeuralNetwork","floor":52,"key":"SMITH"}],"circlet_count":0,"master_deck":["Strike_R","Strike_R","Defend_R","Defend_R","Defend_R","Defend_R","Bash","Headbutt","Heavy Blade","Uppercut+1","Spot Weakness","True Grit","ReplayTheSpireMod:Muscle Training","Dual Wield","Brutality+1","Armaments+1","Inflame","Intimidate","Reaper","AbeCurse","StuffTheSpire:Incineration","Reckless Charge+1","Double Tap+1","Double Tap+1","conspire:Purge+1","ReplayTheSpireMod:LeadingStrike+1","Disarm","Berserk+1","StuffTheSpire:Incineration","ReplayTheSpireMod:Muscle Training","Rage+1","Limit Break+1","Armaments+1","Evolve","Heavy Blade+1","Spot Weakness","infinitespire:NeuralNetwork+1","infinitespire:Gouge"],"relics":["Burning Blood","hubris:Spice","StuffTheSpire:Wildfire","StoneCalendar","hubris:SphereOfDissonance","Pen Nib","Abe\u0027s Treasure","conspire:GiftBox","Bottled Tornado","Mark of Pain","Incense Burner","StuffTheSpire:Gunfinga","Charon\u0027s Ashes","Torii"],"acts_visited":["Exordium","TheCity","TheBeyond","TheEnding"],"potions_floor_usage":[6,23,47,55],"damage_taken":[{"damage":1,"enemies":"conspire:RoseBush","floor":1,"turns":3},{"damage":2,"enemies":"2 Louse","floor":2,"turns":3},{"damage":10,"enemies":"Jaw Worm","floor":3,"turns":4},{"damage":7,"enemies":"Looter","floor":5,"turns":3},{"damage":10,"enemies":"Gremlin Nob","floor":6,"turns":4},{"damage":9,"enemies":"Red Slaver","floor":7,"turns":3},{"damage":21,"enemies":"3 Sentries","floor":8,"turns":6},{"damage":15,"enemies":"Gremlin Nob","floor":10,"turns":4},{"damage":18,"enemies":"Exordium Wildlife","floor":14,"turns":3},{"damage":7,"enemies":"Slime Boss","floor":16,"turns":7},{"damage":11,"enemies":"2 Thieves","floor":18,"turns":4},{"damage":28,"enemies":"3 Byrds","floor":19,"turns":5},{"damage":14,"enemies":"Centurion and Healer","floor":20,"turns":4},{"damage":13,"enemies":"Gremlin Leader","floor":23,"turns":6},{"damage":11,"enemies":"Cultist and Chosen","floor":25,"turns":3},{"damage":9,"enemies":"Snake Plant","floor":29,"turns":3},{"damage":25,"enemies":"conspire:SneckoGhost","floor":30,"turns":6},{"damage":14,"enemies":"Champ","floor":33,"turns":6},{"damage":1,"enemies":"Orb Walker","floor":35,"turns":2},{"damage":24,"enemies":"3 Darklings","floor":37,"turns":3},{"damage":20,"enemies":"Sphere and 2 Shapes","floor":38,"turns":7},{"damage":10,"enemies":"Giant Head","floor":41,"turns":5},{"damage":3,"enemies":"Jaw Worm Horde","floor":42,"turns":3},{"damage":17,"enemies":"Maw","floor":46,"turns":5},{"damage":30,"enemies":"Reptomancer","floor":47,"turns":4},{"damage":67,"enemies":"infinitespire:MassOfShapes","floor":50,"turns":5},{"damage":4,"enemies":"Shield and Spear","floor":54,"turns":3},{"damage":92,"enemies":"The Heart","floor":55,"turns":6}],"seed_played":"-2066451073762138012","potions_obtained":[{"floor":3,"key":"LiquidMemories"},{"floor":6,"key":"Fruit Juice"},{"floor":7,"key":"DistilledChaos"},{"floor":8,"key":"ColorlessPotion"},{"floor":13,"key":"Regen Potion"},{"floor":23,"key":"Fire Potion"},{"floor":25,"key":"BloodPotion"},{"floor":47,"key":"LiquidMemories"}],"is_trial":false,"path_per_floor":["M","M","M","?","M","E","M","E","T","E","$","R","?","M","R","B",null,"M","M","M","?","?","E","R","M","T","$","R","M","E","?","R","B",null,"M","$","M","M","$","R","E","M","T","R","AVR","M","E","?","R","B",null,"R","$","E","B",null],"character_chosen":"IRONCLAD","items_purchased":["hubris:SphereOfDissonance","Berserk","StuffTheSpire:Incineration","Evolve","Torii"],"campfire_rested":1,"item_purchase_floors":[11,27,27,39,53],"current_hp_per_floor":[80,80,76,81,80,89,86,71,71,62,62,62,62,50,50,49,90,90,72,64,64,64,72,72,67,67,67,67,64,82,82,82,82,82,82,82,82,68,68,68,82,82,82,82,82,71,47,47,71,10,82,82,82,82,57],"gold":162,"neow_bonus":"ONE_RARE_RELIC","is_daily":false,"chose_seed":false,"campfire_upgraded":7,"win_rate":0.0,"timestamp":1609238884,"path_taken":["M","M","M","?","M","E","M","E","T","E","$","R","?","M","R","BOSS","M","M","M","?","?","E","R","M","T","$","R","?","E","?","R","BOSS","M","$","?","M","$","R","E","M","T","R","AVR","M","E","?","R","BOSS","R","$","E","BOSS"],"items_purchased_type":["Relic","Card","Card","Card","Relic"],"build_version":"2020-12-22","purchased_purges":2,"victory":true,"max_hp_per_floor":[80,80,80,85,85,98,98,98,98,90,90,90,90,90,90,90,90,90,90,90,90,90,90,90,90,90,90,90,90,90,82,82,82,82,82,82,82,82,82,82,82,82,82,82,82,82,82,82,82,82,82,82,82,82,82],"relic_stats":{"Torii":40,"counters":[28,120],"StoneCalendar":[20],"Pen Nib":[20],"Charon\u0027s Ashes":[87],"obtain_stats":[{"Torii":53,"hubris:SphereOfDissonance":11,"StuffTheSpire:Wildfire":8,"StoneCalendar":9,"Pen Nib":13,"Charon\u0027s Ashes":47,"Incense Burner":43,"Bottled Tornado":30,"Burning Blood":0,"conspire:GiftBox":23,"StuffTheSpire:Gunfinga":45,"hubris:Spice":0,"Mark of Pain":34,"Abe\u0027s Treasure":17},{"Torii":26,"hubris:SphereOfDissonance":8,"StuffTheSpire:Wildfire":7,"StoneCalendar":7,"Pen Nib":8,"Charon\u0027s Ashes":25,"Incense Burner":23,"Bottled Tornado":17,"Burning Blood":0,"conspire:GiftBox":14,"StuffTheSpire:Gunfinga":23,"hubris:Spice":0,"Mark of Pain":18,"Abe\u0027s Treasure":10},{"Torii":111,"hubris:SphereOfDissonance":30,"StuffTheSpire:Wildfire":26,"StoneCalendar":26,"Pen Nib":30,"Charon\u0027s Ashes":106,"Incense Burner":97,"Bottled Tornado":71,"Burning Blood":0,"conspire:GiftBox":59,"StuffTheSpire:Gunfinga":97,"hubris:Spice":0,"Mark of Pain":77,"Abe\u0027s Treasure":40}],"Burning Blood":129},"card_choices":[{"not_picked":["Shrug It Off","ReplayTheSpireMod:Strike From Hell"],"picked":"Headbutt","floor":1},{"not_picked":["Iron Wave","True Grit"],"picked":"Heavy Blade","floor":2},{"not_picked":["StuffTheSpire:BloodClot","Run Through"],"picked":"Uppercut","floor":3},{"not_picked":["conspire:ExplosiveBarrier","Cleave"],"picked":"Spot Weakness","floor":5},{"not_picked":["Havoc","Body Slam"],"picked":"True Grit","floor":6},{"not_picked":["Replay:Undeath\u0027s Touch","Shrug It Off"],"picked":"ReplayTheSpireMod:Muscle Training","floor":7},{"not_picked":["Entrench","ReplayTheSpireMod:Strike From Hell"],"picked":"Dual Wield","floor":8},{"not_picked":["Pommel Strike","Replay:Undeath\u0027s Touch"],"picked":"Brutality","floor":10},{"not_picked":["hubris:SpiceAddiction","Run Through"],"picked":"Armaments","floor":13},{"not_picked":["StuffTheSpire:BloodClot","Warcry"],"picked":"Inflame","floor":13},{"not_picked":["Body Slam","hubris:CleavingFinish"],"picked":"Intimidate","floor":14},{"not_picked":["Corruption","Feed"],"picked":"Reaper","floor":16},{"not_picked":["Infernal Blade","hubris:SpiceAddiction"],"picked":"StuffTheSpire:Incineration","floor":18},{"not_picked":["Run Through+1","Reckless Charge","Clash"],"picked":"SKIP","floor":19},{"not_picked":["hubris:SpiceAddiction","Entrench"],"picked":"Reckless Charge+1","floor":20},{"not_picked":["Demonic Infusion","Bludgeon"],"picked":"conspire:Purge","floor":23},{"not_picked":["Warcry","conspire:HitWhereItHurts"],"picked":"ReplayTheSpireMod:LeadingStrike+1","floor":23},{"not_picked":["Run Through","Power Through"],"picked":"Disarm","floor":25},{"not_picked":["StuffTheSpire:Incineration+1","Massacre"],"picked":"ReplayTheSpireMod:Muscle Training","floor":29},{"not_picked":["Clothesline+1","Twin Strike"],"picked":"Rage+1","floor":30},{"not_picked":["hubris:SpiceAddiction","hubris:SpiceAddiction"],"picked":"Limit Break","floor":33},{"not_picked":["Bloodletting+1","Life Link"],"picked":"Armaments+1","floor":35},{"not_picked":["Run Through","StuffTheSpire:RockThrow+1","Sword Boomerang"],"picked":"SKIP","floor":37},{"not_picked":["Body Slam","Uppercut","Run Through"],"picked":"SKIP","floor":38},{"not_picked":["Wild Strike","Twin Strike"],"picked":"Heavy Blade+1","floor":41},{"not_picked":["Evolve+1","hubris:SpiceAddiction"],"picked":"Spot Weakness","floor":42},{"not_picked":["Sentinel+1","Wild Strike","Headbutt"],"picked":"SKIP","floor":46},{"not_picked":["ReplayTheSpireMod:Strike From Hell","hubris:SpiceAddiction","hubris:StunningStrike"],"picked":"SKIP","floor":47},{"not_picked":["Whirlwind+1","Thunderclap+1","hubris:SpiceAddiction"],"picked":"SKIP","floor":54}],"player_experience":1780807,"relics_obtained":[{"floor":6,"key":"hubris:Spice"},{"floor":8,"key":"StuffTheSpire:Wildfire"},{"floor":9,"key":"StoneCalendar"},{"floor":10,"key":"hubris:Spice"},{"floor":13,"key":"Pen Nib"},{"floor":23,"key":"conspire:GiftBox"},{"floor":30,"key":"Bottled Tornado"},{"floor":43,"key":"Incense Burner"},{"floor":47,"key":"Charon\u0027s Ashes"}],"event_choices":[{"damage_healed":0,"gold_gain":0,"player_choice":"Donut","damage_taken":0,"max_hp_gain":5,"max_hp_loss":0,"event_name":"Big Fish","floor":4,"gold_loss":0},{"cards_removed":["Uppercut"],"damage_healed":0,"gold_gain":0,"player_choice":"Take \u0026 Give","damage_taken":0,"max_hp_gain":0,"max_hp_loss":0,"event_name":"betterNote:BetterNote","floor":21,"gold_loss":0,"cards_obtained":["Double Tap"]},{"damage_healed":0,"gold_gain":0,"player_choice":"Copied","damage_taken":0,"max_hp_gain":0,"max_hp_loss":0,"event_name":"Duplicator","floor":22,"gold_loss":0,"cards_obtained":["Double Tap"]},{"damage_healed":0,"gold_gain":275,"player_choice":"Desecrate","damage_taken":0,"max_hp_gain":0,"max_hp_loss":0,"event_name":"Golden Shrine","floor":48,"gold_loss":0,"cards_obtained":["Regret"]}],"is_beta":false,"boss_relics":[{"not_picked":["hubris:Spice","hubris:Spice"],"picked":"Abe\u0027s Treasure"},{"not_picked":["hubris:Spice","ChewingGum"],"picked":"Mark of Pain"}],"items_purged_floors":[27,39],"is_endless":false,"potions_floor_spawned":[3,6,7,8,14,19,23,25,33,35,41,46,47],"ascension_level":1}}