{"host":"3dz0gicyzigf6cpm","time":1609226164,"event":{"mods":["AchievementEnabler","BaseMod","Minty Spire (QoL Compilation)"],"gold_per_floor":[119,44,44,44,62,62,87,100,155,165,165,200,212,247,259,367,379,404,331,311,336,364,376,388,400,435,460,472,497,68,68,68,68,68],"floor_reached":33,"playtime":7876,"items_purged":["Strike_G","Defend_G"],"score":317,"play_id":"fcf95eb7-39fa-45ba-a98a-d0bfc26a4b2e","local_time":"20201229031604","is_ascension_mode":false,"campfire_choices":[{"data":"Skewer","floor":6.0,"key":"SMITH"},{"floor":11.0,"key":"REST"},{"floor":15.0,"key":"REST"},{"floor":23.0,"key":"REST"},{"floor":25.0,"key":"REST"},{"data":"Bullet Time","floor":32.0,"key":"SMITH"}],"circlet_count":0,"master_deck":["Strike_G","Strike_G","Defend_G","Defend_G","Defend_G","Survivor","Neutralize","Skewer+1","PiercingWail","Footwork","Bouncing Flask","Deadly Poison","Bullet Time","Bane","Acrobatics","Dash","Flying Knee","Acrobatics","Leg Sweep","Bullet Time+1"],"relics":["Ring of the Snake","Toy Ornithopter","Smiling Mask","Pen Nib","MawBank","HoveringKite","Juzu Bracelet","Regal Pillow","Pear"],"acts_visited":["Exordium","TheCity"],"potions_floor_usage":[],"damage_taken":[{"damage":2.0,"enemies":"2 Louse","floor":1.0,"turns":4.0},{"damage":2.0,"enemies":"Cultist","floor":5.0,"turns":5.0},{"damage":35.0,"enemies":"Gremlin Nob","floor":7.0,"turns":5.0},{"damage":4.0,"enemies":"Small Slimes","floor":8.0,"turns":4.0},{"damage":10.0,"enemies":"Looter","floor":10.0,"turns":3.0},{"damage":19.0,"enemies":"Lagavulin","floor":12.0,"turns":11.0},{"damage":3.0,"enemies":"Exordium Wildlife","floor":13.0,"turns":4.0},{"damage":0.0,"enemies":"Gremlin Nob","floor":14.0,"turns":3.0},{"damage":37.0,"enemies":"Hexaghost","floor":16.0,"turns":12.0},{"damage":10.0,"enemies":"Chosen","floor":18.0,"turns":4.0},{"damage":17.0,"enemies":"2 Thieves","floor":20.0,"turns":5.0},{"damage":53.0,"enemies":"Centurion and Healer","floor":21.0,"turns":11.0},{"damage":18.0,"enemies":"Snake Plant","floor":22.0,"turns":5.0},{"damage":2.0,"enemies":"Snecko","floor":27.0,"turns":4.0},{"damage":12.0,"enemies":"Centurion and Healer","floor":29.0,"turns":9.0},{"damage":85,"enemies":"Collector","floor":33,"turns":6}],"seed_played":"-9065613747652132598","potions_obtained":[{"floor":1.0,"key":"Block Potion"},{"floor":7.0,"key":"FairyPotion"},{"floor":8.0,"key":"CultistPotion"},{"floor":12.0,"key":"GamblersBrew"},{"floor":16.0,"key":"SpeedPotion"},{"floor":20.0,"key":"ColorlessPotion"},{"floor":21.0,"key":"Strength Potion"},{"floor":27.0,"key":"PowerPotion"}],"is_trial":false,"path_per_floor":["M","$","?","?","M","R","E","M","T","M","R","E","M","E","R","B",null,"M","?","M","M","M","R","?","R","T","M","?","M","$","?","R","B"],"character_chosen":"THE_SILENT","items_purchased":["Bullet Time","Pear"],"campfire_rested":4,"item_purchase_floors":[30,30],"current_hp_per_floor":[75,75,75,75,73,73,38,34,34,29,52,33,30,35,58,26,77,67,67,50,2,8,31,31,54,54,52,52,45,55,84,84,0,0],"gold":68,"neow_bonus":"TEN_PERCENT_HP_BONUS","is_daily":false,"chose_seed":false,"campfire_upgraded":2,"win_rate":0.0,"timestamp":1609226164,"path_taken":["M","$","?","?","?","R","E","M","T","M","R","E","M","E","R","BOSS","M","?","M","M","M","R","?","R","T","M","?","M","$","?","R","BOSS"],"items_purchased_type":["Card","Relic"],"build_version":"2020-12-22","purchased_purges":2,"victory":false,"max_hp_per_floor":[77,77,77,77,77,77,77,77,77,77,77,77,77,77,77,77,77,77,77,77,77,77,77,77,77,77,77,77,77,87,87,87,87,87],"card_choices":[{"not_picked":["Dagger Spray","Sucker Punch"],"picked":"Skewer","floor":1.0},{"not_picked":["Riddle With Holes","Accuracy","Well Laid Plans"],"picked":"SKIP","floor":5.0},{"not_picked":["Catalyst","Masterful Stab"],"picked":"PiercingWail","floor":7.0},{"not_picked":["Cloak And Dagger","Slice","Bane"],"picked":"SKIP","floor":8.0},{"not_picked":["Slice","Flying Knee"],"picked":"Footwork","floor":10.0},{"not_picked":["Cloak And Dagger","Dodge and Roll"],"picked":"Bouncing Flask","floor":12.0},{"not_picked":["Bouncing Flask","Dodge and Roll","Reflex"],"picked":"SKIP","floor":13.0},{"not_picked":["Escape Plan","Endless Agony"],"picked":"Deadly Poison","floor":14.0},{"not_picked":["Night Terror","Tools of the Trade"],"picked":"Bullet Time","floor":16.0},{"not_picked":["Sucker Punch","Dagger Throw+1"],"picked":"Bane","floor":18.0},{"not_picked":["Tactician","Distraction","Flying Knee"],"picked":"SKIP","floor":20.0},{"not_picked":["Flechettes+1","Cloak And Dagger"],"picked":"Acrobatics","floor":21.0},{"not_picked":["Outmaneuver","Dodge and Roll"],"picked":"Dash","floor":22.0},{"not_picked":["Sucker Punch","Deadly Poison","Leg Sweep"],"picked":"SKIP","floor":27.0},{"not_picked":["PiercingWail","Cloak And Dagger+1"],"picked":"Leg Sweep","floor":29.0}],"player_experience":69951,"relics_obtained":[{"floor":7.0,"key":"Toy Ornithopter"},{"floor":9.0,"key":"Smiling Mask"},{"floor":12.0,"key":"Pen Nib"},{"floor":14.0,"key":"MawBank"},{"floor":26.0,"key":"Regal Pillow"}],"event_choices":[{"damage_healed":0.0,"max_hp_gain":0.0,"max_hp_loss":0.0,"gold_gain":0.0,"event_name":"The Cleric","player_choice":"Leave","floor":3.0,"gold_loss":0.0,"damage_taken":0.0},{"damage_healed":0.0,"max_hp_gain":0.0,"max_hp_loss":0.0,"gold_gain":0.0,"event_name":"Purifier","player_choice":"Ignored","floor":4.0,"gold_loss":0.0,"damage_taken":0.0},{"damage_healed":0.0,"max_hp_gain":0.0,"max_hp_loss":0.0,"gold_gain":0.0,"event_name":"Addict","player_choice":"Obtained Relic","floor":19.0,"gold_loss":85.0,"damage_taken":0.0,"relics_obtained":["Juzu Bracelet"]},{"damage_healed":0.0,"max_hp_gain":0.0,"max_hp_loss":0.0,"gold_gain":0.0,"cards_transformed":["Strike_G","Defend_G"],"event_name":"Drug Dealer","player_choice":"Became Test Subject","floor":24.0,"gold_loss":0.0,"damage_taken":0.0,"cards_obtained":["Flying Knee","Acrobatics"]},{"cards_removed":["Strike_G"],"damage_healed":0.0,"max_hp_gain":0.0,"max_hp_loss":0.0,"gold_gain":0.0,"event_name":"Back to Basics","player_choice":"Elegance","floor":28.0,"gold_loss":0.0,"damage_taken":0.0},{"damage_healed":29.0,"max_hp_gain":0.0,"max_hp_loss":0.0,"gold_gain":0.0,"event_name":"The Library","player_choice":"Heal","floor":31.0,"gold_loss":0.0,"damage_taken":0.0}],"is_beta":false,"boss_relics":[{"not_picked":["Calling Bell","Philosopher\u0027s Stone"],"picked":"HoveringKite"}],"items_purged_floors":[2,30],"is_endless":false,"potions_floor_spawned":[1,7,8,12,16,20,21,27],"killed_by":"Collector","ascension_level":0}}