{"host":"0hb9w7uizu7y13wj","time":1609261606,"event":{"mods":["Act Like it!","Aspiration","BaseMod","BetterRewards","Colored Map","Conspire","Downfall","Energized Spire","FTL Soundtrack","Friendly Minions","Halation","Hubris","Infinite Spire","Minty Spire (QoL Compilation)","Quick Restart","Replay The Spire","StSLib","Synergy Search","The Factory","The Hierophant","The Jungle","The Poker Player","Trackpad","everything is the same but u backflip on backflip","vexMod"],"gold_per_floor":[112,56,56,56,75,101,111,143,143,18,38,64,64,93,93,172,172,184,194,205,205,216,247,266,301,325,342,376,376,226,226,226,313,413,453,500,500,550,597,667,735,821,858,955,967,979,1095,1107,1119,1145,1167,1179,1191,1511,3128,3156],"floor_reached":57,"playtime":1746,"items_purged":["Defend_R","Defend_R","Defend_R","Defend_R","Pot Of Greed","Pot Of Greed"],"score":5214,"play_id":"0bd20053-57a3-4f0d-b377-158a7d63fe9b","local_time":"20201229170645","is_ascension_mode":true,"campfire_choices":[{"data":"Bash","floor":15,"key":"SMITH"},{"data":"champ:GutPunch","floor":29,"key":"SMITH"},{"data":"champ:CrookedStrike","floor":32,"key":"SMITH"},{"floor":49,"key":"RECALL"},{"data":"hubris:EnhanceAbility","floor":53,"key":"SMITH"}],"circlet_count":0,"master_deck":["AscendersBane","Strike_R","Strike_R","Strike_R","Strike_R","Strike_R","Bash+1","Metallicize+1","Specialist","Inflame","expansioncontent:HyperBeam","expansioncontent:DashGenerateEvil","Massacre","infinitespire:OneForAll+1","expansioncontent:DashGenerateEvil","Twin Strike","hubris:StunningStrike","Pummel","Whirlwind+1","champ:CrookedStrike+1","BowlingBash","Dagger Spray","Brutality","Electrodynamics","SashWhip","infinitespire:SevenWalls","infinitespire:DeathsTouch","champ:GutPunch+1","hexamod:SpectersWail","hubris:EnhanceAbility+1","CurseOfTheBell","Barricade","Delirium","Dramatic Entrance+1","Metallicize+1","ReplayTheSpireMod:LeadingStrike","Pot Of Greed"],"relics":["Burning Blood","Incense Burner","Du-Vu Doll","Replay:PocketPolymizer","Counterbalance","Replay:Bottled Eggs","trackpad:BerserkersDraught","Guardian:PocketSentry","PrismaticShard","CaptainsWheel","Dream Catcher","Replay:Wax Seal","Orichalcum","hubris:ChampionShield","Bag of Preparation","Ooze Armor","hubris:Backtick","Durian","Replay:Rubber Ducky","Potion Belt","ReplayTheSpireMod:Lightbulb","ReplayFunnel","Grinning Jar","infinitespire:EvilPickle","Replay:Grab Bag","Cursed Key","Replay:Wanted Poster","SlaversCollar","Calling Bell","Replay:Rubber Ducky","Shuriken","conspire:InfiniteJournal","conspire:GiftBox","Replay:Bandana","MawBank","infinitespire:Satchel","trackpad:CultistFigurine","hubris:NiceRug","trackpad:WritersBlock","halation:PromiseList","DollysMirror","aspiration:AnachronicSnailShell"],"acts_visited":["Exordium","TheCity","TheBeyond","TheEnding"],"potions_floor_usage":[51,56,56,56],"damage_taken":[{"damage":0.0,"enemies":"Cultist","floor":1.0,"turns":2.0},{"damage":0.0,"enemies":"2 Louse","floor":5.0,"turns":1.0},{"damage":7,"enemies":"Replay:BlueRogue","floor":6,"turns":2},{"damage":2,"enemies":"conspire:RoseBush","floor":7,"turns":1},{"damage":0,"enemies":"Lagavulin","floor":8,"turns":2},{"damage":0,"enemies":"Red Slaver","floor":11,"turns":1},{"damage":0,"enemies":"Replay:BlueRogue","floor":12,"turns":1},{"damage":2,"enemies":"Lagavulin","floor":14,"turns":3},{"damage":0,"enemies":"Slime Boss","floor":16,"turns":2},{"damage":0,"enemies":"2 Thieves","floor":18,"turns":1},{"damage":0,"enemies":"3 Byrds","floor":19,"turns":1},{"damage":0,"enemies":"Centurion and Healer","floor":20,"turns":1},{"damage":0,"enemies":"Chosen and Byrds","floor":22,"turns":2},{"damage":0,"enemies":"Nightmare","floor":23,"turns":3},{"damage":0,"enemies":"Snake Plant","floor":24,"turns":1},{"damage":0,"enemies":"Gremlin Leader","floor":25,"turns":1},{"damage":0,"enemies":"Centurion and Healer","floor":27,"turns":1},{"damage":0,"enemies":"conspire:SneckoGhost","floor":28,"turns":1},{"damage":0,"enemies":"Pondfish","floor":33,"turns":3},{"damage":4,"enemies":"3 Shapes","floor":35,"turns":1},{"damage":0,"enemies":"3 Darklings","floor":36,"turns":1},{"damage":0,"enemies":"Jaw Worm Horde","floor":38,"turns":1},{"damage":0,"enemies":"Writhing Mass","floor":39,"turns":1},{"damage":0,"enemies":"Reptomancer","floor":40,"turns":1},{"damage":0,"enemies":"3 Darklings","floor":41,"turns":1},{"damage":0,"enemies":"Nightmare","floor":42,"turns":1},{"damage":0,"enemies":"Maw","floor":44,"turns":1},{"damage":0,"enemies":"R_Hoarder","floor":47,"turns":1},{"damage":0,"enemies":"Donu and Deca","floor":50,"turns":1},{"damage":0,"enemies":"Time Eater","floor":51,"turns":1},{"damage":0,"enemies":"hubris:Merchant","floor":54,"turns":2},{"damage":0,"enemies":"Shield and Spear","floor":55,"turns":3},{"damage":0,"enemies":"The Heart","floor":56,"turns":4}],"seed_played":"2511277909699739393","potions_obtained":[{"floor":7,"key":"Swift Potion"},{"floor":24,"key":"BlessingOfTheForge"},{"floor":33,"key":"Toxic Potion"},{"floor":54,"key":"hexamod:EctoCoolerPotion"}],"is_trial":false,"path_per_floor":["M","$","?","?","M","E","M","E","T","$","M","E","?","E","R","B",null,"M","M","M","AVR","M","NM","M","E","T","M","E","R","$","?","R","B",null,"M","M","AVR","M","M","E","M","NM","T","M","$","?","E","?","R","B","B",null,"R","$","E","B",null],"character_chosen":"IRONCLAD","items_purchased":["Metallicize","Specialist","Du-Vu Doll","Inflame","expansioncontent:HyperBeam","Strength Potion","expansioncontent:DashGenerateEvil","Counterbalance","Replay:Bottled Eggs","Massacre","infinitespire:OneForAll","expansioncontent:DashGenerateEvil","Guardian:PocketSentry","PrismaticShard","Twin Strike","hubris:StunningStrike","Pummel","PowerPotion","Whirlwind+1"],"campfire_rested":0,"item_purchase_floors":[0,0,0,0,0,0,0,0,0,0,0,0,0,0,0,0,0,0,2],"current_hp_per_floor":[27,27,27,27,33,32,36,42,42,42,48,54,54,58,58,64,72,75,75,75,80,80,80,80,80,80,80,80,80,80,80,80,80,80,80,80,80,80,80,80,80,80,80,80,80,76,80,80,80,80,80,80,80,80,80,80],"gold":3168,"neow_bonus":"","is_daily":false,"chose_seed":false,"campfire_upgraded":4,"win_rate":0.0,"timestamp":1609261605,"path_taken":["M","$","?","?","M","E","?","E","T","$","M","E","?","E","R","BOSS","M","M","M","AVR","M","NM","M","E","T","M","E","R","$","?","R","BOSS","M","M","AVR","M","M","E","M","NM","T","M","$","?","E","?","R","BOSS","BOSS","R","$","E","BOSS"],"items_purchased_type":["Card","Card","Relic","Card","Card","Potion","Card","Relic","Relic","Card","Card","Card","Relic","Relic","Card","Card","Card","Potion","Card"],"build_version":"2020-12-22","purchased_purges":6,"victory":true,"max_hp_per_floor":[75,75,75,75,75,75,75,75,75,75,75,75,75,75,75,75,75,75,75,75,80,80,80,80,80,80,80,80,80,80,80,80,80,80,80,80,80,80,80,80,80,80,80,80,80,80,80,80,80,80,80,80,80,80,80,80],"card_choices":[{"not_picked":["Slimebound:RejuvenatingLick","Guardian:RollAttack","PiercingWail"],"picked":"SKIP","floor":1.0},{"not_picked":["Evaluate","champ:BladeFlurry"],"picked":"champ:CrookedStrike","floor":5.0},{"not_picked":["Dodge and Roll","hexamod:ThermalTransfer","Evaluate"],"picked":"SKIP","floor":6},{"not_picked":["Wild Strike","Crescendo","expansioncontent:DecasProtection"],"picked":"SKIP","floor":7},{"not_picked":["Consecrate","True Grit"],"picked":"BowlingBash","floor":8},{"not_picked":["champ:CrownThrow","conspire:PoisonWeapons"],"picked":"Dagger Spray","floor":11},{"not_picked":["hierophant:Martyrdom","Deflect","Slimebound:SlimeBarrage"],"picked":"SKIP","floor":12},{"not_picked":["Slimebound:FormOfPuddle","champ:BringItOn","hexamod:BurningTouch"],"picked":"SKIP","floor":14},{"not_picked":["hexamod:HexaLevel","hierophant:Levitation"],"picked":"Electrodynamics","floor":16},{"not_picked":["hierophant:Shelter","champ:AdrenalArmor","hexamod:ThirdSeal"],"picked":"SKIP","floor":18},{"not_picked":["sneckomod:Unknown2Cost","conspire:Banana+1"],"picked":"SashWhip","floor":19},{"not_picked":["Hidden Blade","Enlightenment","hierophant:Dazzle"],"picked":"SKIP","floor":20},{"not_picked":["hierophant:PassingBell","hierophant:Smite","hierophant:SealAway"],"picked":"SKIP","floor":22},{"not_picked":["infinitespire:Gouge","ReplayTheSpireMod:Echoes of Time"],"picked":"infinitespire:DeathsTouch","floor":23},{"not_picked":["Flex","sneckomod:UnknownVulnerable","Slimebound:Schlurp"],"picked":"SKIP","floor":23},{"not_picked":["PiercingWail","Malaise","champ:GutPunch"],"picked":"SKIP","floor":24},{"not_picked":["PiercingWail","Malaise"],"picked":"champ:GutPunch","floor":24},{"not_picked":["Evaluate","sneckomod:UnknownClassTHE_CHAMP_GRAY","WaveOfTheHand"],"picked":"SKIP","floor":25},{"not_picked":["Calculated Gamble","hierophant:HolyVerse"],"picked":"hexamod:SpectersWail","floor":27},{"not_picked":["hierophant:Encroach","Guardian:WalkerClaw","sneckomod:QuickBite"],"picked":"SKIP","floor":28},{"not_picked":["Machine Learning","Double Tap"],"picked":"hubris:EnhanceAbility","floor":33},{"not_picked":["PokerPlayerMod:CardBurn","Guardian:ShieldCharger","hexamod:AdvancingGuard"],"picked":"SKIP","floor":35},{"not_picked":["Slimebound:FlameTackle+1","Perfected Strike+1","champ:GladiatorsShout+1"],"picked":"SKIP","floor":36},{"not_picked":["conspire:Purge","Corruption"],"picked":"Barricade","floor":37},{"not_picked":["WindmillStrike","sneckomod:UnknownUncommonAttack","champ:PreciseThrust"],"picked":"SKIP","floor":38},{"not_picked":["Slimebound:SlimeSpikes","hubris:SlightOfHand","Guardian:Gem_Cyan"],"picked":"SKIP","floor":39},{"not_picked":["Combust","hierophant:Endure","hierophant:RepressedViolence"],"picked":"SKIP","floor":40},{"not_picked":["hexamod:HauntingEcho","Underhanded Strike","Guardian:SentryBeam"],"picked":"SKIP","floor":41},{"not_picked":["PokerPlayerMod:DiamondStrike","hexamod:ThirdSeal","hexamod:NightmareGuise"],"picked":"SKIP","floor":42},{"not_picked":["Replay:SS_fish_2","Replay:BluntJabs","expansioncontent:LastStand"],"picked":"SKIP","floor":44},{"not_picked":["Twin Strike","Distraction"],"picked":"Dramatic Entrance+1","floor":47},{"not_picked":["Dropkick"],"picked":"SKIP","floor":54},{"not_picked":["Hemokinesis"],"picked":"SKIP","floor":54},{"not_picked":["Infernal Blade"],"picked":"SKIP","floor":54},{"not_picked":["Double Tap"],"picked":"SKIP","floor":54},{"not_picked":["Rupture"],"picked":"SKIP","floor":54},{"not_picked":["Replay:BasicMightCard"],"picked":"SKIP","floor":54},{"not_picked":["expansioncontent:QuickStudy"],"picked":"SKIP","floor":54},{"not_picked":["sneckomod:QuickMove","hexamod:Firestarter"],"picked":"ReplayTheSpireMod:LeadingStrike","floor":55}],"player_experience":917128,"relics_obtained":[{"floor":6,"key":"Replay:Wax Seal"},{"floor":8,"key":"Orichalcum"},{"floor":12,"key":"hubris:ChampionShield"},{"floor":14,"key":"Bag of Preparation"},{"floor":23,"key":"Potion Belt"},{"floor":25,"key":"ReplayTheSpireMod:Lightbulb"},{"floor":26,"key":"ReplayFunnel"},{"floor":28,"key":"Grinning Jar"},{"floor":34,"key":"Replay:Rubber Ducky"},{"floor":34,"key":"Shuriken"},{"floor":34,"key":"conspire:InfiniteJournal"},{"floor":40,"key":"Replay:Bandana"},{"floor":42,"key":"MawBank"},{"floor":43,"key":"infinitespire:Satchel"},{"floor":47,"key":"trackpad:CultistFigurine"},{"floor":54,"key":"trackpad:WritersBlock"},{"floor":54,"key":"halation:PromiseList"},{"floor":54,"key":"DollysMirror"},{"floor":55,"key":"aspiration:AnachronicSnailShell"}],"event_choices":[{"damage_healed":0.0,"max_hp_gain":0.0,"max_hp_loss":0.0,"gold_gain":0.0,"event_name":"WeMeetAgain","player_choice":"Gave Potion","floor":4.0,"gold_loss":0.0,"damage_taken":0.0,"relics_obtained":["Dream Catcher"]},{"damage_healed":0,"gold_gain":0,"player_choice":"1 cards matched","damage_taken":0,"max_hp_gain":0,"max_hp_loss":0,"event_name":"Match and Keep!","floor":13,"gold_loss":0,"cards_obtained":["Brutality"]},{"damage_healed":0,"gold_gain":0,"player_choice":"Leave","damage_taken":0,"max_hp_gain":0,"max_hp_loss":0,"event_name":"conspire:Investor","floor":46,"gold_loss":0},{"cards_removed":["Pot Of Greed"],"damage_healed":0,"gold_gain":0,"player_choice":"Removed Skill","damage_taken":0,"max_hp_gain":0,"max_hp_loss":0,"event_name":"Falling","floor":48,"gold_loss":0}],"is_beta":false,"boss_relics":[{"not_picked":["hubris:GrandSneckoEye","Replay:Ancient Bell"],"picked":"Ooze Armor"},{"not_picked":["Runic Pyramid","hubris:BlackHole"],"picked":"Replay:Grab Bag"},{"not_picked":["Sozu","halation:CatFaceCupcake"],"picked":"Cursed Key"},{"not_picked":["hubris:VirtuousBlindfold","trackpad:Trackpad"],"picked":"Replay:Wanted Poster"},{"not_picked":["Snecko Heart","halation:Yufonium"],"picked":"SlaversCollar"},{"not_picked":["Black Blood","ReplayTheSpireMod:SealedPack"],"picked":"Calling Bell"}],"items_purged_floors":[0,0,10,21,30,37],"is_endless":false,"potions_floor_spawned":[7,8,12,14,19,24,33,35,39,44,47],"ascension_level":20}}