{"host":"kw4o7b3ro2ktmmbe","time":1609227206,"event":{"mods":["BaseMod","Evolution","Minty Spire (QoL Compilation)","StSLib","TheWitcher"],"gold_per_floor":[126,151,151,151,326,326,397,397,397,413,33,53,75,75,75,204,204,219,219,219,239,274,274,297,321,393,30,30,55,65,65],"floor_reached":30,"playtime":5188,"items_purged":["Doubt"],"score":247,"play_id":"ccde88a4-cd92-4a90-b1c8-2b9c25f68d58","local_time":"20201229203326","is_ascension_mode":false,"campfire_choices":[{"data":"SnafuTest:DefaultCommonSkill","floor":6.0,"key":"SMITH"},{"data":"SnafuTest:DefaultCommonSkill","floor":8.0,"key":"SMITH"},{"data":"SnafuTest:PowerCrimsonRitual","floor":15.0,"key":"SMITH"},{"data":"SnafuTest:SpellCalcinedMetamorphism","floor":23.0,"key":"SMITH"}],"circlet_count":0,"master_deck":["SnafuTest:BountyHunt","SnafuTest:DefaultCommonSkill+1","SnafuTest:DefaultCommonSkill+1","SnafuTest:DefaultCommonSkill+1","SnafuTest:SignQuen+1","SnafuTest:SignIgni+1","SnafuTest:SpellIncendiaryShower","SnafuTest:PowerCrimsonRitual+1","SnafuTest:SpellCalcinedMetamorphism+1","Bite","Bite","Bite","Bite","Bite","SnafuTest:PowerTrialOfGrasses+1","Writhe","SnafuTest:SwordDance+1"],"relics":["SnafuTest:UnstableMutagenRelic","EVO:Axolotl","The Courier","Eternal Feather","Membership Card","Vajra","Meat on the Bone","War Paint","Golden Idol","Black Star","SnafuTest:BearRelic","SnafuTest:GriffinRelic","Ancient Tea Set","Letter Opener","SnafuTest:CatRelic","Molten Egg 2"],"acts_visited":["Exordium","TheCity"],"potions_floor_usage":[29,29],"damage_taken":[{"damage":7.0,"enemies":"Jaw Worm","floor":1.0,"turns":4.0},{"damage":2.0,"enemies":"Small Slimes","floor":2.0,"turns":3.0},{"damage":1.0,"enemies":"2 Louse","floor":10.0,"turns":3.0},{"damage":0.0,"enemies":"2 Fungi Beasts","floor":12.0,"turns":2.0},{"damage":1.0,"enemies":"Large Slime","floor":13.0,"turns":7.0},{"damage":1.0,"enemies":"Slime Boss","floor":16.0,"turns":6.0},{"damage":38.0,"enemies":"2 Thieves","floor":18.0,"turns":4.0},{"damage":31.0,"enemies":"Chosen","floor":21.0,"turns":4.0},{"damage":25.0,"enemies":"Centurion and Healer","floor":22.0,"turns":8.0},{"damage":37.0,"enemies":"Shelled Parasite and Fungi","floor":24.0,"turns":9.0},{"damage":21.0,"enemies":"Snake Plant","floor":25.0,"turns":3.0},{"damage":31,"enemies":"Snecko","floor":29,"turns":6},{"damage":54,"enemies":"Gremlin Leader","floor":30,"turns":7}],"seed_played":"1935615199857300297","potions_obtained":[{"floor":2.0,"key":"Strength Potion"},{"floor":12.0,"key":"ColorlessPotion"},{"floor":18.0,"key":"FearPotion"},{"floor":22.0,"key":"ColorlessPotion"},{"floor":25.0,"key":"Regen Potion"}],"is_trial":false,"path_per_floor":["M","M","?","?","?","R","?","R","T","M","$","M","M","?","R","B",null,"M","?","?","M","M","R","M","M","T","$","?","M","E"],"character_chosen":"THE_WITCHER","items_purchased":["Membership Card","Vajra","Meat on the Bone","War Paint","SnafuTest:GriffinRelic","Ancient Tea Set","Letter Opener","SnafuTest:CatRelic"],"campfire_rested":0,"item_purchase_floors":[11,11,11,11,27,27,27,27],"current_hp_per_floor":[75,73,73,61,61,61,61,61,61,60,60,60,59,39,45,44,82,44,44,44,37,40,46,37,32,32,32,32,34,0,0],"gold":65,"neow_bonus":"TEN_PERCENT_HP_BONUS","is_daily":false,"chose_seed":false,"campfire_upgraded":4,"win_rate":0.0,"timestamp":1609227206,"path_taken":["M","M","?","?","?","R","?","R","T","M","$","M","M","?","R","BOSS","M","?","?","?","M","R","M","M","T","?","?","M","E"],"items_purchased_type":["Relic","Relic","Relic","Relic","Relic","Relic","Relic","Relic"],"build_version":"2020-12-22","purchased_purges":1,"victory":false,"max_hp_per_floor":[82,82,82,82,82,82,82,82,82,82,82,82,82,82,82,82,82,82,57,57,57,57,57,57,57,57,57,57,57,57,57],"card_choices":[{"not_picked":["SnafuTest:BattleCry","SnafuTest:RecklessBlow"],"picked":"SnafuTest:SignIgni","floor":1.0},{"not_picked":["SnafuTest:WitchHunt","SnafuTest:PowerFireDamnation"],"picked":"SnafuTest:SpellIncendiaryShower","floor":2.0},{"not_picked":["SnafuTest:SpellIncendiaryShower","SnafuTest:NoPass","SnafuTest:MercilessReaper"],"picked":"SKIP","floor":10.0},{"not_picked":["SnafuTest:SpellButterflyIllusion","SnafuTest:FirstAid","SnafuTest:Portal"],"picked":"SKIP","floor":12.0},{"not_picked":["SnafuTest:SignAard","SnafuTest:Offering"],"picked":"SnafuTest:PowerCrimsonRitual","floor":13.0},{"not_picked":["SnafuTest:AssassinOfKings","SnafuTest:Amputation"],"picked":"SnafuTest:SpellCalcinedMetamorphism","floor":16.0},{"not_picked":["SnafuTest:AncestralRitual","SnafuTest:PayBank+1","SnafuTest:QueensGuard"],"picked":"SKIP","floor":18.0},{"not_picked":["SnafuTest:PowerProbingFeint","SnafuTest:SignAard","SnafuTest:ArmoredSortie"],"picked":"SKIP","floor":21.0},{"not_picked":["SnafuTest:MCFeignDeath","SnafuTest:AncestralRitual","SnafuTest:PowerProbingFeint"],"picked":"SKIP","floor":22.0},{"not_picked":["SnafuTest:WorldMap","SnafuTest:ShieldUp+1","SnafuTest:Kick"],"picked":"SKIP","floor":24.0},{"not_picked":["SnafuTest:Oriole","SnafuTest:LeadingCharge"],"picked":"SnafuTest:PowerTrialOfGrasses+1","floor":25.0},{"not_picked":["SnafuTest:SignAxii","SnafuTest:ShoulderSlam+1"],"picked":"SnafuTest:SwordDance+1","floor":29}],"player_experience":1771482,"relics_obtained":[{"floor":9.0,"key":"Eternal Feather"},{"floor":26.0,"key":"SnafuTest:BearRelic"}],"event_choices":[{"damage_healed":0.0,"max_hp_gain":0.0,"max_hp_loss":0.0,"gold_gain":0.0,"event_name":"Living Wall","player_choice":"Grow","floor":3.0,"gold_loss":0.0,"damage_taken":0.0,"cards_upgraded":["SnafuTest:SignIgni"]},{"damage_healed":0.0,"max_hp_gain":0.0,"max_hp_loss":0.0,"gold_gain":0.0,"event_name":"Scrap Ooze","player_choice":"Success","floor":4.0,"gold_loss":0.0,"damage_taken":12.0,"relics_obtained":["The Courier"]},{"damage_healed":0.0,"max_hp_gain":0.0,"max_hp_loss":0.0,"gold_gain":175.0,"event_name":"Liars Game","player_choice":"AGREE","floor":5.0,"gold_loss":0.0,"damage_taken":0.0,"cards_obtained":["Doubt"]},{"damage_healed":0.0,"max_hp_gain":0.0,"max_hp_loss":0.0,"gold_gain":71.0,"event_name":"Golden Wing","player_choice":"Gained Gold","floor":7.0,"gold_loss":0.0,"damage_taken":0.0},{"damage_healed":0.0,"max_hp_gain":0.0,"max_hp_loss":0.0,"gold_gain":0.0,"event_name":"Golden Idol","player_choice":"Take Damage","floor":14.0,"gold_loss":0.0,"damage_taken":20.0,"relics_obtained":["Golden Idol"]},{"damage_healed":0.0,"max_hp_gain":0.0,"max_hp_loss":25.0,"gold_gain":0.0,"event_name":"Vampires","player_choice":"Became a vampire","floor":19.0,"gold_loss":0.0,"damage_taken":0.0,"cards_obtained":["Bite","Bite","Bite","Bite","Bite"]},{"damage_healed":0.0,"max_hp_gain":0.0,"max_hp_loss":0.0,"gold_gain":0.0,"event_name":"Ghosts","player_choice":"Ignored","floor":20.0,"gold_loss":0.0,"damage_taken":0.0},{"damage_healed":0.0,"max_hp_gain":0.0,"max_hp_loss":0.0,"gold_gain":0.0,"event_name":"The Mausoleum","player_choice":"Opened","floor":28.0,"gold_loss":0.0,"damage_taken":0.0,"relics_obtained":["Molten Egg 2"],"cards_obtained":["Writhe"]}],"is_beta":false,"boss_relics":[{"not_picked":["Runic Dome","Busted Crown"],"picked":"Black Star"}],"items_purged_floors":[11],"is_endless":false,"potions_floor_spawned":[2,12,18,22,25],"killed_by":"Gremlin Leader","ascension_level":0}}