{"host":"qwv9nni2x0umspiu","time":1609223812,"event":{"mods":["BaseMod","Downfall","Minty Spire (QoL Compilation)","Replay The Spire","StSLib","The Hierophant","Wandering Minibosses"],"gold_per_floor":[115,115,135,135,48,82,98,98,98,113,113,113,132,175,175,165,165],"floor_reached":16,"playtime":416,"items_purged":[],"score":270,"play_id":"585d3c0f-fe34-4ef2-ad59-09cbce5c0480","local_time":"20201228223652","is_ascension_mode":true,"campfire_choices":[{"data":"hierophant:ChurchCoffers","floor":8,"key":"SMITH"},{"data":"hierophant:Punish","floor":12,"key":"SMITH"},{"floor":15,"key":"REST"}],"circlet_count":0,"master_deck":["AscendersBane","hierophant:Strike_Hierophant","hierophant:Strike_Hierophant","hierophant:Strike_Hierophant","hierophant:Punish+1","hierophant:Defend_Hierophant","hierophant:Defend_Hierophant","hierophant:Defend_Hierophant","hierophant:ChurchCoffers+1","hierophant:HammerAndAnvil","hierophant:Zeal","hierophant:Community","hierophant:Zeal","hierophant:Alms"],"relics":["hierophant:PropheticMaskRelic","NeowsBlessing","Golden Idol","Turnip","Pet Ghost"],"acts_visited":["Exordium"],"potions_floor_usage":[13,16],"damage_taken":[{"damage":0,"enemies":"Small Slimes","floor":1,"turns":1},{"damage":0,"enemies":"2 Louse","floor":3,"turns":1},{"damage":0,"enemies":"Gremlin Nob","floor":6,"turns":1},{"damage":6,"enemies":"Cultist","floor":7,"turns":3},{"damage":1,"enemies":"3 Louse","floor":10,"turns":2},{"damage":0,"enemies":"Exordium Wildlife","floor":13,"turns":2},{"damage":15,"enemies":"3 Sentries","floor":14,"turns":6},{"damage":22,"enemies":"The Guardian","floor":16,"turns":4}],"seed_played":"-5188359062610890076","potions_obtained":[{"floor":1,"key":"EssenceOfSteel"},{"floor":6,"key":"LifebloodPotion"}],"is_trial":false,"path_per_floor":["M","?","M","?","$","E","M","R","T","M","?","R","M","E","R","B"],"character_chosen":"HIEROPHANT","items_purchased":["hierophant:Community"],"campfire_rested":1,"item_purchase_floors":[5],"current_hp_per_floor":[68,61,61,35,35,35,29,29,29,28,28,28,28,13,35,13,13],"gold":165,"neow_bonus":"THREE_ENEMY_KILL","is_daily":false,"chose_seed":false,"campfire_upgraded":2,"win_rate":0.0,"timestamp":1609223812,"path_taken":["M","?","M","?","$","E","M","R","T","M","?","R","M","E","R","BOSS"],"items_purchased_type":["Card"],"build_version":"2020-12-22","purchased_purges":0,"victory":false,"max_hp_per_floor":[75,75,75,75,75,75,75,75,75,75,75,75,75,75,75,75,75],"card_choices":[{"not_picked":["hierophant:Alms","hierophant:RepressedViolence"],"picked":"hierophant:HammerAndAnvil","floor":1},{"not_picked":["hierophant:PassingBell","hierophant:RecallFunds"],"picked":"hierophant:Zeal","floor":3},{"not_picked":["hierophant:DeathKnell","hierophant:TollTheBells","hierophant:Sermon"],"picked":"SKIP","floor":6},{"not_picked":["hierophant:CursedGold","hierophant:FlamingChariot","hierophant:Patience"],"picked":"SKIP","floor":7},{"not_picked":["hierophant:FieryStrike","hierophant:RustyCrate","hierophant:PassingBell"],"picked":"SKIP","floor":10},{"not_picked":["hierophant:Sermon","hierophant:PristineSoul","hierophant:SecretStash"],"picked":"SKIP","floor":13},{"not_picked":["hierophant:Encroach","hierophant:FieryStrike"],"picked":"hierophant:Alms","floor":14}],"player_experience":1327656,"relics_obtained":[{"floor":6,"key":"Turnip"},{"floor":14,"key":"Pet Ghost"}],"event_choices":[{"cards_removed":["hierophant:Defend_Hierophant"],"damage_healed":0,"gold_gain":0,"player_choice":"Card Removal","damage_taken":7,"max_hp_gain":0,"max_hp_loss":0,"event_name":"Golden Wing","floor":2,"gold_loss":0},{"damage_healed":0,"gold_gain":0,"player_choice":"Take Damage","damage_taken":26,"relics_obtained":["Golden Idol"],"max_hp_gain":0,"max_hp_loss":0,"event_name":"Golden Idol","floor":4,"gold_loss":0},{"damage_healed":0,"gold_gain":0,"cards_transformed":["hierophant:Strike_Hierophant"],"player_choice":"Transformed","damage_taken":0,"max_hp_gain":0,"max_hp_loss":0,"event_name":"Transmorgrifier","floor":11,"gold_loss":0,"cards_obtained":["hierophant:Zeal"]}],"is_beta":false,"boss_relics":[],"items_purged_floors":[],"is_endless":false,"potions_floor_spawned":[1,6,10],"killed_by":"The Guardian","ascension_level":20}}