{"host":"odz7g4gpgch153rb","time":1609218510,"event":{"mods":["AchievementEnabler","BaseMod","Better Match","Better Third Choice","BetterRewards","GifTheSpireLib","Infinite Spire","Jedi Mod","Minty Spire (QoL Compilation)","Quick Restart","Replay The Spire","Spikes Relics","StSLib","Stuff the Spire","The Blue Laboratory","Trackpad"],"gold_per_floor":[118,118,138,152,52,52,77,77,103,116,169,186,186,206,206,281,281,301,301,283,198,198,198,32,32,32,32,67,77,77,97,97,168,168,180,180,205,224,238,238,249,249,249,249,298,325,39,73,73,73],"floor_reached":51,"playtime":3674,"items_purged":["Strike_B","Strike_B","Strike_B"],"score":1571,"play_id":"524b8314-ef2f-4268-be73-5e28ad3bce62","local_time":"20201229000830","is_ascension_mode":true,"campfire_choices":[{"floor":6,"key":"REST"},{"data":"Zap","floor":8,"key":"SMITH"},{"floor":13,"key":"REST"},{"data":"jedi:bruteforce","floor":15,"key":"SMITH"},{"data":"Dualcast","floor":23,"key":"SMITH"},{"data":"infinitespire:Oblivion","floor":27,"key":"SMITH"},{"data":"StuffTheSpire:Synthwave","floor":32,"key":"SMITH"},{"data":"infinitespire:SevenWalls","floor":40,"key":"SMITH"},{"data":"StuffTheSpire:ForEach","floor":42,"key":"SMITH"},{"data":"StuffTheSpire:ForEach","floor":44,"key":"SMITH"},{"data":"Ball Lightning","floor":49,"key":"SMITH"}],"circlet_count":0,"master_deck":["AscendersBane","Strike_B","Defend_B","Defend_B","Defend_B","Defend_B","Zap+1","Dualcast+1","DiskWipe","Ball Lightning+1","Ball Lightning","jedi:BurstFrost","Leap","jedi:bruteforce+1","jedi:BurstFrost","StuffTheSpire:ForEach+1","jedi:hex","infinitespire:Oblivion+1","Static Discharge","StuffTheSpire:Brawn","jedi:readyaimfire","StuffTheSpire:Synthwave+1","infinitespire:SevenWalls+1","StuffTheSpire:ForEach+1","Machine Learning"],"relics":["Cracked Core","CherryCoatedStake","Replay:Rubber Ducky","infinitespire:Beetle Shell","RollingBoulder","Anchor","SacredBark","jedi:purplefairy","Rawhide","Replay:Antivirus Software","Onion Ring","jedi:crownofsimplicity","infinitespire:CursedDice","Garlic","Gambling Chip","infinitespire:CheckeredPen","trackpad:BottledTsunami","Akabeko"],"acts_visited":["Exordium","TheCity","TheBeyond"],"potions_floor_usage":[33,33,50,50],"damage_taken":[{"damage":0,"enemies":"Small Slimes","floor":1,"turns":3},{"damage":1,"enemies":"Cultist","floor":3,"turns":3},{"damage":4,"enemies":"Jaw Worm","floor":4,"turns":3},{"damage":20,"enemies":"Replay:BlueRogue","floor":7,"turns":7},{"damage":7,"enemies":"Exordium Thugs","floor":10,"turns":4},{"damage":0,"enemies":"2 Fungi Beasts","floor":12,"turns":3},{"damage":0,"enemies":"Large Slime","floor":14,"turns":5},{"damage":20,"enemies":"The Guardian","floor":16,"turns":13},{"damage":27,"enemies":"Shell Parasite","floor":18,"turns":7},{"damage":2,"enemies":"2 Thieves","floor":20,"turns":4},{"damage":13,"enemies":"Book of Stabbing","floor":28,"turns":5},{"damage":0,"enemies":"Centurion and Healer","floor":29,"turns":5},{"damage":0,"enemies":"Chosen and Byrds","floor":31,"turns":4},{"damage":4,"enemies":"Automaton","floor":33,"turns":6},{"damage":7,"enemies":"3 Shapes","floor":35,"turns":4},{"damage":5,"enemies":"Mind Bloom Boss Battle","floor":37,"turns":7},{"damage":0,"enemies":"Orb Walker","floor":38,"turns":3},{"damage":6,"enemies":"Writhing Mass","floor":39,"turns":5},{"damage":4,"enemies":"Jaw Worm Horde","floor":41,"turns":4},{"damage":32,"enemies":"2 Orb Walkers","floor":45,"turns":7},{"damage":4,"enemies":"R_Hoarder","floor":46,"turns":9},{"damage":3,"enemies":"Nemesis","floor":48,"turns":7},{"damage":61,"enemies":"Awakened One","floor":50,"turns":14}],"seed_played":"-5991995373817081664","potions_obtained":[{"floor":12,"key":"FocusPotion"},{"floor":20,"key":"EssenceOfSteel"},{"floor":39,"key":"blueLaboratory:TeslaPotion"},{"floor":41,"key":"SkillPotion"}],"is_trial":false,"path_per_floor":["M","?","M","M","$","R","E","R","T","M","T","M","R","M","R","B",null,"M","AVR","M","?","?","R","$","?","T","R","E","M","?","M","R","B",null,"M","?","?","M","M","R","M","R","T","R","?","E","$","E","R","B",null],"character_chosen":"DEFECT","items_purchased":["DiskWipe","Ball Lightning","Replay:Rubber Ducky","Replay:Antivirus Software","trackpad:BottledTsunami"],"campfire_rested":2,"item_purchase_floors":[0,0,0,24,47],"current_hp_per_floor":[35,25,24,20,20,41,21,21,21,16,16,18,39,41,41,21,59,32,32,33,33,18,71,71,71,71,71,58,61,45,47,52,56,67,67,67,62,62,56,66,67,68,68,69,40,36,36,33,43,42],"gold":73,"neow_bonus":"","is_daily":false,"chose_seed":false,"campfire_upgraded":9,"win_rate":0.0,"timestamp":1609218510,"path_taken":["M","?","?","M","?","R","E","R","T","M","?","?","R","M","R","BOSS","M","AVR","M","?","?","R","$","?","T","R","E","M","?","M","R","BOSS","M","?","?","M","?","R","M","R","T","R","?","E","?","E","R","BOSS"],"items_purchased_type":["Card","Card","Relic","Relic","Relic"],"build_version":"2020-12-22","purchased_purges":3,"victory":true,"max_hp_per_floor":[71,71,71,71,71,71,71,71,71,71,71,71,71,71,71,71,71,71,71,71,71,71,71,71,71,71,71,71,71,71,71,71,71,71,71,71,71,71,71,71,71,71,71,71,71,71,71,71,71,71],"card_choices":[{"not_picked":["Gash","StuffTheSpire:Plugnplay"],"picked":"Ball Lightning","floor":1},{"not_picked":["Turbo","Steam"],"picked":"jedi:BurstFrost","floor":3},{"not_picked":["Coolheaded","Sunder","Redo"],"picked":"SKIP","floor":4},{"not_picked":["jedi:BurstLightning","StuffTheSpire:SnapShoot"],"picked":"Leap","floor":7},{"not_picked":["Panic Button","Steam","jedi:overflow"],"picked":"SKIP","floor":10},{"not_picked":["jedi:overflow","Hologram"],"picked":"jedi:bruteforce","floor":12},{"not_picked":["Turbo","Scrape"],"picked":"jedi:BurstFrost","floor":14},{"not_picked":["Reboot","Thunder Strike"],"picked":"StuffTheSpire:ForEach","floor":16},{"not_picked":["Recycle","Steam"],"picked":"jedi:hex","floor":18},{"not_picked":["Panic Button","Cold Snap"],"picked":"Static Discharge","floor":20},{"not_picked":["Recycle+1","Double Energy+1"],"picked":"jedi:readyaimfire","floor":28},{"not_picked":["Crystallizer","StuffTheSpire:LoadUp"],"picked":"StuffTheSpire:Synthwave","floor":29},{"not_picked":["infinitespire:SealOfDarkness+","ReplayTheSpireMod:Echoes of Time"],"picked":"infinitespire:SevenWalls","floor":30},{"not_picked":["Undo","Go for the Eyes","Blizzard"],"picked":"SKIP","floor":31},{"not_picked":["ReplayRNGCard","All For One"],"picked":"StuffTheSpire:ForEach","floor":33},{"not_picked":["Tempest","Rebound","Beam Cell"],"picked":"SKIP","floor":35},{"not_picked":["Panic Button","jedi:BurstFrost","Sweeping Beam"],"picked":"SKIP","floor":38},{"not_picked":["jedi:hex+1","ReplaySolidLightProjector","Coolheaded"],"picked":"SKIP","floor":39},{"not_picked":["Beam Cell","Gash","BootSequence"],"picked":"SKIP","floor":41},{"not_picked":["Compile Driver+1","Gash+1"],"picked":"Machine Learning","floor":46},{"not_picked":["Chaos","ReplayTheSpireMod:System Scan","jedi:BurstLightning+1"],"picked":"SKIP","floor":48}],"player_experience":957094,"relics_obtained":[{"floor":7,"key":"infinitespire:Beetle Shell"},{"floor":9,"key":"RollingBoulder"},{"floor":11,"key":"Anchor"},{"floor":26,"key":"Onion Ring"},{"floor":28,"key":"jedi:crownofsimplicity"},{"floor":37,"key":"infinitespire:CursedDice"},{"floor":43,"key":"Garlic"},{"floor":45,"key":"Gambling Chip"},{"floor":46,"key":"infinitespire:CheckeredPen"},{"floor":48,"key":"Akabeko"}],"event_choices":[{"damage_healed":0,"gold_gain":0,"player_choice":"Damaged","damage_taken":10,"max_hp_gain":0,"max_hp_loss":0,"event_name":"Wheel of Change","floor":2,"gold_loss":0},{"damage_healed":0,"gold_gain":0,"player_choice":"Obtained Relic","damage_taken":0,"relics_obtained":["Rawhide"],"max_hp_gain":0,"max_hp_loss":0,"event_name":"Addict","floor":21,"gold_loss":85},{"damage_healed":0,"gold_gain":0,"player_choice":"Ignored","damage_taken":0,"max_hp_gain":0,"max_hp_loss":0,"event_name":"The Mausoleum","floor":25,"gold_loss":0},{"damage_healed":0,"gold_gain":0,"player_choice":"Fight","damage_taken":0,"max_hp_gain":0,"max_hp_loss":0,"event_name":"MindBloom","floor":37,"gold_loss":0},{"damage_healed":0,"gold_gain":0,"player_choice":"Fight","damage_taken":0,"max_hp_gain":0,"max_hp_loss":0,"event_name":"Mysterious Sphere","floor":45,"gold_loss":0}],"is_beta":false,"boss_relics":[{"not_picked":["Painkiller Herb","Philosopher\u0027s Stone"],"picked":"SacredBark"},{"not_picked":["ReplayTheSpireMod:SealedPack","Astrolabe","Cursed Key"]}],"items_purged_floors":[0,5,19],"is_endless":false,"potions_floor_spawned":[1,3,4,12,20,28,39,41,48],"ascension_level":16}}