{"host":"ryuep8ewa00k39z9","time":1609210370,"event":{"mods":["AchievementEnabler","BaseMod","Best Route Mod","Colored Map","Colored Powertips","Displayed Cursed Tome","Highlight Path","Minty Spire (QoL Compilation)","Quick Restart","SuperFastMode"],"gold_per_floor":[113,38,38,38,38,38,81,81,81,120,135,135,160,180,180,303,303,318,318,318,335,434,460,460,489,489,489,597,620,281,292,292,396,423,440,15,0,18,78,88,112,123,146,146,146,156,185,195,195,195,195,195,13,47,47,47],"floor_reached":55,"playtime":42562,"items_purged":["Strike_B","Defend_B","Defend_B"],"score":987,"play_id":"4e3f2aa7-cda7-42a8-b468-7a2f42520eb8","local_time":"20201228205250","is_ascension_mode":true,"campfire_choices":[{"data":"Streamline","floor":6.0,"key":"SMITH"},{"data":"Seek","floor":12.0,"key":"SMITH"},{"data":"Coolheaded","floor":15.0,"key":"SMITH"},{"data":"Chaos","floor":24.0,"key":"SMITH"},{"floor":32.0,"key":"REST"},{"floor":45.0,"key":"RECALL"},{"data":"Panache","floor":49.0,"key":"SMITH"},{"data":"Electrodynamics","floor":52,"key":"SMITH"}],"circlet_count":0,"master_deck":["Defend_B","Defend_B+1","Zap","Dualcast+1","Streamline+1","Rebound","Beam Cell","Seek+1","Compile Driver","Coolheaded+1","Seek+1","Beam Cell+1","Chaos+1","Electrodynamics+1","Fusion","Mind Blast","Dramatic Entrance","Self Repair","Static Discharge","Rip and Tear","Creative AI","Aggregate+1","Heatsinks+1","Cold Snap+1","Buffer","Melter","Fission+1","Mind Blast","Panache+1","Barrage+1","Aggregate+1","Double Energy+1","Meteor Strike","Force Field+1"],"relics":["Cracked Core","NeowsBlessing","Lantern","Bloody Idol","Mummified Hand","Smiling Mask","Ice Cream","Nunchaku","SacredBark","Mercury Hourglass","PreservedInsect","CeramicFish","Medical Kit","Astrolabe","Red Mask","Pocketwatch","Oddly Smooth Stone"],"acts_visited":["Exordium","TheCity","TheBeyond","TheEnding"],"potions_floor_usage":[50],"damage_taken":[{"damage":0.0,"enemies":"Cultist","floor":1.0,"turns":1.0},{"damage":0.0,"enemies":"Lagavulin","floor":7.0,"turns":1.0},{"damage":0.0,"enemies":"3 Sentries","floor":10.0,"turns":1.0},{"damage":1.0,"enemies":"2 Louse","floor":11.0,"turns":2.0},{"damage":0.0,"enemies":"Small Slimes","floor":13.0,"turns":2.0},{"damage":0.0,"enemies":"Looter","floor":14.0,"turns":1.0},{"damage":4.0,"enemies":"Slime Boss","floor":16.0,"turns":3.0},{"damage":9.0,"enemies":"Spheric Guardian","floor":18.0,"turns":3.0},{"damage":0.0,"enemies":"2 Thieves","floor":21.0,"turns":1.0},{"damage":35.0,"enemies":"Slavers","floor":23.0,"turns":7.0},{"damage":1.0,"enemies":"Gremlin Leader","floor":25.0,"turns":4.0},{"damage":0.0,"enemies":"Snake Plant","floor":29.0,"turns":2.0},{"damage":18.0,"enemies":"Shelled Parasite and Fungi","floor":31.0,"turns":2.0},{"damage":49.0,"enemies":"Collector","floor":33.0,"turns":8.0},{"damage":25.0,"enemies":"3 Darklings","floor":35.0,"turns":3.0},{"damage":25.0,"enemies":"2 Orb Walkers","floor":39.0,"turns":3.0},{"damage":8.0,"enemies":"Orb Walker","floor":40.0,"turns":2.0},{"damage":5.0,"enemies":"4 Shapes","floor":41.0,"turns":2.0},{"damage":6.0,"enemies":"3 Darklings","floor":42.0,"turns":2.0},{"damage":1.0,"enemies":"Transient","floor":46.0,"turns":5.0},{"damage":0.0,"enemies":"4 Shapes","floor":47.0,"turns":1.0},{"damage":0.0,"enemies":"Sphere and 2 Shapes","floor":48.0,"turns":2.0},{"damage":44,"enemies":"Donu and Deca","floor":50,"turns":5},{"damage":7,"enemies":"Shield and Spear","floor":54,"turns":2},{"damage":124,"enemies":"The Heart","floor":55,"turns":6}],"seed_played":"1589244022995637090","potions_obtained":[{"floor":7.0,"key":"SkillPotion"},{"floor":10.0,"key":"BlessingOfTheForge"},{"floor":16.0,"key":"FocusPotion"},{"floor":21.0,"key":"FearPotion"},{"floor":23.0,"key":"LiquidBronze"},{"floor":31.0,"key":"SpeedPotion"},{"floor":33.0,"key":"Weak Potion"},{"floor":39.0,"key":"Strength Potion"},{"floor":40.0,"key":"GamblersBrew"},{"floor":42.0,"key":"Explosive Potion"},{"floor":47.0,"key":"Fire Potion"},{"floor":54,"key":"DistilledChaos"}],"is_trial":false,"path_per_floor":["M","$","?","?","?","R","E","?","T","E","M","R","M","M","R","B",null,"M","?","?","M","?","E","R","E","T","?","?","M","$","M","R","B",null,"M","$","?","?","?","M","M","M","T","?","R","M","M","M","R","B",null,"R","$","E","B"],"character_chosen":"DEFECT","items_purchased":["Rebound","Beam Cell","Medical Kit","FocusPotion","Static Discharge","Rip and Tear","Buffer","Melter","FairyPotion","Fission","Meteor Strike"],"campfire_rested":1,"item_purchase_floors":[2,2,30,30,30,30,36,36,36,36,53],"current_hp_per_floor":[75,75,72,54,39,39,39,39,39,39,38,38,38,38,38,34,75,66,66,66,71,75,45,45,49,49,49,33,43,53,40,62,30,75,62,75,75,75,67,64,69,75,75,75,75,75,75,75,75,38,75,75,75,75,0,0],"gold":47,"neow_bonus":"THREE_ENEMY_KILL","is_daily":false,"chose_seed":false,"campfire_upgraded":6,"win_rate":0.0,"timestamp":1609210370,"path_taken":["M","$","?","?","?","R","E","?","T","E","M","R","M","M","R","BOSS","M","?","?","?","?","E","R","E","T","?","?","M","$","?","R","BOSS","M","$","?","?","?","M","M","M","T","?","R","?","M","M","R","BOSS","R","$","E","BOSS"],"items_purchased_type":["Card","Card","Relic","Potion","Card","Card","Card","Card","Potion","Card","Card"],"build_version":"2020-12-22","purchased_purges":3,"victory":false,"max_hp_per_floor":[75,75,75,75,75,75,75,75,75,75,75,75,75,75,75,75,75,75,75,75,75,75,75,75,75,75,75,75,75,75,75,75,75,75,75,75,75,75,75,75,75,75,75,75,75,75,75,75,75,75,75,75,75,75,75,75],"card_choices":[{"not_picked":["Compile Driver","Storm"],"picked":"Streamline","floor":1.0},{"not_picked":["Blizzard","Coolheaded","Sweeping Beam"],"picked":"SKIP","floor":7.0},{"not_picked":["Gash","Steam"],"picked":"Seek","floor":10.0},{"not_picked":["Go for the Eyes","Skim"],"picked":"Compile Driver","floor":11.0},{"not_picked":["Ball Lightning","Chill","Redo"],"picked":"SKIP","floor":13.0},{"not_picked":["Streamline","Leap"],"picked":"Coolheaded","floor":14.0},{"not_picked":["Amplify","Thunder Strike"],"picked":"Seek","floor":16.0},{"not_picked":["Streamline","Rebound"],"picked":"Beam Cell+1","floor":18.0},{"not_picked":["Blizzard","Hologram"],"picked":"Chaos","floor":21.0},{"not_picked":["Core Surge","Consume+1"],"picked":"Electrodynamics","floor":23.0},{"not_picked":["Reinforced Body","Rip and Tear"],"picked":"Fusion","floor":25.0},{"not_picked":["Static Discharge","Cold Snap"],"picked":"Self Repair","floor":29.0},{"not_picked":["Ball Lightning","Gash","Barrage"],"picked":"SKIP","floor":31.0},{"not_picked":["Buffer","Machine Learning"],"picked":"Creative AI","floor":33.0},{"not_picked":["Sweeping Beam+1","Steam","Hello World+1"],"picked":"SKIP","floor":35.0},{"not_picked":["Violence","Forethought"],"picked":"Mind Blast","floor":38.0},{"not_picked":["Good Instincts","Jack Of All Trades"],"picked":"Panache","floor":38.0},{"not_picked":["Compile Driver","Redo+1"],"picked":"Barrage+1","floor":39.0},{"not_picked":["Compile Driver","Coolheaded","Go for the Eyes+1"],"picked":"SKIP","floor":40.0},{"not_picked":["Double Energy","Turbo"],"picked":"Aggregate+1","floor":41.0},{"not_picked":["Go for the Eyes+1","Static Discharge","Leap+1"],"picked":"SKIP","floor":42.0},{"not_picked":["Aggregate","Streamline+1","Coolheaded+1"],"picked":"SKIP","floor":46.0},{"not_picked":["Go for the Eyes","Leap+1"],"picked":"Double Energy+1","floor":47.0},{"not_picked":["Leap+1","Recycle+1","Genetic Algorithm+1"],"picked":"SKIP","floor":48.0},{"not_picked":["Tempest","White Noise+1"],"picked":"Force Field+1","floor":54}],"player_experience":3575487,"relics_obtained":[{"floor":7.0,"key":"Mummified Hand"},{"floor":9.0,"key":"Ice Cream"},{"floor":10.0,"key":"Nunchaku"},{"floor":23.0,"key":"Mercury Hourglass"},{"floor":25.0,"key":"PreservedInsect"},{"floor":26.0,"key":"CeramicFish"},{"floor":39.0,"key":"Pocketwatch"},{"floor":54,"key":"Oddly Smooth Stone"}],"event_choices":[{"damage_healed":0.0,"max_hp_gain":0.0,"max_hp_loss":0.0,"gold_gain":0.0,"event_name":"Scrap Ooze","player_choice":"Success","floor":3.0,"gold_loss":0.0,"damage_taken":3.0,"relics_obtained":["Lantern"]},{"damage_healed":0.0,"max_hp_gain":0.0,"max_hp_loss":0.0,"gold_gain":0.0,"event_name":"Golden Idol","player_choice":"Take Damage","floor":4.0,"gold_loss":0.0,"damage_taken":18.0,"relics_obtained":["Golden Idol"]},{"damage_healed":0.0,"max_hp_gain":0.0,"max_hp_loss":0.0,"gold_gain":0.0,"event_name":"Shining Light","player_choice":"Entered Light","floor":5.0,"gold_loss":0.0,"damage_taken":15.0,"cards_upgraded":["Dualcast","Defend_B"]},{"damage_healed":0.0,"max_hp_gain":0.0,"max_hp_loss":0.0,"gold_gain":0.0,"event_name":"Big Fish","player_choice":"Box","floor":8.0,"gold_loss":0.0,"damage_taken":0.0,"relics_obtained":["Smiling Mask"],"cards_obtained":["Regret"]},{"damage_healed":0.0,"max_hp_gain":0.0,"max_hp_loss":0.0,"gold_gain":0.0,"event_name":"Forgotten Altar","player_choice":"Gave Idol","floor":19.0,"relics_lost":["Golden Idol"],"gold_loss":0.0,"damage_taken":0.0,"relics_obtained":["Bloody Idol"]},{"damage_healed":0.0,"max_hp_gain":0.0,"max_hp_loss":0.0,"gold_gain":0.0,"event_name":"Upgrade Shrine","player_choice":"Upgraded","floor":20.0,"gold_loss":0.0,"damage_taken":0.0,"cards_upgraded":["Seek"]},{"damage_healed":0.0,"max_hp_gain":0.0,"max_hp_loss":0.0,"gold_gain":99.0,"event_name":"Nest","player_choice":"Stole From Cult","floor":22.0,"gold_loss":0.0,"damage_taken":0.0},{"cards_removed":["Regret"],"damage_healed":0.0,"max_hp_gain":0.0,"max_hp_loss":0.0,"gold_gain":0.0,"event_name":"Back to Basics","player_choice":"Elegance","floor":27.0,"gold_loss":0.0,"damage_taken":0.0},{"damage_healed":0.0,"max_hp_gain":0.0,"max_hp_loss":0.0,"gold_gain":90.0,"event_name":"Knowing Skull","player_choice":"GOLD POTION CARD CARD ","floor":28.0,"potions_obtained":["ColorlessPotion"],"gold_loss":0.0,"damage_taken":31.0,"cards_obtained":["Mind Blast","Dramatic Entrance"]},{"damage_healed":0.0,"max_hp_gain":0.0,"max_hp_loss":0.0,"gold_gain":0.0,"event_name":"Tomb of Lord Red Mask","player_choice":"Paid","floor":37.0,"gold_loss":15.0,"damage_taken":0.0,"relics_obtained":["Red Mask"]},{"damage_healed":0.0,"max_hp_gain":0.0,"max_hp_loss":0.0,"gold_gain":0.0,"event_name":"SensoryStone","player_choice":"Memory 2","floor":38.0,"gold_loss":0.0,"damage_taken":5.0},{"damage_healed":0.0,"max_hp_gain":0.0,"max_hp_loss":0.0,"gold_gain":0.0,"event_name":"Mysterious Sphere","player_choice":"Fight","floor":39.0,"gold_loss":0.0,"damage_taken":0.0},{"damage_healed":0.0,"max_hp_gain":0.0,"max_hp_loss":0.0,"gold_gain":0.0,"event_name":"Accursed Blacksmith","player_choice":"Forge","floor":44.0,"gold_loss":0.0,"damage_taken":0.0,"cards_upgraded":["Fission"]}],"is_beta":false,"boss_relics":[{"not_picked":["Busted Crown","Sozu"],"picked":"SacredBark"},{"not_picked":["Runic Pyramid","Runic Dome"],"picked":"Astrolabe"}],"items_purged_floors":[30,36,53],"is_endless":false,"potions_floor_spawned":[7,10,16,21,23,31,33,39,40,42,47,54],"killed_by":"The Heart","ascension_level":3}}