{"host":"utqe55yv0jihe4d6","time":1609279885,"event":{"mods":["2.2 Compatiblity","AchievementEnabler","BaseMod","Block Reminder","Colored Map","Colored Powertips","Minty Spire (QoL Compilation)","Quick Restart","Rare Cards Sparkle","Relic Stats","SuperFastMode"],"gold_per_floor":[117,1,15,15,33,33,59,76,101,101,117,117,142,158,158,237,237,256,171,171,181,106,131,131,163,189,189,221,221,221,232,232,304,304,322,322,342,342,367,367,367,367],"floor_reached":41,"playtime":2186,"items_purged":["Strike_R"],"score":964,"play_id":"be9dfd70-1f47-45af-a543-34c88fd202da","local_time":"20201229171125","daily_mods":["Chimera","Diverse"],"is_ascension_mode":true,"campfire_choices":[{"data":"All Out Attack","floor":6.0,"key":"SMITH"},{"data":"Crippling Poison","floor":10.0,"key":"SMITH"},{"data":"Shockwave","floor":12.0,"key":"SMITH"},{"data":"Bash","floor":15.0,"key":"SMITH"},{"data":"Disarm","floor":24.0,"key":"SMITH"},{"floor":29.0,"key":"REST"},{"data":"Deadly Poison","floor":32.0,"key":"SMITH"},{"data":"Clothesline","floor":40,"key":"SMITH"}],"circlet_count":0,"master_deck":["AscendersBane","Bash+1","Survivor","Zap","Eruption","Strike_G","Strike_B","Defend_R","Defend_G","Defend_P","Flying Knee","All Out Attack+1","Shockwave+1","Clothesline+1","Quick Slash","Crippling Poison+1","Endless Agony","Bullet Time","Disarm+1","Deadly Poison+1","ThirdEye+1","ForeignInfluence+1","Leg Sweep+1","Tools of the Trade","Secret Technique+1"],"relics":["Burning Blood","CultistMask","Orichalcum","Anchor","Bronze Scales","Velvet Choker","Art of War","Bag of Marbles","Toxic Egg 2","Bag of Preparation","Lizard Tail","Mercury Hourglass","Runic Cube","Bird Faced Urn"],"acts_visited":["Exordium","TheCity","TheBeyond"],"potions_floor_usage":[],"damage_taken":[{"damage":14.0,"enemies":"Jaw Worm","floor":1.0,"turns":4.0},{"damage":0.0,"enemies":"Cultist","floor":3.0,"turns":2.0},{"damage":17.0,"enemies":"Small Slimes","floor":5.0,"turns":3.0},{"damage":22.0,"enemies":"3 Sentries","floor":7.0,"turns":4.0},{"damage":4.0,"enemies":"Looter","floor":8.0,"turns":3.0},{"damage":0.0,"enemies":"Exordium Thugs","floor":11.0,"turns":3.0},{"damage":17.0,"enemies":"Gremlin Nob","floor":13.0,"turns":4.0},{"damage":0.0,"enemies":"Blue Slaver","floor":14.0,"turns":3.0},{"damage":28.0,"enemies":"Slime Boss","floor":16.0,"turns":6.0},{"damage":6.0,"enemies":"Chosen","floor":18.0,"turns":4.0},{"damage":14.0,"enemies":"2 Thieves","floor":21.0,"turns":3.0},{"damage":32.0,"enemies":"Gremlin Leader","floor":23.0,"turns":6.0},{"damage":8.0,"enemies":"Book of Stabbing","floor":25.0,"turns":4.0},{"damage":0.0,"enemies":"Slavers","floor":28.0,"turns":1.0},{"damage":0.0,"enemies":"Snake Plant","floor":31.0,"turns":3.0},{"damage":87.0,"enemies":"Champ","floor":33.0,"turns":15.0},{"damage":5,"enemies":"3 Darklings","floor":35,"turns":4},{"damage":3,"enemies":"Orb Walker","floor":37,"turns":3},{"damage":12,"enemies":"Mind Bloom Boss Battle","floor":39,"turns":4},{"damage":95,"enemies":"Giant Head","floor":41,"turns":7}],"seed_played":"4149354416806940908","potions_obtained":[{"floor":3.0,"key":"Fruit Juice"},{"floor":8.0,"key":"LiquidBronze"},{"floor":11.0,"key":"Swift Potion"},{"floor":16.0,"key":"Regen Potion"},{"floor":25.0,"key":"SteroidPotion"},{"floor":28.0,"key":"Explosive Potion"},{"floor":35,"key":"BlessingOfTheForge"},{"floor":37,"key":"SmokeBomb"},{"floor":39,"key":"SpeedPotion"}],"is_trial":true,"path_per_floor":["M","$","M","?","M","R","E","M","T","R","M","R","E","M","R","B",null,"M","?","?","M","$","E","R","E","T","?","E","R","T","M","R","B",null,"M","?","M","?","?","R","E"],"character_chosen":"IRONCLAD","items_purchased":["All Out Attack","Shockwave"],"campfire_rested":1,"item_purchase_floors":[2,2],"current_hp_per_floor":[60,60,71,71,60,60,44,46,46,46,52,52,41,47,47,25,66,66,66,66,58,58,46,46,44,44,21,27,52,52,58,58,21,69,70,70,73,73,67,67,0,0],"gold":367,"neow_bonus":"","is_daily":false,"chose_seed":false,"campfire_upgraded":7,"win_rate":0.0,"timestamp":1609279885,"path_taken":["M","$","M","?","?","R","E","M","T","R","M","R","E","M","R","BOSS","M","?","?","M","$","E","R","E","T","?","E","R","?","M","R","BOSS","M","?","M","?","?","R","E"],"items_purchased_type":["Card","Card"],"build_version":"2020-12-22","purchased_purges":1,"victory":false,"max_hp_per_floor":[75,75,80,80,80,80,80,80,80,80,80,80,80,80,80,80,80,80,80,80,80,80,80,80,80,80,85,85,85,85,85,85,85,85,85,85,85,85,85,85,85,85],"relic_stats":{"Lizard Tail":42,"counters":[20,86],"Bronze Scales":[146],"Bird Faced Urn":[2],"Art of War":[5],"Bag of Preparation":[14],"Orichalcum":[162],"obtain_stats":[{"Velvet Choker":17,"Bag of Preparation":26,"Orichalcum":7,"Burning Blood":0,"Mercury Hourglass":30,"Anchor":9,"Lizard Tail":28,"Bronze Scales":13,"Bird Faced Urn":39,"CultistMask":4,"Art of War":19,"Bag of Marbles":23,"Toxic Egg 2":25,"Runic Cube":34},{"Velvet Choker":9,"Bag of Preparation":13,"Orichalcum":4,"Burning Blood":0,"Mercury Hourglass":14,"Anchor":5,"Lizard Tail":14,"Bronze Scales":7,"Bird Faced Urn":19,"CultistMask":2,"Art of War":10,"Bag of Marbles":12,"Toxic Egg 2":13,"Runic Cube":16},{"Velvet Choker":32,"Bag of Preparation":49,"Orichalcum":13,"Burning Blood":0,"Mercury Hourglass":50,"Anchor":16,"Lizard Tail":50,"Bronze Scales":23,"Bird Faced Urn":79,"CultistMask":6,"Art of War":36,"Bag of Marbles":45,"Toxic Egg 2":49,"Runic Cube":68}],"Burning Blood":114,"Mercury Hourglass":[81],"Runic Cube":[7]},"card_choices":[{"not_picked":["Go for the Eyes","Well Laid Plans"],"picked":"Flying Knee","floor":1.0},{"not_picked":["True Grit","WindmillStrike"],"picked":"Clothesline","floor":3.0},{"not_picked":["Combust","Streamline"],"picked":"Quick Slash","floor":5.0},{"not_picked":["Tactician","Reflex"],"picked":"Crippling Poison","floor":7.0},{"not_picked":["Cleave","Hologram","WaveOfTheHand"],"picked":"SKIP","floor":8.0},{"not_picked":["Dagger Spray","Limit Break","Heel Hook"],"picked":"SKIP","floor":11.0},{"not_picked":["ReachHeaven","BowlingBash"],"picked":"Endless Agony","floor":13.0},{"not_picked":["Searing Blow","FlyingSleeves","Twin Strike"],"picked":"SKIP","floor":14.0},{"not_picked":["Doppelganger","Envenom"],"picked":"Bullet Time","floor":16.0},{"not_picked":["Wild Strike","Flex"],"picked":"Disarm","floor":18.0},{"not_picked":["Flechettes","Collect","Rampage"],"picked":"SKIP","floor":21.0},{"not_picked":["Perfected Strike","Headbutt","Alpha"],"picked":"SKIP","floor":23.0},{"not_picked":["Crippling Poison+1","Auto Shields+1"],"picked":"ThirdEye+1","floor":25.0},{"not_picked":["Dodge and Roll+1","Backstab"],"picked":"ForeignInfluence+1","floor":28.0},{"not_picked":["Perfected Strike+1","ForeignInfluence+1"],"picked":"Leg Sweep+1","floor":31.0},{"not_picked":["Devotion","Unload"],"picked":"Tools of the Trade","floor":33.0},{"not_picked":["Bloodletting+1","Beam Cell","Warcry+1"],"picked":"SKIP","floor":35},{"not_picked":["Transmutation+1","Good Instincts+1"],"picked":"Secret Technique+1","floor":36},{"not_picked":["Steam+1","Blade Dance+1","Endless Agony"],"picked":"SKIP","floor":37}],"player_experience":2901973,"relics_obtained":[{"floor":7.0,"key":"Orichalcum"},{"floor":9.0,"key":"Anchor"},{"floor":13.0,"key":"Bronze Scales"},{"floor":23.0,"key":"Bag of Marbles"},{"floor":25.0,"key":"Toxic Egg 2"},{"floor":26.0,"key":"Bag of Preparation"},{"floor":28.0,"key":"Lizard Tail"},{"floor":30.0,"key":"Mercury Hourglass"},{"floor":39,"key":"Bird Faced Urn"}],"event_choices":[{"damage_healed":0.0,"max_hp_gain":0.0,"max_hp_loss":0.0,"gold_gain":0.0,"event_name":"FaceTrader","player_choice":"Trade","floor":4.0,"gold_loss":0.0,"damage_taken":0.0,"relics_obtained":["CultistMask"]},{"damage_healed":0.0,"max_hp_gain":0.0,"max_hp_loss":0.0,"gold_gain":0.0,"event_name":"Addict","player_choice":"Obtained Relic","floor":19.0,"gold_loss":85.0,"damage_taken":0.0,"relics_obtained":["Art of War"]},{"damage_healed":0.0,"max_hp_gain":0.0,"max_hp_loss":0.0,"gold_gain":0.0,"event_name":"The Library","player_choice":"Read","floor":20.0,"gold_loss":0.0,"damage_taken":0.0,"cards_obtained":["Deadly Poison"]},{"damage_healed":0.0,"max_hp_gain":5.0,"max_hp_loss":0.0,"gold_gain":0.0,"event_name":"Forgotten Altar","player_choice":"Shed Blood","floor":27.0,"gold_loss":0.0,"damage_taken":28.0},{"damage_healed":0,"gold_gain":0,"player_choice":"Memory 1","damage_taken":0,"max_hp_gain":0,"max_hp_loss":0,"event_name":"SensoryStone","floor":36,"gold_loss":0},{"damage_healed":0,"gold_gain":0,"player_choice":"Ignored","damage_taken":0,"max_hp_gain":0,"max_hp_loss":0,"event_name":"Tomb of Lord Red Mask","floor":38,"gold_loss":0},{"damage_healed":0,"gold_gain":0,"player_choice":"Fight","damage_taken":0,"max_hp_gain":0,"max_hp_loss":0,"event_name":"MindBloom","floor":39,"gold_loss":0}],"is_beta":false,"boss_relics":[{"not_picked":["SlaversCollar","Coffee Dripper"],"picked":"Velvet Choker"},{"not_picked":["Busted Crown","Sozu"],"picked":"Runic Cube"}],"items_purged_floors":[22],"is_endless":false,"potions_floor_spawned":[3,8,11,16,21,25,28,35,37,39],"killed_by":"Giant Head","ascension_level":20}}