{"host":"dpbezu80jg8zk7un","time":1609284563,"event":{"mods":["BaseMod","Colored Map","Colored Powertips","Custom Start","DeckTracker","Minty Spire (QoL Compilation)","Quick Restart","StSLib","SuperFastMode"],"gold_per_floor":[113,38,38,52,69,69,94,105,105,105,137,195,207,233,245,331,343,375,403,296,296,196,229,229,263,263,282,282,297,297,297,297,368,368,383,395,411,411,119,119,132,167,167,167,182,210,60,80,80,80,80],"floor_reached":50,"playtime":1755,"items_purged":["Strike_P","Strike_P","Decay","Defend_P"],"score":1450,"play_id":"c81571fb-c3d6-4751-9a71-144cbaadfe09","local_time":"20201230082923","is_ascension_mode":true,"campfire_choices":[{"data":"Eruption","floor":6.0,"key":"SMITH"},{"data":"Adaptation","floor":10.0,"key":"SMITH"},{"data":"Meditate","floor":13.0,"key":"SMITH"},{"data":"WheelKick","floor":15.0,"key":"SMITH"},{"floor":24.0,"key":"REST"},{"floor":28.0,"key":"RECALL"},{"floor":32.0,"key":"REST"},{"floor":40.0,"key":"REST"},{"floor":44.0,"key":"REST"},{"data":"Scrawl","floor":49,"key":"SMITH"}],"circlet_count":0,"master_deck":["AscendersBane","Strike_P","Strike_P","Defend_P","Defend_P","Eruption+1","Vigilance","DeusExMachina","EmptyFist","WheelKick+1","FlurryOfBlows","Adaptation+1","Meditate+1","Establishment","FearNoEvil","Adaptation+1","Halt+1","Scrawl+1"],"relics":["HolyWater","NeowsBlessing","Matryoshka","Mercury Hourglass","Yang","MawBank","Omamori","Orichalcum","Pantograph","Strawberry","Necronomicon","Runic Pyramid","Medical Kit","Darkstone Periapt","Bag of Preparation","PreservedInsect"],"acts_visited":["Exordium","TheCity","TheBeyond"],"potions_floor_usage":[],"damage_taken":[{"damage":0.0,"enemies":"Small Slimes","floor":1.0,"turns":1.0},{"damage":0.0,"enemies":"Cultist","floor":4.0,"turns":1.0},{"damage":0.0,"enemies":"2 Louse","floor":5.0,"turns":1.0},{"damage":2.0,"enemies":"3 Sentries","floor":7.0,"turns":3.0},{"damage":11.0,"enemies":"2 Fungi Beasts","floor":8.0,"turns":3.0},{"damage":0.0,"enemies":"Gremlin Nob","floor":11.0,"turns":2.0},{"damage":13.0,"enemies":"Exordium Thugs","floor":14.0,"turns":2.0},{"damage":0.0,"enemies":"Slime Boss","floor":16.0,"turns":5.0},{"damage":18.0,"enemies":"2 Thieves","floor":18.0,"turns":2.0},{"damage":0.0,"enemies":"Spheric Guardian","floor":19.0,"turns":2.0},{"damage":27.0,"enemies":"Book of Stabbing","floor":23.0,"turns":4.0},{"damage":0.0,"enemies":"Gremlin Leader","floor":25.0,"turns":3.0},{"damage":0.0,"enemies":"Snake Plant","floor":27.0,"turns":2.0},{"damage":17.0,"enemies":"Centurion and Healer","floor":29.0,"turns":3.0},{"damage":14.0,"enemies":"Champ","floor":33.0,"turns":7.0},{"damage":12.0,"enemies":"Orb Walker","floor":35.0,"turns":3.0},{"damage":0.0,"enemies":"3 Darklings","floor":36.0,"turns":2.0},{"damage":26.0,"enemies":"4 Shapes","floor":37.0,"turns":5.0},{"damage":0.0,"enemies":"Transient","floor":41.0,"turns":6.0},{"damage":0.0,"enemies":"Giant Head","floor":42.0,"turns":5.0},{"damage":0.0,"enemies":"Maw","floor":45.0,"turns":3.0},{"damage":0.0,"enemies":"Reptomancer","floor":46.0,"turns":4.0},{"damage":0,"enemies":"Sphere and 2 Shapes","floor":48,"turns":2},{"damage":85,"enemies":"Time Eater","floor":50,"turns":6}],"seed_played":"-7739955144444182561","potions_obtained":[{"floor":4.0,"key":"ColorlessPotion"},{"floor":5.0,"key":"ColorlessPotion"},{"floor":8.0,"key":"Swift Potion"},{"floor":16.0,"key":"DuplicationPotion"},{"floor":18.0,"key":"Weak Potion"},{"floor":19.0,"key":"PowerPotion"},{"floor":37.0,"key":"BlessingOfTheForge"}],"is_trial":false,"path_per_floor":["M","?","?","M","M","R","E","M","T","R","E","T","R","M","R","B",null,"M","M","$","?","$","E","R","E","T","M","R","M","?","?","R","B",null,"M","M","M","?","$","R","M","E","T","R","M","E","$","M","R","B"],"character_chosen":"WATCHER","items_purchased":["FearNoEvil","Medical Kit"],"campfire_rested":4,"item_purchase_floors":[20,39],"current_hp_per_floor":[61,61,61,61,61,61,59,48,48,48,48,48,48,35,35,35,60,42,42,42,42,42,15,35,42,42,42,42,25,4,4,26,37,66,54,54,28,28,28,50,50,50,50,72,72,72,72,72,72,0,0],"gold":80,"neow_bonus":"THREE_ENEMY_KILL","is_daily":false,"chose_seed":false,"campfire_upgraded":5,"win_rate":0.0,"timestamp":1609284563,"path_taken":["M","?","?","?","M","R","E","M","T","R","E","?","R","M","R","BOSS","M","M","$","?","$","E","R","E","T","M","R","M","?","?","R","BOSS","M","M","M","?","?","R","M","E","T","R","?","E","?","?","R","BOSS"],"items_purchased_type":["Card","Relic"],"build_version":"2020-12-22","purchased_purges":4,"victory":false,"max_hp_per_floor":[68,68,68,68,68,68,68,68,68,68,68,68,68,68,68,68,68,68,68,68,68,68,68,68,75,75,75,75,75,75,75,75,75,75,75,75,75,75,75,75,75,75,75,75,75,75,75,75,75,75,75],"card_choices":[{"not_picked":["FlyingSleeves","BowlingBash","Worship"],"picked":"SKIP","floor":1.0},{"not_picked":["PathToVictory","Perseverance"],"picked":"EmptyFist","floor":4.0},{"not_picked":["DeceiveReality","Halt"],"picked":"WheelKick","floor":5.0},{"not_picked":["FlyingSleeves","Consecrate"],"picked":"FlurryOfBlows","floor":7.0},{"not_picked":["SashWhip","CrushJoints"],"picked":"Adaptation","floor":8.0},{"not_picked":["CutThroughFate","TalkToTheHand"],"picked":"Meditate","floor":11.0},{"not_picked":["EmptyFist","DeusExMachina","Pray"],"picked":"SKIP","floor":14.0},{"not_picked":["LessonLearned","Blasphemy"],"picked":"Establishment","floor":16.0},{"not_picked":["ThirdEye","Consecrate","Meditate"],"picked":"SKIP","floor":18.0},{"not_picked":["FlyingSleeves","SashWhip","Consecrate"],"picked":"SKIP","floor":19.0},{"not_picked":["ClearTheMind+1","FearNoEvil","SandsOfTime"],"picked":"SKIP","floor":23.0},{"not_picked":["JustLucky","Prostrate"],"picked":"Adaptation+1","floor":25.0},{"not_picked":["Consecrate","Collect","ReachHeaven"],"picked":"SKIP","floor":27.0},{"not_picked":["FlurryOfBlows","WreathOfFlame","SashWhip"],"picked":"SKIP","floor":29.0},{"not_picked":["Crescendo","Indignation+1"],"picked":"Halt+1","floor":35.0},{"not_picked":["SashWhip+1","JustLucky","Fasting2"],"picked":"SKIP","floor":36.0},{"not_picked":["SashWhip+1","FollowUp","Prostrate"],"picked":"SKIP","floor":37.0},{"not_picked":["SashWhip","LikeWater+1","Fasting2"],"picked":"SKIP","floor":41.0},{"not_picked":["SashWhip","ClearTheMind+1"],"picked":"Scrawl","floor":42.0},{"not_picked":["Crescendo","Consecrate+1","Fasting2"],"picked":"SKIP","floor":45.0},{"not_picked":["FlyingSleeves","Blasphemy","Conclude"],"picked":"SKIP","floor":46.0},{"not_picked":["JustLucky","DeceiveReality","CrushJoints"],"picked":"SKIP","floor":48}],"player_experience":2802183,"relics_obtained":[{"floor":7.0,"key":"Matryoshka"},{"floor":9.0,"key":"Mercury Hourglass"},{"floor":9.0,"key":"Yang"},{"floor":11.0,"key":"MawBank"},{"floor":12.0,"key":"Omamori"},{"floor":23.0,"key":"Pantograph"},{"floor":25.0,"key":"Strawberry"},{"floor":30.0,"key":"Necronomicon"},{"floor":42.0,"key":"Darkstone Periapt"},{"floor":43.0,"key":"Bag of Preparation"},{"floor":46.0,"key":"PreservedInsect"}],"event_choices":[{"cards_removed":["Defend_P"],"damage_healed":0.0,"max_hp_gain":0.0,"max_hp_loss":0.0,"gold_gain":0.0,"event_name":"The Cleric","player_choice":"Card Removal","floor":2.0,"gold_loss":75.0,"damage_taken":0.0},{"damage_healed":0.0,"max_hp_gain":0.0,"max_hp_loss":0.0,"gold_gain":0.0,"event_name":"Match and Keep!","player_choice":"1 cards matched","floor":3.0,"gold_loss":0.0,"damage_taken":0.0,"cards_obtained":["DeusExMachina"]},{"damage_healed":0.0,"max_hp_gain":0.0,"max_hp_loss":0.0,"gold_gain":0.0,"event_name":"Addict","player_choice":"Stole Relic","floor":21.0,"gold_loss":0.0,"damage_taken":0.0,"relics_obtained":["Orichalcum"],"cards_obtained":["Shame"]},{"damage_healed":0.0,"max_hp_gain":0.0,"max_hp_loss":0.0,"gold_gain":0.0,"event_name":"Cursed Tome","player_choice":"Obtained Book","floor":30.0,"gold_loss":0.0,"damage_taken":21.0},{"damage_healed":0.0,"max_hp_gain":0.0,"max_hp_loss":0.0,"gold_gain":0.0,"event_name":"Forgotten Altar","player_choice":"Smashed Altar","floor":31.0,"gold_loss":0.0,"damage_taken":0.0,"cards_obtained":["Decay"]},{"damage_healed":0.0,"max_hp_gain":0.0,"max_hp_loss":0.0,"gold_gain":0.0,"event_name":"SecretPortal","player_choice":"Ignored","floor":38.0,"gold_loss":0.0,"damage_taken":0.0}],"is_beta":false,"boss_relics":[{"not_picked":["Coffee Dripper","Astrolabe"],"picked":"HolyWater"},{"not_picked":["Pandora\u0027s Box","Busted Crown"],"picked":"Runic Pyramid"}],"items_purged_floors":[20,22,39,47],"is_endless":false,"potions_floor_spawned":[4,5,8,16,18,19,25,37,42,46],"killed_by":"Time Eater","ascension_level":20}}