{"host":"q4axc00jr2bozlh9","time":1609274109,"event":{"mods":["AchievementEnabler","BaseMod","Bestiary","Colored Map","Colored Powertips","Curses Come First","Minty Spire (QoL Compilation)","Relic Stats","StSLib","SuperFastMode"],"gold_per_floor":[13,13,30,30,40,367,387,387,467,487,487,499,510,520,520,616,616,636,652,652,652,389,389,405,424,424,440,440,540,567,567,567,671,671,683,699,711,711,721,721,721,749,749,764,764,794,794,811,811,811,811],"floor_reached":50,"playtime":5894,"items_purged":["Strike_R"],"score":633,"play_id":"a4595876-af2e-4c96-a8aa-a06f0e7d1097","local_time":"20201229213509","is_ascension_mode":false,"campfire_choices":[{"data":"True Grit","floor":8,"key":"SMITH"},{"data":"Armaments","floor":15,"key":"SMITH"},{"data":"Mayhem","floor":23,"key":"SMITH"},{"data":"Clothesline","floor":28,"key":"SMITH"},{"floor":32,"key":"REST"},{"floor":41,"key":"REST"},{"floor":45,"key":"REST"},{"data":"Impervious","floor":49,"key":"SMITH"}],"circlet_count":0,"master_deck":["Strike_R","Defend_R","Defend_R","Defend_R","Defend_R","Bash","True Grit+1","Shrug It Off","Rampage","Clothesline+1","Warcry","Metallicize","Dropkick","Armaments+1","Impervious+1","Warcry+1","Metallicize","Mayhem+1","Pommel Strike+1","Thunderclap","Fiend Fire","Shrug It Off+1","Evolve"],"relics":["Burning Blood","Dead Branch","CultistMask","Old Coin","Letter Opener","Paper Frog","Busted Crown","Boot","Mercury Hourglass","StoneCalendar","Bottled Flame","Darkstone Periapt","SlaversCollar","Ornamental Fan","Shuriken","Lantern"],"acts_visited":["Exordium","TheCity","TheBeyond"],"potions_floor_usage":[16,33,39,40,40,50,50,50],"damage_taken":[{"damage":1,"enemies":"2 Louse","floor":1,"turns":5},{"damage":3,"enemies":"Small Slimes","floor":3,"turns":4},{"damage":1,"enemies":"Cultist","floor":5,"turns":4},{"damage":30,"enemies":"3 Sentries","floor":6,"turns":6},{"damage":3,"enemies":"Exordium Thugs","floor":7,"turns":6},{"damage":9,"enemies":"Lots of Slimes","floor":10,"turns":5},{"damage":0,"enemies":"Large Slime","floor":12,"turns":6},{"damage":10,"enemies":"3 Louse","floor":13,"turns":4},{"damage":7,"enemies":"Lots of Slimes","floor":14,"turns":5},{"damage":19,"enemies":"Slime Boss","floor":16,"turns":20},{"damage":2,"enemies":"Shell Parasite","floor":18,"turns":12},{"damage":21,"enemies":"3 Byrds","floor":19,"turns":5},{"damage":9,"enemies":"Snecko","floor":24,"turns":4},{"damage":15,"enemies":"3 Cultists","floor":25,"turns":6},{"damage":1,"enemies":"Snake Plant","floor":27,"turns":5},{"damage":8,"enemies":"Colosseum Slavers","floor":29,"turns":5},{"damage":4,"enemies":"Colosseum Nobs","floor":29,"turns":5},{"damage":24,"enemies":"Book of Stabbing","floor":30,"turns":6},{"damage":20,"enemies":"Collector","floor":33,"turns":8},{"damage":6,"enemies":"3 Darklings","floor":35,"turns":5},{"damage":2,"enemies":"Orb Walker","floor":36,"turns":5},{"damage":14,"enemies":"Jaw Worm Horde","floor":37,"turns":7},{"damage":19,"enemies":"3 Darklings","floor":39,"turns":5},{"damage":56,"enemies":"Reptomancer","floor":40,"turns":6},{"damage":0,"enemies":"Nemesis","floor":42,"turns":5},{"damage":0,"enemies":"Maw","floor":44,"turns":8},{"damage":0,"enemies":"Giant Head","floor":46,"turns":7},{"damage":15,"enemies":"Spire Growth","floor":48,"turns":5},{"damage":66,"enemies":"Time Eater","floor":50,"turns":9}],"seed_played":"-4283370459403272980","potions_obtained":[{"floor":1,"key":"Weak Potion"},{"floor":5,"key":"ColorlessPotion"},{"floor":7,"key":"GamblersBrew"},{"floor":18,"key":"DuplicationPotion"},{"floor":24,"key":"SmokeBomb"},{"floor":30,"key":"Weak Potion"},{"floor":36,"key":"PowerPotion"},{"floor":44,"key":"LiquidMemories"},{"floor":46,"key":"ColorlessPotion"},{"floor":48,"key":"Strength Potion"}],"is_trial":false,"path_per_floor":["M","?","M","?","M","E","M","R","T","M","T","M","M","M","R","B",null,"M","M","?","?","$","R","M","M","T","M","R","?","E","?","R","B",null,"M","M","M","?","M","E","R","E","T","M","R","E","?","M","R","B"],"character_chosen":"IRONCLAD","items_purchased":["Mayhem"],"campfire_rested":3,"item_purchase_floors":[22],"current_hp_per_floor":[80,80,80,80,80,56,59,59,59,56,56,62,58,57,57,44,80,80,65,65,65,65,65,62,53,53,58,58,58,40,40,64,50,80,80,80,72,72,59,9,33,39,39,45,69,75,75,66,66,0,0],"gold":811,"neow_bonus":"ONE_RARE_RELIC","is_daily":false,"chose_seed":false,"campfire_upgraded":5,"win_rate":0.0,"timestamp":1609274109,"path_taken":["M","?","M","?","M","E","M","R","T","?","?","?","?","M","R","BOSS","M","M","?","?","$","R","M","M","T","?","R","?","E","?","R","BOSS","M","M","M","?","?","E","R","E","T","M","R","E","?","M","R","BOSS"],"items_purchased_type":["Card"],"build_version":"2020-12-22","purchased_purges":1,"victory":false,"max_hp_per_floor":[80,80,80,80,80,80,80,80,80,80,80,80,80,80,80,80,80,80,80,80,80,80,80,80,80,80,80,80,80,80,80,80,80,80,80,80,80,80,80,80,80,80,80,80,80,80,80,80,80,80,80],"relic_stats":{"Darkstone Periapt":0,"Busted Crown":32,"counters":[29,183],"Ornamental Fan":[52],"Shuriken":[13],"Dead Branch":[189],"StoneCalendar":[183],"Letter Opener":[397],"Boot":[55],"obtain_stats":[{"Darkstone Periapt":30,"Lantern":46,"Dead Branch":0,"StoneCalendar":29,"Letter Opener":9,"Boot":21,"Burning Blood":0,"Old Coin":6,"Mercury Hourglass":26,"SlaversCollar":34,"Bottled Flame":29,"Busted Crown":17,"Ornamental Fan":42,"Shuriken":43,"CultistMask":4,"Paper Frog":11},{"Darkstone Periapt":18,"Lantern":27,"Dead Branch":0,"StoneCalendar":17,"Letter Opener":5,"Boot":12,"Burning Blood":0,"Old Coin":4,"Mercury Hourglass":14,"SlaversCollar":19,"Bottled Flame":17,"Busted Crown":10,"Ornamental Fan":25,"Shuriken":25,"CultistMask":2,"Paper Frog":6},{"Darkstone Periapt":113,"Lantern":169,"Dead Branch":0,"StoneCalendar":107,"Letter Opener":25,"Boot":82,"Burning Blood":0,"Old Coin":19,"Mercury Hourglass":92,"SlaversCollar":121,"Bottled Flame":107,"Busted Crown":65,"Ornamental Fan":154,"Shuriken":154,"CultistMask":9,"Paper Frog":30}],"Burning Blood":147,"Mercury Hourglass":[353]},"card_choices":[{"not_picked":["Disarm","Headbutt"],"picked":"True Grit","floor":1},{"not_picked":["Uppercut","Body Slam"],"picked":"Shrug It Off","floor":3},{"not_picked":["Warcry","Perfected Strike"],"picked":"Rampage","floor":5},{"not_picked":["Sword Boomerang","Warcry"],"picked":"Clothesline","floor":6},{"not_picked":["Shrug It Off","Pommel Strike"],"picked":"Warcry","floor":7},{"not_picked":["Rampage","Brutality","Sever Soul"],"picked":"SKIP","floor":10},{"not_picked":["Clothesline","Infernal Blade"],"picked":"Metallicize","floor":12},{"not_picked":["Sword Boomerang","Perfected Strike"],"picked":"Dropkick","floor":13},{"not_picked":["Juggernaut","Perfected Strike"],"picked":"Armaments","floor":14},{"not_picked":["Offering","Feed"],"picked":"Impervious","floor":16},{"not_picked":[],"picked":"Warcry+1","floor":18},{"not_picked":["Clothesline"],"picked":"SKIP","floor":19},{"not_picked":["Heavy Blade"],"picked":"SKIP","floor":24},{"not_picked":[],"picked":"Pommel Strike+1","floor":25},{"not_picked":[],"picked":"Thunderclap","floor":27},{"not_picked":["Heavy Blade"],"picked":"SKIP","floor":30},{"not_picked":[],"picked":"Fiend Fire","floor":33},{"not_picked":[],"picked":"Shrug It Off+1","floor":35},{"not_picked":["Body Slam+1"],"picked":"SKIP","floor":36},{"not_picked":["Wild Strike+1"],"picked":"SKIP","floor":37},{"not_picked":["Uppercut"],"picked":"SKIP","floor":39},{"not_picked":[],"picked":"Evolve","floor":42},{"not_picked":["Blood for Blood"],"picked":"SKIP","floor":44},{"not_picked":["Armaments+1"],"picked":"SKIP","floor":46},{"not_picked":["Clash"],"picked":"SKIP","floor":48}],"player_experience":173647,"relics_obtained":[{"floor":6,"key":"Old Coin"},{"floor":9,"key":"Letter Opener"},{"floor":11,"key":"Paper Frog"},{"floor":26,"key":"Mercury Hourglass"},{"floor":29,"key":"StoneCalendar"},{"floor":29,"key":"Bottled Flame"},{"floor":30,"key":"Darkstone Periapt"},{"floor":42,"key":"Ornamental Fan"},{"floor":43,"key":"Shuriken"},{"floor":46,"key":"Lantern"}],"event_choices":[{"cards_removed":["Strike_R"],"damage_healed":0,"gold_gain":0,"player_choice":"Forget","damage_taken":0,"max_hp_gain":0,"max_hp_loss":0,"event_name":"Living Wall","floor":2,"gold_loss":0},{"damage_healed":0,"gold_gain":0,"player_choice":"Trade","damage_taken":0,"relics_obtained":["CultistMask"],"max_hp_gain":0,"max_hp_loss":0,"event_name":"FaceTrader","floor":4,"gold_loss":0},{"damage_healed":0,"gold_gain":0,"player_choice":"Read","damage_taken":0,"max_hp_gain":0,"max_hp_loss":0,"event_name":"The Library","floor":20,"gold_loss":0,"cards_obtained":["Metallicize"]},{"damage_healed":0,"gold_gain":0,"player_choice":"Gave Potion","damage_taken":0,"relics_obtained":["Boot"],"max_hp_gain":0,"max_hp_loss":0,"event_name":"WeMeetAgain","floor":21,"gold_loss":0},{"damage_healed":0,"gold_gain":0,"player_choice":"Fight","damage_taken":0,"max_hp_gain":0,"max_hp_loss":0,"event_name":"Colosseum","floor":29,"gold_loss":0},{"damage_healed":0,"gold_gain":0,"player_choice":"Fought Nobs","damage_taken":0,"max_hp_gain":0,"max_hp_loss":0,"event_name":"Colosseum","floor":29,"gold_loss":0},{"cards_removed":["Strike_R"],"damage_healed":0,"gold_gain":0,"player_choice":"Elegance","damage_taken":0,"max_hp_gain":0,"max_hp_loss":0,"event_name":"Back to Basics","floor":31,"gold_loss":0},{"cards_removed":["Strike_R"],"damage_healed":0,"gold_gain":0,"player_choice":"Offered Basic","damage_taken":0,"max_hp_gain":0,"max_hp_loss":0,"event_name":"Bonfire Elementals","floor":38,"gold_loss":0},{"damage_healed":0,"gold_gain":0,"player_choice":"Ignored","damage_taken":0,"max_hp_gain":0,"max_hp_loss":0,"event_name":"NoteForYourself","floor":47,"gold_loss":0}],"is_beta":false,"boss_relics":[{"not_picked":["Black Blood","Empty Cage"],"picked":"Busted Crown"},{"not_picked":["Philosopher\u0027s Stone","Coffee Dripper"],"picked":"SlaversCollar"}],"items_purged_floors":[22],"is_endless":false,"potions_floor_spawned":[1,5,7,12,18,24,27,29,30,36,37,44,46,48],"killed_by":"Time Eater","ascension_level":0}}