{"host":"4lebci84u2l5u89t","time":1609234937,"event":{"mods":["AchievementEnabler","Aspiration","Bard","BaseMod","Beaked The Cultist","Better Altar","Better Match","Better Note","Better Sensory Stone","Better Skull","Better Third Choice","BetterRewards","CCEM","Colored Map","Conspire","GifTheSpireLib","Googly Eyes","Halation","Hermit","Highlight Path","Hubris","Jedi Mod","Jorbs\u0027s Wanderer Trilogy","Lobotomy","LobotomyExtend","Mad Scientist","Marisa????????","Mimic Mod","Minty Spire (QoL Compilation)","Permanent Neow","Replay The Spire","Shade Mod","Spicy Shops","StSLib","Stuff the Spire","The Administrix","The Mystic","Unceasing Turn Reminder"],"gold_per_floor":[114,132,143,154,167,182,182,195,226,226,151,169,182,214,214,214,214],"floor_reached":16,"playtime":658,"items_purged":[],"score":108,"play_id":"c3b005ad-34fa-4ce5-9ab6-c10c5b8ccc6e","local_time":"20201229104217","is_ascension_mode":false,"campfire_choices":[{"floor":15,"key":"REST"}],"circlet_count":0,"master_deck":["SpecialBullet","SpecialBullet","SpecialBullet","SpecialBullet","SpecialBullet","SpecialBullet","SpecialBullet","SpecialBullet","InformationCode","SecurityCode","RecordCode","BloodyDesire","Lamp+10","RedShoes","BloodyDesire+1","NothingThere"],"relics":["CogitoBucket","LetterFromLob","AdjustmentMirror","Replay:Rubber Ducky","halation:AfternoonTea"],"acts_visited":["Exordium"],"potions_floor_usage":[6],"damage_taken":[{"damage":10,"enemies":"conspire:RoseBush","floor":1,"turns":2},{"damage":12,"enemies":"Cultist","floor":2,"turns":3},{"damage":7,"enemies":"2 Louse","floor":3,"turns":2},{"damage":19,"enemies":"2 Fungi Beasts","floor":4,"turns":3},{"damage":21,"enemies":"Exordium Thugs","floor":5,"turns":4},{"damage":20,"enemies":"Lots of Slimes","floor":6,"turns":4},{"damage":17,"enemies":"Gremlin Gang","floor":8,"turns":4},{"damage":19,"enemies":"Looter","floor":9,"turns":5},{"damage":6,"enemies":"Looter","floor":12,"turns":2},{"damage":0,"enemies":"Red Slaver","floor":13,"turns":1},{"damage":45,"enemies":"3 Sentries","floor":14,"turns":7},{"damage":79,"enemies":"Fading Forest","floor":16,"turns":4}],"seed_played":"6116565820179280362","potions_obtained":[{"floor":2,"key":"Explosive Potion"},{"floor":3,"key":"BlessingOfTheForge"},{"floor":8,"key":"Dexterity Potion"},{"floor":13,"key":"Elixir"}],"is_trial":false,"path_per_floor":["M","M","M","M","M","M","E","M","MIM","R","?","M","M","E","R","B"],"character_chosen":"Angela","items_purchased":[],"campfire_rested":1,"item_purchase_floors":[],"current_hp_per_floor":[68,64,66,57,46,36,36,29,24,24,24,31,47,19,43,0,0],"gold":214,"neow_bonus":"THREE_CARDS","is_daily":false,"chose_seed":false,"campfire_upgraded":0,"win_rate":0.0,"timestamp":1609234937,"path_taken":["M","M","?","M","M","M","E","M","MIM","R","?","?","M","E","R","BOSS"],"items_purchased_type":[],"build_version":"2020-12-22","purchased_purges":0,"victory":false,"max_hp_per_floor":[70,70,70,70,70,70,70,70,74,74,74,74,78,82,82,82,82],"card_choices":[{"not_picked":["CrimsonScar","Laetitia_ego"],"picked":"BloodyDesire","floor":0},{"not_picked":["SomewhereSpear","Noise"],"picked":"SKIP","floor":1},{"not_picked":["WallGazer","FairyFestival"],"picked":"Funeral","floor":2},{"not_picked":["TodaysExpression","Hypocrisy"],"picked":"SKIP","floor":2},{"not_picked":["Spore"],"picked":"Lamp","floor":3},{"not_picked":["ScreamingWedge","Soda"],"picked":"SKIP","floor":4},{"not_picked":["FourthMatchFlame","SomewhereSpear"],"picked":"SKIP","floor":5},{"not_picked":["ScreamingWedge","FourthMatchFlame"],"picked":"SKIP","floor":6},{"not_picked":["Regret_ego","Horn"],"picked":"SKIP","floor":8},{"not_picked":["FairyFestival","MHz"],"picked":"RedShoes","floor":9},{"not_picked":["FrostShard+1"],"picked":"BloodyDesire+1","floor":11},{"not_picked":["SomewhereSpear","Loneliness"],"picked":"SKIP","floor":12},{"not_picked":["Murderer","LittleHelper"],"picked":"SnowQueen","floor":13},{"not_picked":["Lantern","Regret_ego"],"picked":"SKIP","floor":13},{"not_picked":["BeautyBeast","SpiderBud"],"picked":"NothingThere","floor":14},{"not_picked":["Moonlight","FrostShard"],"picked":"SKIP","floor":14}],"player_experience":273014,"relics_obtained":[{"floor":1,"key":"LetterFromLob"},{"floor":9,"key":"Replay:Rubber Ducky"},{"floor":14,"key":"halation:AfternoonTea"}],"event_choices":[{"damage_healed":0,"gold_gain":0,"player_choice":"2","damage_taken":0,"max_hp_gain":0,"max_hp_loss":0,"event_name":"betterMatch:BetterMatch","floor":11,"gold_loss":0,"cards_obtained":["betterMatch:UncommonCard"]}],"is_beta":false,"boss_relics":[],"items_purged_floors":[],"is_endless":false,"potions_floor_spawned":[2,3,8,13],"killed_by":"Fading Forest","ascension_level":0}}