{"host":"c5slkkw8hp42e20v","time":1609215938,"event":{"mods":["AchievementEnabler","BaseMod","Better Note","BetterRewards","Colored Powertips","DeckTracker","Duelist Mod","GifTheSpireLib","Hermit","Highlight Path","Minty Spire (QoL Compilation)","Quick Restart","Rare Cards Sparkle","Spicy Shops","StSLib","The Animator","The Hierophant","The Poker Player"],"gold_per_floor":[110,110,35,49,49,84,84,115,138,138,154,154,183,183,183,282,282,301,335,355,17,27,27,27],"floor_reached":23,"playtime":2576,"items_purged":["Strike_R"],"score":244,"play_id":"5526ea2a-3e70-49c9-bf3a-ad787c72b4f1","local_time":"20201228222538","is_ascension_mode":true,"campfire_choices":[{"data":"Iron Wave","floor":7.0,"key":"SMITH"},{"data":"Bludgeon","floor":10.0,"key":"SMITH"},{"data":"Heavy Blade","floor":12.0,"key":"SMITH"},{"floor":15.0,"key":"REST"}],"circlet_count":0,"master_deck":["Strike_R","Strike_R","Strike_R","Strike_R","Defend_R","Defend_R+1","Defend_R+1","Defend_R","Bash","Uppercut+1","Twin Strike","Iron Wave+1","Bludgeon+1","Heavy Blade+1","Twin Strike","Bludgeon","Armaments","Havoc","Impervious","Shrug It Off","Iron Wave","Inflame","Sword Boomerang","Clothesline+1","Demon Form","Rampage","Flame Barrier+1","Havoc+1"],"relics":["Burning Blood","NeowsBlessing","Omamori","Potion Belt","War Paint","Ancient Tea Set","Black Star","Red Mask","Orrery"],"acts_visited":["Exordium","TheCity"],"potions_floor_usage":[],"damage_taken":[{"damage":0.0,"enemies":"Cultist","floor":1.0,"turns":1.0},{"damage":0.0,"enemies":"2 Louse","floor":4.0,"turns":1.0},{"damage":0.0,"enemies":"Lagavulin","floor":6.0,"turns":1.0},{"damage":6.0,"enemies":"Gremlin Nob","floor":8.0,"turns":4.0},{"damage":0.0,"enemies":"Small Slimes","floor":11.0,"turns":3.0},{"damage":20.0,"enemies":"3 Sentries","floor":13.0,"turns":6.0},{"damage":45.0,"enemies":"Slime Boss","floor":16.0,"turns":12.0},{"damage":20.0,"enemies":"Chosen","floor":18.0,"turns":4.0},{"damage":17.0,"enemies":"Masked Bandits","floor":19.0,"turns":4.0},{"damage":10,"enemies":"Spheric Guardian","floor":20,"turns":3},{"damage":12,"enemies":"Centurion and Healer","floor":22,"turns":6},{"damage":61,"enemies":"Gremlin Leader","floor":23,"turns":7}],"seed_played":"-1220333073483484104","potions_obtained":[{"floor":1.0,"key":"Explosive Potion"},{"floor":11.0,"key":"PowerPotion"},{"floor":16.0,"key":"EssenceOfSteel"},{"floor":19,"key":"Block Potion"},{"floor":20,"key":"Explosive Potion"}],"is_trial":false,"path_per_floor":["M","?","$","M","?","E","R","E","T","R","M","R","E","?","R","B",null,"M","?","M","$","M","E"],"character_chosen":"IRONCLAD","items_purchased":["Shrug It Off","Iron Wave","Inflame","Orrery"],"campfire_rested":1,"item_purchase_floors":[21,21,21,21],"current_hp_per_floor":[80,80,80,80,85,85,85,85,85,85,85,85,71,71,85,46,85,71,60,56,56,50,0,0],"gold":27,"neow_bonus":"THREE_ENEMY_KILL","is_daily":false,"chose_seed":false,"campfire_upgraded":3,"win_rate":0.0,"timestamp":1609215938,"path_taken":["M","?","$","?","?","E","R","E","T","R","M","R","E","?","R","BOSS","M","?","M","$","M","E"],"items_purchased_type":["Card","Card","Card","Relic"],"build_version":"2020-12-22","purchased_purges":1,"victory":false,"max_hp_per_floor":[80,80,80,80,85,85,85,85,85,85,85,85,85,85,85,85,85,85,85,85,85,85,85,85],"card_choices":[{"not_picked":["Heavy Blade","Second Wind"],"picked":"Uppercut","floor":1.0},{"not_picked":["Perfected Strike","Feel No Pain"],"picked":"Twin Strike","floor":4.0},{"not_picked":["Battle Trance","Uppercut"],"picked":"Iron Wave","floor":6.0},{"not_picked":["Warcry","Metallicize"],"picked":"Bludgeon","floor":8.0},{"not_picked":["Flex","Entrench"],"picked":"Heavy Blade","floor":11.0},{"not_picked":["Flame Barrier","Anger"],"picked":"Twin Strike","floor":13.0},{"not_picked":["Exhume","Barricade"],"picked":"Bludgeon","floor":16.0},{"not_picked":["Rage+1","Flex"],"picked":"Armaments","floor":18.0},{"not_picked":["Blood for Blood","Clothesline"],"picked":"Havoc","floor":19},{"not_picked":["Pommel Strike","Heavy Blade"],"picked":"Impervious","floor":20},{"not_picked":["Clothesline","Fiend Fire"],"picked":"Sword Boomerang","floor":21},{"not_picked":["Anger","Fire Breathing"],"picked":"Clothesline+1","floor":21},{"not_picked":["Inflame","Perfected Strike"],"picked":"Demon Form","floor":21},{"not_picked":["Clash","Anger"],"picked":"Rampage","floor":21},{"not_picked":["Infernal Blade","Flex+1"],"picked":"Flame Barrier+1","floor":21},{"not_picked":["Intimidate","Clothesline"],"picked":"Havoc+1","floor":22}],"player_experience":41889,"relics_obtained":[{"floor":6.0,"key":"Omamori"},{"floor":8.0,"key":"Potion Belt"},{"floor":9.0,"key":"War Paint"},{"floor":13.0,"key":"Ancient Tea Set"},{"floor":19,"key":"Red Mask"}],"event_choices":[{"damage_healed":0.0,"max_hp_gain":0.0,"max_hp_loss":0.0,"gold_gain":0.0,"event_name":"Accursed Blacksmith","player_choice":"Forge","floor":2.0,"gold_loss":0.0,"damage_taken":0.0,"cards_upgraded":["Uppercut"]},{"damage_healed":0.0,"max_hp_gain":5.0,"max_hp_loss":0.0,"gold_gain":0.0,"event_name":"Big Fish","player_choice":"Donut","floor":5.0,"gold_loss":0.0,"damage_taken":0.0},{"damage_healed":0.0,"max_hp_gain":0.0,"max_hp_loss":0.0,"gold_gain":0.0,"event_name":"Liars Game","player_choice":"Ignored","floor":14.0,"gold_loss":0.0,"damage_taken":0.0},{"damage_healed":0.0,"max_hp_gain":0.0,"max_hp_loss":0.0,"gold_gain":0.0,"event_name":"Masked Bandits","player_choice":"Fought Bandits","floor":19.0,"gold_loss":0.0,"damage_taken":0.0}],"is_beta":false,"boss_relics":[{"not_picked":["Philosopher\u0027s Stone","Black Blood"],"picked":"Black Star"}],"items_purged_floors":[3],"is_endless":false,"potions_floor_spawned":[1,11,16,19,20],"killed_by":"Gremlin Leader","ascension_level":1}}