{"host":"hqvh779b89tfrjxy","time":1609279496,"event":{"mods":["Act Like it!","BaseMod","Better Third Choice","Downfall","Elementarium","Filter the Spire","GifTheSpireLib","Minty Spire (QoL Compilation)","Replay The Spire","Spicy Shops","StSLib"],"gold_per_floor":[119,201,5,5,17,47,47,79,79,106,106,106,106,133,133,247,247,275,324,359,405,42,92,92,145,200,241,300,440,140,197,197,332,332,361,400,400,438,465,514,736,778,778,815,860,894,959,525,525,585,585,585,38,82,168],"floor_reached":56,"playtime":2189,"items_purged":["Regret","Strike_G","Strike_G","Pain"],"score":2390,"play_id":"bba4869a-e9ba-468a-8b6e-7634a7873a89","local_time":"20201229230456","is_ascension_mode":true,"campfire_choices":[{"data":"1","floor":7,"key":"LIFT"},{"data":"2","floor":11,"key":"LIFT"},{"data":"3","floor":13,"key":"LIFT"},{"floor":15,"key":"DIG"},{"data":"Accuracy","floor":32,"key":"SMITH"},{"floor":49,"key":"RECALL"},{"data":"Tools of the Trade","floor":52,"key":"SMITH"}],"circlet_count":0,"master_deck":["Strike_G","Strike_G","Defend_G","Defend_G","Defend_G","Defend_G","Defend_G","Survivor","Neutralize","Bane","Hidden Blade","Slice","Sucker Punch","Finisher","Deflect","Hidden Blade","Tools of the Trade+1","Cloak And Dagger+1","Endless Agony","PiercingWail+1","Accuracy+1","Terror+1","Blade Dance","AbeCurse","Finisher+1","Blade Dance","Backstab","ReplayTheSpireMod:Scrap Shanks+1"],"relics":["Snecko Scales","Girya","ReplayTheSpireMod:TigerMarble","Orichalcum","Tingsha","Replay:Bandana","Basket Of Snakes","Painkiller Herb","Red Mask","Bag of Marbles","Torii","Ninja Scroll","Tough Bandages","Prayer Wheel","Garlic","Sling","Iron Hammer","Abe\u0027s Treasure","Happy Flower","Snake Skull","FossilizedHelix","Pen Nib","ClockworkSouvenir","Vajra","Du-Vu Doll","ReplayTheSpireMod:CursedCoin"],"acts_visited":["Exordium","TheCity","TheBeyond","TheEnding"],"potions_floor_usage":[6,10,25],"damage_taken":[{"damage":1.0,"enemies":"Small Slimes","floor":1.0,"turns":4.0},{"damage":1,"enemies":"2 Louse","floor":5,"turns":2},{"damage":12,"enemies":"Gremlin Nob","floor":6,"turns":4},{"damage":7,"enemies":"3 Sentries","floor":8,"turns":8},{"damage":0,"enemies":"Lagavulin","floor":10,"turns":3},{"damage":0,"enemies":"Jaw Worm","floor":14,"turns":2},{"damage":8,"enemies":"The Guardian","floor":16,"turns":7},{"damage":6,"enemies":"Shell Parasite","floor":18,"turns":2},{"damage":0,"enemies":"Masked Bandits","floor":19,"turns":2},{"damage":0,"enemies":"2 Thieves","floor":20,"turns":2},{"damage":0,"enemies":"Sentry and Sphere","floor":21,"turns":2},{"damage":0,"enemies":"Slavers","floor":23,"turns":3},{"damage":2,"enemies":"Gremlin Leader","floor":25,"turns":3},{"damage":1,"enemies":"Cultist and Chosen","floor":27,"turns":2},{"damage":11,"enemies":"Book of Stabbing","floor":28,"turns":3},{"damage":0,"enemies":"Colosseum Slavers","floor":29,"turns":1},{"damage":0,"enemies":"Colosseum Nobs","floor":29,"turns":1},{"damage":0,"enemies":"Replay:Snechameleon","floor":31,"turns":1},{"damage":0,"enemies":"Pondfish","floor":33,"turns":4},{"damage":0,"enemies":"Orb Walker","floor":35,"turns":1},{"damage":0,"enemies":"3 Darklings","floor":36,"turns":1},{"damage":1,"enemies":"Sphere and 2 Shapes","floor":38,"turns":1},{"damage":0,"enemies":"Spire Growth","floor":39,"turns":1},{"damage":0,"enemies":"R_Hoarder","floor":40,"turns":1},{"damage":0,"enemies":"Reptomancer","floor":42,"turns":1},{"damage":0,"enemies":"Jaw Worm Horde","floor":44,"turns":1},{"damage":0,"enemies":"Maw","floor":45,"turns":2},{"damage":0,"enemies":"Writhing Mass","floor":46,"turns":1},{"damage":0,"enemies":"R_Hoarder","floor":47,"turns":2},{"damage":0,"enemies":"Time Eater","floor":50,"turns":3},{"damage":0,"enemies":"Shield and Spear","floor":54,"turns":1},{"damage":2,"enemies":"The Heart","floor":55,"turns":3}],"seed_played":"-4150887288168665149","potions_obtained":[{"floor":1.0,"key":"Reflective Coating"},{"floor":5,"key":"Block Potion"},{"floor":14,"key":"SkillPotion"},{"floor":19,"key":"Death Potion"},{"floor":25,"key":"Cursed Concoction"}],"is_trial":false,"path_per_floor":["M","?","$","?","M","E","R","E","T","E","R","?","R","M","R","B",null,"?","?","?","?","T","E","?","E","T","?","E","?","T","E","T","B",null,"?","?","?","?","?","E","?","E","T","?","?","?","E","T","T","B",null,"T","T","E","B",null],"character_chosen":"THE_SILENT","items_purchased":["Girya","Accuracy","Bag of Marbles","Blade Dance","Sling","Pen Nib","ClockworkSouvenir","Vajra","Du-Vu Doll","ReplayTheSpireMod:CursedCoin","CultistPotion"],"campfire_rested":0,"item_purchase_floors":[3,22,22,30,30,48,48,53,53,53,53],"current_hp_per_floor":[69,52,52,52,51,39,39,32,32,32,32,32,32,32,32,24,70,64,64,64,64,64,64,64,62,62,61,50,50,50,50,50,50,70,70,70,66,65,65,65,65,65,65,65,65,65,65,65,65,65,66,66,66,66,64],"gold":168,"neow_bonus":"BOSS_RELIC","is_daily":false,"chose_seed":false,"campfire_upgraded":2,"win_rate":0.0,"timestamp":1609279496,"path_taken":["M","?","$","?","M","E","R","E","T","E","R","?","R","?","R","BOSS","?","?","?","?","T","E","?","E","T","?","E","?","?","E","T","BOSS","?","?","?","?","?","E","?","E","T","?","?","?","E","T","T","BOSS","T","T","E","BOSS"],"items_purchased_type":["Relic","Card","Relic","Card","Relic","Relic","Relic","Relic","Relic","Relic","Potion"],"build_version":"2020-12-22","purchased_purges":4,"victory":true,"max_hp_per_floor":[70,70,70,70,70,70,70,70,70,70,70,70,70,70,70,70,70,70,70,70,70,70,70,70,70,70,70,70,70,70,70,70,70,70,70,70,66,66,66,66,66,66,66,66,66,66,66,66,66,66,66,66,66,66,66],"card_choices":[{"not_picked":["Predator","Acrobatics"],"picked":"Bane","floor":1.0},{"not_picked":["Dagger Spray","Doppelganger"],"picked":"Hidden Blade","floor":2.0},{"not_picked":["Sucker Punch","Hidden Blade"],"picked":"Slice","floor":2.0},{"not_picked":["Bane","Catalyst"],"picked":"Sucker Punch","floor":5},{"not_picked":["Burst","Heel Hook"],"picked":"Finisher","floor":6},{"not_picked":["PiercingWail","Dash"],"picked":"Deflect","floor":8},{"not_picked":["Venomology","Deflect","Finisher"],"picked":"SKIP","floor":10},{"not_picked":["Quick Slash","Bane"],"picked":"Hidden Blade","floor":14},{"not_picked":["Replay:Bag of Tricks","Bullet Time"],"picked":"Tools of the Trade","floor":16},{"not_picked":["Draining Mist","Dagger Spray"],"picked":"Cloak And Dagger+1","floor":18},{"not_picked":["Crippling Poison+1","Outmaneuver+1"],"picked":"Endless Agony","floor":19},{"not_picked":["Poisoned Stab","Quick Slash"],"picked":"PiercingWail+1","floor":20},{"not_picked":["Predator","Hidden Blade","Prepared"],"picked":"SKIP","floor":21},{"not_picked":["ReplayTheSpireMod:Exploit Weakness","Cloak And Dagger","ReplayTheSpireMod:Tripwire"],"picked":"SKIP","floor":23},{"not_picked":["Flechettes","Cloak And Dagger","Quick Slash"],"picked":"SKIP","floor":25},{"not_picked":["Bane","Flying Knee+1"],"picked":"Terror+1","floor":27},{"not_picked":["Predator","Choke","Catalyst"],"picked":"SKIP","floor":28},{"not_picked":["Dagger Throw","Flying Knee","Sucker Punch"],"picked":"SKIP","floor":31},{"not_picked":["Riddle With Holes","Quick Slash+1"],"picked":"Finisher+1","floor":35},{"not_picked":["Prepared","Poisoned Stab+1"],"picked":"Blade Dance","floor":35},{"not_picked":["Cloak And Dagger+1","Deflect+1","Replay:Poison Smokescreen+1"],"picked":"SKIP","floor":36},{"not_picked":["Riddle With Holes","Blade Dance","Prepared"],"picked":"SKIP","floor":36},{"not_picked":["Poisoned Stab+1","Outmaneuver+1","Flying Knee+1"],"picked":"SKIP","floor":38},{"not_picked":["Dagger Throw","Heel Hook","Flechettes+1"],"picked":"SKIP","floor":38},{"not_picked":["Deflect+1","Slice","Acrobatics+1"],"picked":"SKIP","floor":39},{"not_picked":["Outmaneuver+1","Hidden Blade+1","Deflect+1"],"picked":"SKIP","floor":39},{"not_picked":["Concentrate","Leg Sweep","Flechettes+1"],"picked":"SKIP","floor":40},{"not_picked":["ReplayTheSpireMod:Tripwire+1","Envenom","Acrobatics"],"picked":"SKIP","floor":42},{"not_picked":["Heel Hook","PiercingWail","Slice+1"],"picked":"SKIP","floor":44},{"not_picked":["Dagger Spray","Bane","Doppelganger"],"picked":"SKIP","floor":44},{"not_picked":["Leg Sweep","Sneak Up","Deflect+1"],"picked":"SKIP","floor":45},{"not_picked":["Prepared+1","ReplayTheSpireMod:The Works","Blade Dance+1"],"picked":"SKIP","floor":45},{"not_picked":["Endless Agony","Phantasmal Killer"],"picked":"Backstab","floor":46},{"not_picked":["Bane","Setup","Blade Dance"],"picked":"SKIP","floor":46},{"not_picked":["Footwork+1","Blade Dance+1"],"picked":"ReplayTheSpireMod:Scrap Shanks+1","floor":47},{"not_picked":["Quick Slash","Acrobatics","Flying Knee+1"],"picked":"SKIP","floor":54}],"player_experience":195448,"relics_obtained":[{"floor":6,"key":"ReplayTheSpireMod:TigerMarble"},{"floor":8,"key":"Orichalcum"},{"floor":9,"key":"Tingsha"},{"floor":10,"key":"Replay:Bandana"},{"floor":15,"key":"Basket Of Snakes"},{"floor":19,"key":"Red Mask"},{"floor":23,"key":"Torii"},{"floor":25,"key":"Ninja Scroll"},{"floor":28,"key":"Tough Bandages"},{"floor":29,"key":"Prayer Wheel"},{"floor":29,"key":"Garlic"},{"floor":31,"key":"Iron Hammer"},{"floor":40,"key":"Happy Flower"},{"floor":43,"key":"Snake Skull"},{"floor":47,"key":"FossilizedHelix"}],"event_choices":[{"cards_removed":["Strike_G"],"damage_healed":0,"gold_gain":0,"player_choice":"Purged","damage_taken":0,"max_hp_gain":0,"max_hp_loss":0,"event_name":"Purifier","floor":12,"gold_loss":0},{"damage_healed":0,"gold_gain":0,"player_choice":"Fought Bandits","damage_taken":0,"max_hp_gain":0,"max_hp_loss":0,"event_name":"Masked Bandits","floor":19,"gold_loss":0},{"damage_healed":0,"gold_gain":0,"player_choice":"Ignored","damage_taken":0,"max_hp_gain":0,"max_hp_loss":0,"event_name":"Ghosts","floor":24,"gold_loss":0},{"damage_healed":0,"gold_gain":0,"player_choice":"Fight","damage_taken":0,"max_hp_gain":0,"max_hp_loss":0,"event_name":"Colosseum","floor":29,"gold_loss":0},{"damage_healed":0,"gold_gain":0,"player_choice":"Fought Nobs","damage_taken":0,"max_hp_gain":0,"max_hp_loss":0,"event_name":"Colosseum","floor":29,"gold_loss":0},{"damage_healed":0,"gold_gain":0,"player_choice":"Max HP","damage_taken":0,"max_hp_gain":0,"max_hp_loss":4,"event_name":"Winding Halls","floor":37,"gold_loss":0},{"damage_healed":0,"gold_gain":222,"player_choice":"Wore Mask","damage_taken":0,"max_hp_gain":0,"max_hp_loss":0,"event_name":"Tomb of Lord Red Mask","floor":41,"gold_loss":0}],"is_beta":false,"boss_relics":[{"not_picked":["Runic Dome","Busted Crown"],"picked":"Painkiller Herb"},{"not_picked":["Astrolabe","Pandora\u0027s Box"],"picked":"Abe\u0027s Treasure"}],"items_purged_floors":[3,30,48,53],"is_endless":false,"potions_floor_spawned":[1,5,14,19,20,25,27,28,35,39,46,54],"ascension_level":4}}