{"host":"2461dio7vetlq1z3","time":1609274533,"event":{"mods":["2.2 Compatiblity","AchievementEnabler","Aspiration","BaseMod","Better Third Choice","Friendly Minions","Hermit","Minty Spire (QoL Compilation)","Relic Stats","Spicy Shops","StSLib","Waifu the Spire"],"gold_per_floor":[115,130,143,9,23,58,58,72,97,130,55,55,71,71,71,148,148,165,165,180,180,196,196,225,225,225,225,225],"floor_reached":27,"playtime":1196,"items_purged":["Writhe"],"score":511,"play_id":"2d2b702d-2556-4ec5-8a2b-141dc225cb8a","local_time":"20201229214213","is_ascension_mode":true,"campfire_choices":[{"data":"Poisoned Stab","floor":7,"key":"SMITH"},{"floor":12,"key":"REST"},{"data":"Footwork","floor":15,"key":"SMITH"},{"data":"Envenom","floor":23,"key":"SMITH"},{"data":"Footwork","floor":25,"key":"SMITH"}],"circlet_count":0,"master_deck":["AscendersBane","Defend_G","Defend_G","Defend_G","Defend_G","Defend_G","Survivor","Neutralize","Poisoned Stab+1","Poisoned Stab","Footwork+1","Slice","Poisoned Stab","Quick Slash","Dagger Spray","PiercingWail","Dash","Injury","Envenom+1","Footwork+1","Backflip+1","Bite","Bite","Bite","Bite","Bite","Venomology+1"],"relics":["Ring of the Snake","Lizard Tail","Pocketwatch","Regal Pillow","Bag of Marbles","Toxic Egg 2","Philosopher\u0027s Stone","Art of War","Pen Nib"],"acts_visited":["Exordium","TheCity"],"potions_floor_usage":[6,18,24,24],"damage_taken":[{"damage":11,"enemies":"Cultist","floor":1,"turns":6},{"damage":3,"enemies":"Small Slimes","floor":2,"turns":5},{"damage":2,"enemies":"Jaw Worm","floor":3,"turns":3},{"damage":2,"enemies":"2 Fungi Beasts","floor":5,"turns":4},{"damage":13,"enemies":"Lagavulin","floor":6,"turns":6},{"damage":1,"enemies":"Looter","floor":8,"turns":3},{"damage":8,"enemies":"Gremlin Nob","floor":10,"turns":3},{"damage":1,"enemies":"3 Louse","floor":13,"turns":3},{"damage":33,"enemies":"Hexaghost","floor":16,"turns":11},{"damage":0,"enemies":"Chosen","floor":18,"turns":3},{"damage":14,"enemies":"Shell Parasite","floor":20,"turns":8},{"damage":8,"enemies":"Centurion and Healer","floor":22,"turns":8},{"damage":49,"enemies":"Book of Stabbing","floor":24,"turns":7},{"damage":47,"enemies":"Gremlin Leader","floor":27,"turns":9}],"seed_played":"1113072545764105750","potions_obtained":[{"floor":5,"key":"BlessingOfTheForge"},{"floor":8,"key":"Swift Potion"},{"floor":13,"key":"Fruit Juice"},{"floor":18,"key":"Explosive Potion"}],"is_trial":false,"path_per_floor":["M","M","M","$","M","E","R","M","T","E","?","R","M","?","R","B",null,"M","?","M","?","M","R","E","R","T","E"],"character_chosen":"THE_SILENT","items_purchased":["Slice"],"campfire_rested":1,"item_purchase_floors":[4],"current_hp_per_floor":[48,45,43,43,41,28,28,27,27,19,19,53,52,52,52,19,54,59,59,45,45,49,49,30,30,30,0,0],"gold":225,"neow_bonus":"ONE_RARE_RELIC","is_daily":false,"chose_seed":false,"campfire_upgraded":4,"win_rate":0.0,"timestamp":1609274533,"path_taken":["M","M","?","$","M","E","R","M","T","E","?","R","M","?","R","BOSS","M","?","M","?","M","R","E","R","T","E"],"items_purchased_type":["Card"],"build_version":"2020-12-22","purchased_purges":1,"victory":false,"max_hp_per_floor":[66,66,66,66,66,66,66,66,66,66,66,66,66,66,66,66,66,71,71,71,49,49,49,49,49,49,49,49],"relic_stats":{"Lizard Tail":24,"Regal Pillow":15,"counters":[14,79],"Pen Nib":[2],"Art of War":[1],"obtain_stats":[{"Lizard Tail":0,"Regal Pillow":9,"Philosopher\u0027s Stone":17,"Pen Nib":26,"Bag of Marbles":10,"Art of War":24,"Toxic Egg 2":14,"Ring of the Snake":0,"Pocketwatch":6},{"Lizard Tail":0,"Regal Pillow":6,"Philosopher\u0027s Stone":9,"Pen Nib":13,"Bag of Marbles":7,"Art of War":13,"Toxic Egg 2":8,"Ring of the Snake":0,"Pocketwatch":5},{"Lizard Tail":0,"Regal Pillow":27,"Philosopher\u0027s Stone":44,"Pen Nib":70,"Bag of Marbles":30,"Art of War":70,"Toxic Egg 2":33,"Ring of the Snake":0,"Pocketwatch":24}],"Ring of the Snake":[28],"Pocketwatch":[75]},"card_choices":[{"not_picked":["Quick Slash","Prepared"],"picked":"Poisoned Stab","floor":1},{"not_picked":["Expertise","Blade Dance"],"picked":"Poisoned Stab","floor":2},{"not_picked":["Outmaneuver","Poisoned Stab"],"picked":"Footwork","floor":3},{"not_picked":["Outmaneuver","Deflect"],"picked":"Poisoned Stab","floor":5},{"not_picked":["Underhanded Strike","Reflex"],"picked":"Quick Slash","floor":6},{"not_picked":["Concentrate","Deflect"],"picked":"Dagger Spray","floor":8},{"not_picked":["Tactician","Doppelganger"],"picked":"PiercingWail","floor":10},{"not_picked":["Acrobatics","Slice"],"picked":"Dash","floor":13},{"not_picked":["Venomology+1","Wraith Form v2"],"picked":"Envenom","floor":16},{"not_picked":["Poisoned Stab","Blade Dance+1"],"picked":"Footwork","floor":18},{"not_picked":["Poisoned Stab","Terror+1"],"picked":"Backflip+1","floor":20},{"not_picked":["Deflect+1","Flying Knee","Flechettes"],"picked":"SKIP","floor":22},{"not_picked":["Acrobatics+1","Storm of Steel+1"],"picked":"Venomology+1","floor":24}],"player_experience":986784,"relics_obtained":[{"floor":6,"key":"Pocketwatch"},{"floor":9,"key":"Regal Pillow"},{"floor":10,"key":"Bag of Marbles"},{"floor":24,"key":"Art of War"},{"floor":26,"key":"Pen Nib"}],"event_choices":[{"cards_removed":["Strike_G"],"damage_healed":0,"gold_gain":0,"player_choice":"Card Removal","damage_taken":0,"max_hp_gain":0,"max_hp_loss":0,"event_name":"The Cleric","floor":11,"gold_loss":75},{"damage_healed":0,"gold_gain":0,"player_choice":"Became a vampire","damage_taken":0,"max_hp_gain":0,"max_hp_loss":22,"event_name":"Vampires","floor":21,"gold_loss":0,"cards_obtained":["Bite","Bite","Bite","Bite","Bite"]}],"is_beta":false,"boss_relics":[{"not_picked":["aspiration:RitualDagger","Sozu"],"picked":"Philosopher\u0027s Stone"}],"items_purged_floors":[4],"is_endless":false,"potions_floor_spawned":[5,8,13,16,18],"killed_by":"Gremlin Leader","ascension_level":20}}