{"host":"w8hjdfrntrrvtiu5","time":1609218642,"event":{"mods":["AchievementEnabler","BaseMod","BetterRewards","Conspire","Hubris","Marisa????????","Minty Spire (QoL Compilation)","Shop Mod","StSLib","Td1madao Mod","The Animator","egg","everything is the same but u backflip on backflip"],"gold_per_floor":[116,116,16,16,16,47,47,47,47,63,93,111,122,132,132,232,282,292,292,304,304,314,314,314],"floor_reached":23,"playtime":515,"items_purged":[],"score":362,"play_id":"16fd5bcf-b33d-48fa-b4df-0ae6d84402f5","local_time":"20201229001042","is_ascension_mode":true,"campfire_choices":[{"data":"Carnage","floor":7,"key":"SMITH"},{"data":"Ghostly","floor":15,"key":"SMITH"}],"circlet_count":0,"master_deck":["AscendersBane","Strike_R","Strike_R","Strike_R","Strike_R","Defend_R","Defend_R","Defend_R","Defend_R","Bash","Anger","Ghostly+1","Carnage+1","Searing Blow","Fiend Fire+1","Rage","Pommel Strike+1","Demon Form+1","Anger+1","True Grit"],"relics":["Burning Blood","NeowsBlessing","hubris:Towel","hubris:ChampionShield","Molten Egg 2","Sundial","Tiny House"],"acts_visited":["Exordium","TheCity"],"potions_floor_usage":[16,16,20,22],"damage_taken":[{"damage":0,"enemies":"Jaw Worm","floor":1,"turns":1},{"damage":0,"enemies":"3 Sentries","floor":6,"turns":2},{"damage":0,"enemies":"Small Slimes","floor":10,"turns":1},{"damage":8,"enemies":"Gremlin Nob","floor":11,"turns":3},{"damage":6,"enemies":"2 Louse","floor":12,"turns":2},{"damage":2,"enemies":"Exordium Wildlife","floor":13,"turns":3},{"damage":22,"enemies":"Lots of Slimes","floor":14,"turns":5},{"damage":37,"enemies":"Slime Boss","floor":16,"turns":8},{"damage":11,"enemies":"Spheric Guardian","floor":18,"turns":3},{"damage":34,"enemies":"Chosen","floor":20,"turns":5},{"damage":8,"enemies":"Snake Plant","floor":22,"turns":4},{"damage":22,"enemies":"Slavers","floor":23,"turns":2}],"seed_played":"-1586513990707491869","potions_obtained":[{"floor":1,"key":"ElixirPotion"},{"floor":11,"key":"Energy Potion"},{"floor":13,"key":"Weak Potion"},{"floor":16,"key":"ElixirPotion"},{"floor":17,"key":"SpeedPotion"},{"floor":20,"key":"HeartOfIron"}],"is_trial":false,"path_per_floor":["M","?","?","?","$","E","R","?","T","M","E","M","M","M","R","B",null,"M","?","M","?","M","E"],"character_chosen":"IRONCLAD","items_purchased":[],"campfire_rested":0,"item_purchase_floors":[],"current_hp_per_floor":[78,78,78,71,71,77,77,77,77,80,78,78,80,64,64,33,73,68,68,40,40,38,16,16],"gold":314,"neow_bonus":"THREE_ENEMY_KILL","is_daily":false,"chose_seed":false,"campfire_upgraded":2,"win_rate":0.0,"timestamp":1609218642,"path_taken":["M","?","?","?","$","E","R","?","T","M","E","M","M","M","R","BOSS","M","?","M","?","M","E"],"items_purchased_type":[],"build_version":"2020-12-22","purchased_purges":0,"victory":false,"max_hp_per_floor":[80,80,80,80,80,80,80,80,80,80,80,80,80,80,80,80,85,85,85,85,85,85,85,85],"card_choices":[{"not_picked":["Infernal Blade","Dropkick"],"picked":"Anger","floor":1},{"not_picked":["True Grit","Power Through"],"picked":"Carnage","floor":6},{"not_picked":["Perfected Strike+1","Warcry","Clash+1"],"picked":"SKIP","floor":10},{"not_picked":["Feel No Pain","hubris:SharpeningStone"],"picked":"Fiend Fire+1","floor":11},{"not_picked":["Body Slam+1","hubris:ReadiedAction"],"picked":"Rage","floor":12},{"not_picked":["Anger+1","Spot Weakness","Bloodletting"],"picked":"SKIP","floor":13},{"not_picked":["Anger+1","Spot Weakness","Bloodletting"],"picked":"SKIP","floor":13},{"not_picked":["conspire:Charge+1","Feel No Pain"],"picked":"Pommel Strike+1","floor":14},{"not_picked":["conspire:HitWhereItHurts+1","Corruption"],"picked":"Demon Form","floor":16},{"not_picked":["Feel No Pain","Brutality"],"picked":"Anger+1","floor":18},{"not_picked":["Rampage+1","hubris:SharpeningStone"],"picked":"True Grit","floor":20},{"not_picked":["Twin Strike+1","Flex","Second Wind"],"picked":"SKIP","floor":22}],"player_experience":2387310,"relics_obtained":[{"floor":6,"key":"hubris:ChampionShield"},{"floor":9,"key":"Molten Egg 2"},{"floor":11,"key":"Sundial"}],"event_choices":[{"damage_healed":0,"gold_gain":0,"player_choice":"Argue","damage_taken":0,"max_hp_gain":0,"max_hp_loss":0,"event_name":"conspire:LoneGhost","floor":3,"gold_loss":0},{"cards_removed":["Strike_R"],"damage_healed":0,"gold_gain":0,"player_choice":"Card Removal","damage_taken":7,"max_hp_gain":0,"max_hp_loss":0,"event_name":"Golden Wing","floor":4,"gold_loss":0},{"damage_healed":0,"gold_gain":0,"player_choice":"Ignored","damage_taken":0,"max_hp_gain":0,"max_hp_loss":0,"event_name":"Vampires","floor":21,"gold_loss":0}],"is_beta":false,"boss_relics":[{"not_picked":["Runic Dome","conspire:RunicOctahedron"],"picked":"Tiny House"}],"items_purged_floors":[],"is_endless":false,"potions_floor_spawned":[1,11,13,16,18,20],"killed_by":"Slavers","ascension_level":12}}