{"host":"08sn1703g14rasc1","time":1609226162,"event":{"mods":["AchievementEnabler","BaseMod","Colored Map","Colored Powertips","Hermit","Minty Spire (QoL Compilation)","StSLib"],"gold_per_floor":[15,15,15,0,23,46,115,115,115,130,35,55,46,69,69,69,69],"floor_reached":16,"playtime":467,"items_purged":[],"score":127,"play_id":"9b937fee-ab5f-4328-beeb-152800f32fa1","local_time":"20201228231602","is_ascension_mode":true,"campfire_choices":[{"data":"hermit:TakeCover","floor":8,"key":"SMITH"},{"floor":15,"key":"REST"}],"circlet_count":0,"master_deck":["hermit:Strike_Hermit","hermit:Strike_Hermit","hermit:Strike_Hermit","hermit:Strike_Hermit","hermit:Defend_Hermit","hermit:Defend_Hermit","hermit:Defend_Hermit","hermit:Defend_Hermit","hermit:Snapshot","hermit:Covet","hermit:RoundhouseKick","hermit:Grudge","Injury","hermit:OverwhelmingPower","hermit:TakeCover+1","hermit:BigShot","Madness","hermit:Vantage","hermit:Desperado","hermit:Reprieve"],"relics":["hermit:Momento","Golden Idol","Letter Opener"],"acts_visited":["Exordium"],"potions_floor_usage":[16],"damage_taken":[{"damage":7,"enemies":"Small Slimes","floor":1,"turns":2},{"damage":7,"enemies":"Jaw Worm","floor":5,"turns":3},{"damage":10,"enemies":"Cultist","floor":6,"turns":5},{"damage":4,"enemies":"3 Louse","floor":10,"turns":3},{"damage":11,"enemies":"Gremlin Gang","floor":12,"turns":4},{"damage":15,"enemies":"Exordium Thugs","floor":13,"turns":4},{"damage":0,"enemies":"2 Fungi Beasts","floor":14,"turns":4},{"damage":49,"enemies":"The Guardian","floor":16,"turns":9}],"seed_played":"4263253068816996038","potions_obtained":[{"floor":1,"key":"SmokeBomb"},{"floor":12,"key":"Block Potion"},{"floor":13,"key":"hermit:Tonic"}],"is_trial":false,"path_per_floor":["M","?","$","?","M","M","?","R","T","M","$","M","M","M","R","B"],"character_chosen":"HERMIT","items_purchased":["Madness"],"campfire_rested":1,"item_purchase_floors":[11],"current_hp_per_floor":[61,61,61,61,54,44,44,44,44,40,40,29,14,14,36,0,0],"gold":69,"neow_bonus":"THREE_RARE_CARDS","is_daily":false,"chose_seed":false,"campfire_upgraded":1,"win_rate":0.0,"timestamp":1609226162,"path_taken":["M","?","$","?","M","M","?","R","T","M","$","M","M","M","R","BOSS"],"items_purchased_type":["Card"],"build_version":"2020-12-22","purchased_purges":0,"victory":false,"max_hp_per_floor":[75,75,75,75,75,75,75,75,75,75,75,75,75,75,75,75,75],"card_choices":[{"not_picked":["hermit:Purgatory","hermit:HeroicBravado"],"picked":"hermit:RoundhouseKick","floor":0},{"not_picked":["hermit:ItchyTrigger","hermit:Vantage"],"picked":"hermit:Grudge","floor":1},{"not_picked":["hermit:CalledShot","hermit:WideOpen"],"picked":"hermit:OverwhelmingPower","floor":5},{"not_picked":["hermit:TakeAim","hermit:Roulette"],"picked":"hermit:TakeCover","floor":6},{"not_picked":["hermit:Cheat","hermit:Headshot"],"picked":"hermit:BigShot","floor":10},{"not_picked":["hermit:Dive","hermit:LuckOfTheDraw"],"picked":"hermit:Vantage","floor":12},{"not_picked":["hermit:CalledShot","hermit:Feint"],"picked":"hermit:Desperado","floor":13},{"not_picked":["hermit:SprayPray","hermit:Headshot"],"picked":"hermit:Reprieve","floor":14}],"player_experience":441925,"relics_obtained":[{"floor":9,"key":"Letter Opener"}],"event_choices":[{"damage_healed":0,"gold_gain":0,"player_choice":"Take Wound","damage_taken":0,"relics_obtained":["Golden Idol"],"max_hp_gain":0,"max_hp_loss":0,"event_name":"Golden Idol","floor":2,"gold_loss":0,"cards_obtained":["Injury"]},{"damage_healed":0,"gold_gain":0,"player_choice":"Left Gold","damage_taken":0,"max_hp_gain":0,"max_hp_loss":0,"event_name":"World of Goop","floor":4,"gold_loss":15},{"damage_healed":0,"gold_gain":69,"player_choice":"Gained Gold","damage_taken":0,"max_hp_gain":0,"max_hp_loss":0,"event_name":"Golden Wing","floor":7,"gold_loss":0}],"is_beta":false,"boss_relics":[],"items_purged_floors":[],"is_endless":false,"potions_floor_spawned":[1,12,13,14],"killed_by":"The Guardian","ascension_level":7}}