{"host":"08z5bj28eube4vug","time":1609249641,"event":{"mods":["2.2 Compatiblity","Abigail Mod","Act Like it!","BaseMod","Beaked The Cultist","Bestiary","Friendly Minions","Gensokyo","GungeonMod","Hallownest","Kiyohime????","Koishi","Lobotomy","Marisa????????","Minty Spire (QoL Compilation)","Prisma Mod","Remilia??????","Replay The Spire","StSLib","Td1madao Mod","The Alterego","The Bug Knight","The Jungle","The Sage","The Senshi","The Servant 0.9.4","Waifu the Spire","WarShipGirlsR/????R mod","Yuri Mod"],"gold_per_floor":[112,112,62,75,75,75,85,85,85,85,105,120,134,144,144,246,246,266,266,282,282,15,15,64,64,89,127,152,152,168,180,180,294,294,322,322,354,1,1,34,34,34,87,87,135,169,247,282,282,296],"floor_reached":51,"playtime":3519,"items_purged":["Gensokyo:ImpossibleRequest","SatelliteIllusion"],"score":873,"play_id":"f501b03f-e2ac-4ba4-9e5d-c2ce7c4b928b","local_time":"20201229164721","is_ascension_mode":true,"campfire_choices":[{"data":"FairyDestructionRay","floor":6,"key":"SMITH"},{"data":"BlazeAway","floor":8,"key":"SMITH"},{"data":"MysteriousBeam","floor":10,"key":"SMITH"},{"data":"MillisecondPulsars","floor":23,"key":"SMITH"},{"data":"MilkyWay","floor":25,"key":"SMITH"},{"data":"FairyDestructionRay","floor":29,"key":"SMITH"},{"floor":32,"key":"REST"},{"data":"OrrerysSun","floor":42,"key":"SMITH"},{"data":"DeepEcoloBomb","floor":44,"key":"SMITH"},{"data":"PropBag","floor":49,"key":"SMITH"}],"circlet_count":0,"master_deck":["Strike_MRS","Strike_MRS","Strike_MRS","Defend_MRS","Defend_MRS","Defend_MRS","MasterSpark","UpSweep","MysteriousBeam+1","MilkyWay+1","FairyDestructionRay+1","BlazeAway+1","DoubleSpark","EnergyFlow+1","Robbery","MillisecondPulsars+1","ReplayTheSpireMod:Splinters","Clumsy","OrrerysSun+1","6A","FairyDestructionRay+1","OrrerysSun","MysteriousBeam+1","DeepEcoloBomb+1","Dark Shackles","AlicesGift","PropBag+1","StarBarrage","DeepEcoloBomb+1","MagicChant+1"],"relics":["BewitchedHakkero","DemoMod:Antibody","sagemod:Blowpipe","Replay:Ancient Bell","Pet Ghost","DemoMod:SerJunkan","Thread and Needle","MutagenicStrength","DemoMod:Junk","Oddly Smooth Stone","Potion Belt","DemoMod:VorpalBullet","theSenshi:SuperSailorFukuRelic","DemoMod:GreenGuonStone","ReplayTheSpireMod:Lightbulb"],"acts_visited":["Exordium","TheCity","TheBeyond"],"potions_floor_usage":[13,14,20,24,30,40,46],"damage_taken":[{"damage":1,"enemies":"2 Louse","floor":1,"turns":3},{"damage":0,"enemies":"Cultist","floor":4,"turns":3},{"damage":7,"enemies":"Jaw Worm","floor":7,"turns":3},{"damage":0,"enemies":"Blue Slaver","floor":11,"turns":1},{"damage":0,"enemies":"Large Slime","floor":12,"turns":1},{"damage":4,"enemies":"Looter","floor":13,"turns":2},{"damage":18,"enemies":"Lots of Slimes","floor":14,"turns":2},{"damage":11,"enemies":"Slime Boss","floor":16,"turns":4},{"damage":2,"enemies":"Chosen","floor":18,"turns":3},{"damage":0,"enemies":"2 Thieves","floor":20,"turns":2},{"damage":8,"enemies":"Gremlin Leader","floor":24,"turns":6},{"damage":6,"enemies":"HollowMod:Nosk","floor":27,"turns":5},{"damage":0,"enemies":"3 Cultists","floor":28,"turns":4},{"damage":4,"enemies":"Shelled Parasite and Fungi","floor":30,"turns":3},{"damage":2,"enemies":"Centurion and Healer","floor":31,"turns":4},{"damage":23,"enemies":"Champ","floor":33,"turns":10},{"damage":21,"enemies":"3 Shapes","floor":35,"turns":2},{"damage":0,"enemies":"Orb Walker","floor":37,"turns":3},{"damage":0,"enemies":"R_Hoarder","floor":40,"turns":6},{"damage":0,"enemies":"Spire Growth","floor":45,"turns":3},{"damage":11,"enemies":"Reptomancer","floor":46,"turns":6},{"damage":0,"enemies":"Mind Bloom Boss Battle","floor":47,"turns":6},{"damage":0,"enemies":"Maw","floor":48,"turns":5},{"damage":19,"enemies":"Awakened One","floor":50,"turns":11}],"seed_played":"3742057063700621156","potions_obtained":[{"floor":7,"key":"DemoMod:BlankPotion"},{"floor":11,"key":"Energy Potion"},{"floor":12,"key":"FearPotion"},{"floor":13,"key":"Regen Potion"},{"floor":24,"key":"SkillPotion"},{"floor":28,"key":"GamblersBrew"},{"floor":31,"key":"Elixir"},{"floor":37,"key":"SkillPotion"},{"floor":45,"key":"Weak Potion"},{"floor":46,"key":"SkillPotion"},{"floor":48,"key":"GamblersBrew"}],"is_trial":false,"path_per_floor":["M","?","$","M","?","R","M","R","T","R","M","M","M","M","R","B",null,"M","?","M","?","$","R","E","R","T","E","M","R","M","M","R","B",null,"M","?","M","$","?","E","?","R","T","R","M","E","?","M","R","B",null],"character_chosen":"MARISA","items_purchased":["MilkyWay","Oddly Smooth Stone","6A","theSenshi:SuperSailorFukuRelic"],"campfire_rested":1,"item_purchase_floors":[3,22,22,38],"current_hp_per_floor":[53,53,53,53,53,53,46,46,46,46,46,46,42,34,75,64,75,73,73,73,57,57,57,49,49,49,43,43,43,39,37,59,36,75,54,54,54,54,54,54,85,85,85,85,85,74,74,74,74,67],"gold":296,"neow_bonus":"ONE_RARE_RELIC","is_daily":false,"chose_seed":false,"campfire_upgraded":9,"win_rate":0.0,"timestamp":1609249641,"path_taken":["M","?","?","M","?","R","?","R","T","R","M","M","M","M","R","BOSS","M","?","M","?","$","R","E","R","T","E","M","R","M","M","R","BOSS","M","?","M","$","?","E","?","R","T","R","?","E","?","M","R","BOSS"],"items_purchased_type":["Card","Relic","Card","Relic"],"build_version":"2020-12-22","purchased_purges":2,"victory":true,"max_hp_per_floor":[75,75,75,75,75,75,75,75,75,75,75,75,75,75,75,75,75,75,75,75,75,75,75,75,75,75,75,75,75,75,75,75,75,75,75,75,75,75,75,75,85,85,85,85,85,85,85,85,85,85],"card_choices":[{"not_picked":["UnstableBomb","ShootingEcho"],"picked":"MysteriousBeam","floor":1},{"not_picked":["StarlightTyphoon","LuminesStrike"],"picked":"FairyDestructionRay","floor":4},{"not_picked":["PowerUp","WitchLeyline"],"picked":"BlazeAway","floor":7},{"not_picked":["GalacticHalo","Acceleration","AsteroidBelt"],"picked":"SKIP","floor":11},{"not_picked":["WitchLeyline","GravityBeat"],"picked":"DoubleSpark","floor":12},{"not_picked":["CollectingQuirk","Orbital"],"picked":"EnergyFlow","floor":13},{"not_picked":["MilkyWay","DoubleSpark"],"picked":"Robbery","floor":14},{"not_picked":["CollectingQuirk","SuperNova"],"picked":"MillisecondPulsars","floor":16},{"not_picked":["Wrath_TH","Wraith"],"picked":"ReplayTheSpireMod:Splinters","floor":17},{"not_picked":["ReplayTheSpireMod:Faulty Equipment","AbeCurse"],"picked":"Clumsy","floor":17},{"not_picked":["Normality","CurseOfTheBell"],"picked":"Gensokyo:ImpossibleRequest","floor":17},{"not_picked":["DarkMatter","MagicChant+1"],"picked":"OrrerysSun","floor":18},{"not_picked":["BinaryStars","Acceleration","DoubleSpark"],"picked":"SKIP","floor":20},{"not_picked":["UnstableBomb","LuminesStrike","EnergyFlow+1"],"picked":"SKIP","floor":24},{"not_picked":["GravityBeat","EnergyFlow"],"picked":"FairyDestructionRay","floor":27},{"not_picked":["PulseMagic+1","6A","RefractionSpark"],"picked":"SKIP","floor":28},{"not_picked":["6A","WitchOfGreed+1"],"picked":"OrrerysSun","floor":30},{"not_picked":["EnergyFlow","RefractionSpark+1"],"picked":"MysteriousBeam+1","floor":31},{"not_picked":["AbsoluteMagnitude","ManaRampage"],"picked":"CasketOfStar","floor":33},{"not_picked":["MilkyWay","ShootingEcho","MysteriousBeam+1"],"picked":"SKIP","floor":35},{"not_picked":["6A","Occultation"],"picked":"DeepEcoloBomb","floor":37},{"not_picked":["Swift Strike","Replay:Sssssssssshield"],"picked":"Dark Shackles","floor":39},{"not_picked":["EnergyFlow+1","Occultation"],"picked":"AlicesGift","floor":40},{"not_picked":["SporeBomb","DC+1"],"picked":"PropBag","floor":45},{"not_picked":["IllusionStar","WitchOfGreed"],"picked":"StarBarrage","floor":46},{"not_picked":["GalacticHalo+1","DC+1"],"picked":"DeepEcoloBomb+1","floor":47},{"not_picked":["BlazingStar","StarlightTyphoon"],"picked":"MagicChant+1","floor":48}],"player_experience":722813,"relics_obtained":[{"floor":9,"key":"sagemod:Blowpipe"},{"floor":21,"key":"DemoMod:Junk"},{"floor":24,"key":"DemoMod:Junk"},{"floor":26,"key":"Potion Belt"},{"floor":27,"key":"DemoMod:VorpalBullet"},{"floor":40,"key":"DemoMod:GreenGuonStone"},{"floor":43,"key":"ReplayTheSpireMod:Lightbulb"},{"floor":46,"key":"DemoMod:Junk"},{"floor":47,"key":"DemoMod:Junk"}],"event_choices":[{"cards_removed":["Strike_MRS"],"damage_healed":0,"gold_gain":0,"player_choice":"Purged","damage_taken":0,"max_hp_gain":0,"max_hp_loss":0,"event_name":"Purifier","floor":2,"gold_loss":0},{"damage_healed":0,"gold_gain":0,"cards_transformed":["Defend_MRS"],"player_choice":"Transformed","damage_taken":0,"max_hp_gain":0,"max_hp_loss":0,"event_name":"Transmorgrifier","floor":5,"gold_loss":0,"cards_obtained":["SatelliteIllusion"]},{"damage_healed":0,"gold_gain":0,"player_choice":"Inject Mutagens","damage_taken":0,"relics_obtained":["MutagenicStrength"],"max_hp_gain":0,"max_hp_loss":0,"event_name":"Drug Dealer","floor":19,"gold_loss":0},{"damage_healed":0,"gold_gain":0,"player_choice":"Obtained Book","damage_taken":16,"max_hp_gain":0,"max_hp_loss":0,"event_name":"Cursed Tome","floor":21,"gold_loss":0},{"damage_healed":0,"gold_gain":0,"player_choice":"Memory 1","damage_taken":0,"max_hp_gain":0,"max_hp_loss":0,"event_name":"SensoryStone","floor":39,"gold_loss":0},{"cards_removed":["CasketOfStar"],"damage_healed":21,"gold_gain":0,"player_choice":"Offered Rare","damage_taken":0,"max_hp_gain":10,"max_hp_loss":0,"event_name":"Bonfire Elementals","floor":41,"gold_loss":0},{"damage_healed":0,"gold_gain":0,"player_choice":"Fight","damage_taken":0,"max_hp_gain":0,"max_hp_loss":0,"event_name":"MindBloom","floor":47,"gold_loss":0}],"is_beta":false,"boss_relics":[{"not_picked":["Abe\u0027s Treasure","Coffee Dripper"],"picked":"Replay:Ancient Bell"},{"not_picked":["Blue Doll","DemoMod:WhiteGuonStone"],"picked":"Pet Ghost"},{"not_picked":["Sundial","beaked:ShinyBauble"],"picked":"DemoMod:SerJunkan"},{"not_picked":["Old Coin","Prayer Wheel"],"picked":"Thread and Needle"},{"not_picked":["Calling Bell","SacredBark"],"picked":"BewitchedHakkero"}],"items_purged_floors":[22,38],"is_endless":false,"potions_floor_spawned":[7,11,12,13,24,28,31,37,45,46,48],"ascension_level":3}}