{"host":"1jyvlwrg3lqf29t2","time":1609270156,"event":{"mods":["BaseMod","Colored Powertips","Downfall","Hermit","Minty Spire (QoL Compilation)","StSLib","The Blackbeard","The Cursed","The Poker Player","TheBandit"],"gold_per_floor":[117,136,155,155,155,155,181,194,194,247,247,261,278,298,298,395,395,406,406,416,416,416,434,434,445,445,445,445,475,455,466,466,565,565,584,584,604,624,638,638,176,176,176,195,209,209,209,220,220,220],"floor_reached":51,"playtime":3157,"items_purged":["blackbeard:RearmingStrike"],"score":798,"play_id":"203e906c-93ba-45db-a6e7-6b36e0aabe48","local_time":"20201229132915","is_ascension_mode":false,"campfire_choices":[{"data":"blackbeard:BoostMorale","floor":6,"key":"SMITH"},{"floor":11,"key":"REST"},{"floor":15,"key":"REST"},{"data":"blackbeard:BeatUp","floor":24,"key":"SMITH"},{"data":"blackbeard:InfiniteBarrage","floor":27,"key":"SMITH"},{"data":"blackbeard:Intoxication","floor":32,"key":"SMITH"},{"data":"blackbeard:InfiniteBarrage","floor":40,"key":"SMITH"},{"data":"blackbeard:FinalBarrage","floor":42,"key":"SMITH"},{"data":"blackbeard:IntimidatingStrike","floor":49,"key":"SMITH"}],"circlet_count":0,"master_deck":["blackbeard:BlackbeardStrike+1","blackbeard:BlackbeardStrike","blackbeard:IntimidatingStrike+1","blackbeard:BlackbeardDefend","blackbeard:BlackbeardDefend","blackbeard:BlackbeardDefend","blackbeard:BoostMorale+1","blackbeard:CloakAndCannonball+1","blackbeard:TacticalRetreat","blackbeard:Halberd","blackbeard:InfiniteBarrage+1","blackbeard:PirateEarring","blackbeard:Intoxication+1","blackbeard:Sharpening+1","blackbeard:TerrorOfTheSeas+1","blackbeard:CatONineTails+1","blackbeard:PirateEarring","blackbeard:BeatUp+1","blackbeard:Halberd","blackbeard:InfiniteBarrage+1","blackbeard:BlindAttacks","blackbeard:CaptainsCabin+1","blackbeard:Intoxication+1","blackbeard:PiratesWill+1","blackbeard:PirateEarring","blackbeard:Upgrade+1","blackbeard:FinalBarrage+1","Discovery"],"relics":["blackbeard:LoadTheCannons","StoneCalendar","Incense Burner","FossilizedHelix","Boot","Astrolabe","HornCleat","Calipers","InkBottle","Coffee Dripper","Vajra","Omamori"],"acts_visited":["Exordium","TheCity","TheBeyond"],"potions_floor_usage":[29,39,50,50],"damage_taken":[{"damage":0,"enemies":"2 Louse","floor":1,"turns":2},{"damage":5,"enemies":"Small Slimes","floor":2,"turns":2},{"damage":3,"enemies":"Jaw Worm","floor":3,"turns":2},{"damage":14,"enemies":"Lagavulin","floor":7,"turns":6},{"damage":0,"enemies":"Exordium Wildlife","floor":8,"turns":5},{"damage":0,"enemies":"Lots of Slimes","floor":12,"turns":4},{"damage":0,"enemies":"2 Fungi Beasts","floor":13,"turns":2},{"damage":0,"enemies":"Gremlin Gang","floor":14,"turns":4},{"damage":0,"enemies":"Slime Boss","floor":16,"turns":7},{"damage":6,"enemies":"Spheric Guardian","floor":18,"turns":5},{"damage":0,"enemies":"Shell Parasite","floor":20,"turns":4},{"damage":0,"enemies":"3 Cultists","floor":23,"turns":5},{"damage":8,"enemies":"Centurion and Healer","floor":25,"turns":3},{"damage":0,"enemies":"Gremlin Leader","floor":29,"turns":4},{"damage":0,"enemies":"Shelled Parasite and Fungi","floor":31,"turns":3},{"damage":0,"enemies":"Champ","floor":33,"turns":7},{"damage":0,"enemies":"3 Shapes","floor":35,"turns":7},{"damage":23,"enemies":"3 Darklings","floor":37,"turns":5},{"damage":17,"enemies":"Jaw Worm Horde","floor":38,"turns":3},{"damage":0,"enemies":"Writhing Mass","floor":39,"turns":4},{"damage":0,"enemies":"Transient","floor":44,"turns":5},{"damage":2,"enemies":"Jaw Worm Horde","floor":45,"turns":3},{"damage":0,"enemies":"Sphere and 2 Shapes","floor":48,"turns":3},{"damage":21,"enemies":"Awakened One","floor":50,"turns":8}],"seed_played":"5808069926424634463","potions_obtained":[{"floor":1,"key":"blackbeard:OrangeJuicePotion"},{"floor":13,"key":"BlessingOfTheForge"},{"floor":14,"key":"Energy Potion"},{"floor":16,"key":"AttackPotion"},{"floor":23,"key":"blackbeard:RumPotion"},{"floor":29,"key":"Weak Potion"},{"floor":39,"key":"Strength Potion"}],"is_trial":false,"path_per_floor":["M","M","M","?","?","R","E","M","T","T","R","M","M","M","R","B",null,"M","?","M","?","?","M","R","M","T","R","?","E","?","M","R","B",null,"M","?","M","M","M","R","$","R","T","M","M","?","?","M","R","B",null],"character_chosen":"BLACKBEARD_CLASS","items_purchased":["blackbeard:FinalBarrage","Vajra","Regen Potion"],"campfire_rested":2,"item_purchase_floors":[41,41,41],"current_hp_per_floor":[68,63,60,53,39,39,25,25,25,25,45,45,45,45,65,65,68,62,62,62,56,56,56,56,48,48,48,48,48,48,48,48,48,68,68,68,45,28,28,28,28,28,28,28,26,26,43,43,43,37],"gold":220,"neow_bonus":"THREE_RARE_CARDS","is_daily":false,"chose_seed":false,"campfire_upgraded":7,"win_rate":0.0,"timestamp":1609270155,"path_taken":["M","M","M","?","?","R","E","M","T","?","R","M","M","M","R","BOSS","M","?","?","?","?","M","R","?","T","R","?","E","?","M","R","BOSS","M","?","?","M","M","R","$","R","T","M","M","?","?","M","R","BOSS"],"items_purchased_type":["Card","Relic","Potion"],"build_version":"2020-12-22","purchased_purges":1,"victory":true,"max_hp_per_floor":[68,68,68,68,68,68,68,68,68,68,68,68,68,68,68,68,68,68,68,68,68,68,68,68,68,68,68,68,68,68,68,68,68,68,68,68,68,68,68,68,68,68,68,68,68,68,68,68,68,68],"card_choices":[{"not_picked":["blackbeard:Parrot","blackbeard:UndeadForm"],"picked":"blackbeard:BoostMorale","floor":0},{"not_picked":["blackbeard:Recklessness","blackbeard:WiseDefense"],"picked":"blackbeard:RearmingStrike","floor":1},{"not_picked":["blackbeard:BuriedTreasure","blackbeard:DoubleCannonball"],"picked":"blackbeard:CloakAndCannonball","floor":2},{"not_picked":["blackbeard:DeadlyArsenal","blackbeard:PirateHook","blackbeard:ChaoticDefense"],"picked":"SKIP","floor":3},{"not_picked":["blackbeard:FishingNets","blackbeard:Shrapnel"],"picked":"blackbeard:TacticalRetreat","floor":7},{"not_picked":["blackbeard:ChaoticDefense","blackbeard:BlindAttacks","blackbeard:Sword"],"picked":"SKIP","floor":8},{"not_picked":["blackbeard:BeatUp","blackbeard:Spear"],"picked":"blackbeard:Halberd","floor":12},{"not_picked":["blackbeard:DeadlyArsenal","blackbeard:ArmorUp"],"picked":"blackbeard:InfiniteBarrage","floor":13},{"not_picked":["blackbeard:BuriedTreasure","blackbeard:Fencing"],"picked":"blackbeard:PirateEarring","floor":14},{"not_picked":["blackbeard:TheDrunkenSailor","blackbeard:WeaponMastery"],"picked":"blackbeard:Intoxication","floor":16},{"not_picked":["blackbeard:Sword","blackbeard:Provisioning"],"picked":"blackbeard:PirateEarring","floor":18},{"not_picked":["blackbeard:FieryDefense","blackbeard:Shrapnel+1","blackbeard:BeatUp"],"picked":"SKIP","floor":20},{"not_picked":["blackbeard:FieryDefense","blackbeard:Shrapnel+1"],"picked":"blackbeard:BeatUp","floor":20},{"not_picked":["blackbeard:TacticalRetreat","blackbeard:ChaoticDefense","blackbeard:Recklessness+1"],"picked":"SKIP","floor":23},{"not_picked":["blackbeard:WeaponProficiency","blackbeard:PiratesWill"],"picked":"blackbeard:InfiniteBarrage","floor":25},{"not_picked":["blackbeard:PowderKeg","blackbeard:WiseDefense"],"picked":"blackbeard:BlindAttacks","floor":29},{"not_picked":["blackbeard:DoubleCannonball","blackbeard:PowderKeg"],"picked":"blackbeard:CaptainsCabin+1","floor":31},{"not_picked":["blackbeard:PowerHungry","blackbeard:Lifeboat"],"picked":"blackbeard:Intoxication","floor":33},{"not_picked":["blackbeard:Sword+1","blackbeard:Sharpening"],"picked":"blackbeard:PiratesWill+1","floor":35},{"not_picked":["blackbeard:DeadlyArsenal","blackbeard:FieryDefense+1","blackbeard:RearmingStrike"],"picked":"SKIP","floor":37},{"not_picked":["blackbeard:DeadlyArsenal","blackbeard:GoldenStrike"],"picked":"blackbeard:PirateEarring","floor":38},{"not_picked":["blackbeard:JollyRoger+1","blackbeard:AgileStrike+1"],"picked":"blackbeard:Upgrade+1","floor":39},{"not_picked":["blackbeard:Parrot","blackbeard:RearmingStrike","blackbeard:WiseDefense"],"picked":"SKIP","floor":44},{"not_picked":["blackbeard:Bandana","blackbeard:Spear","blackbeard:Upgrade+1"],"picked":"SKIP","floor":45},{"not_picked":["expansioncontent:GoopSpray","expansioncontent:Torchfire"],"picked":"Discovery","floor":46},{"not_picked":["blackbeard:TacticalRetreat+1","blackbeard:AgileStrike+1","blackbeard:GoldenDefense"],"picked":"SKIP","floor":48}],"player_experience":385487,"relics_obtained":[{"floor":7,"key":"Incense Burner"},{"floor":9,"key":"FossilizedHelix"},{"floor":10,"key":"Boot"},{"floor":26,"key":"Calipers"},{"floor":29,"key":"InkBottle"},{"floor":43,"key":"Omamori"}],"event_choices":[{"damage_healed":0,"gold_gain":0,"player_choice":"Success","damage_taken":7,"relics_obtained":["StoneCalendar"],"max_hp_gain":0,"max_hp_loss":0,"event_name":"Scrap Ooze","floor":4,"gold_loss":0},{"damage_healed":0,"gold_gain":0,"player_choice":"Entered Light","damage_taken":14,"max_hp_gain":0,"max_hp_loss":0,"event_name":"Shining Light","floor":5,"gold_loss":0,"cards_upgraded":["blackbeard:BlackbeardStrike","blackbeard:CloakAndCannonball"]},{"damage_healed":0,"gold_gain":0,"player_choice":"Got Potions","damage_taken":0,"max_hp_gain":0,"max_hp_loss":0,"event_name":"Lab","floor":19,"gold_loss":0},{"damage_healed":0,"gold_gain":0,"player_choice":"HornCleat","damage_taken":0,"relics_obtained":["HornCleat"],"max_hp_gain":0,"max_hp_loss":0,"event_name":"blackbeard:ShipwreckEvent","floor":21,"gold_loss":0},{"damage_healed":0,"gold_gain":0,"cards_transformed":["blackbeard:BlackbeardDefend"],"player_choice":"Transformed","damage_taken":0,"max_hp_gain":0,"max_hp_loss":0,"event_name":"Transmorgrifier","floor":22,"gold_loss":0,"cards_obtained":["blackbeard:Halberd"]},{"damage_healed":0,"gold_gain":0,"player_choice":"Bought 1 Potion","damage_taken":0,"max_hp_gain":0,"max_hp_loss":0,"event_name":"The Woman in Blue","floor":30,"gold_loss":0},{"damage_healed":0,"gold_gain":0,"player_choice":"Upgraded","damage_taken":0,"max_hp_gain":0,"max_hp_loss":0,"event_name":"Upgrade Shrine","floor":36,"gold_loss":0,"cards_upgraded":["blackbeard:Intoxication"]},{"damage_healed":0,"gold_gain":0,"player_choice":"Memory 1","damage_taken":0,"max_hp_gain":0,"max_hp_loss":0,"event_name":"SensoryStone","floor":46,"gold_loss":0},{"damage_healed":17,"gold_gain":0,"player_choice":"Writhe","damage_taken":0,"max_hp_gain":0,"max_hp_loss":0,"event_name":"Winding Halls","floor":47,"gold_loss":0,"cards_obtained":["Writhe"]}],"is_beta":false,"boss_relics":[{"not_picked":["Fusion Hammer","Calling Bell"],"picked":"Astrolabe"},{"not_picked":["Runic Dome","Empty Cage"],"picked":"Coffee Dripper"}],"items_purged_floors":[41],"is_endless":false,"potions_floor_spawned":[1,13,14,16,20,23,29,31,37,39,44,45],"ascension_level":0}}