{"host":"Qube","time":1609276959,"event":{"mods":["AchievementEnabler","BaseMod","Colored Powertips","Minty Spire (QoL Compilation)","Quick Restart","Random Character Button"],"gold_per_floor":[112,112,128,148,164,194,194,212,238,273,273,308,14,26,26,103,103,123,123,136,51,51,51,79,79,79,79,93,93,93,18,18,89,89,109,59,72,89,105,105,131,142,169,169,189,189,189,203,203,203],"floor_reached":51,"playtime":2466,"items_purged":["Strike_P"],"score":1242,"play_id":"2d4fb666-e0de-4d33-859e-5e3965ef6f1f","local_time":"20201229132239","is_ascension_mode":true,"campfire_choices":[{"floor":7.0,"key":"REST"},{"floor":11.0,"key":"REST"},{"data":"MasterReality","floor":15.0,"key":"SMITH"},{"floor":23.0,"key":"REST"},{"floor":25.0,"key":"REST"},{"floor":30.0,"key":"REST"},{"floor":32.0,"key":"REST"},{"floor":40.0,"key":"REST"},{"floor":44.0,"key":"REST"},{"floor":46.0,"key":"REST"},{"floor":49.0,"key":"REST"}],"circlet_count":0,"master_deck":["AscendersBane","Eruption","Vigilance+1","BattleHymn","SandsOfTime","BowlingBash","MasterReality+1","ReachHeaven","EmptyFist","Evaluate+1","LessonLearned","RitualDagger+1","WindmillStrike","Necronomicurse","SpiritShield+1","Protect+1","Evaluate","TalkToTheHand","Protect+1","Wallop","Prostrate","Establishment"],"relics":["PureWater","Bottled Flame","Toy Ornithopter","Orichalcum","Nunchaku","Lee\u0027s Waffle","Potion Belt","Fusion Hammer","Centennial Puzzle","Blood Vial","Ancient Tea Set","Necronomicon","Pandora\u0027s Box","War Paint","Strawberry","Boot"],"acts_visited":["Exordium","TheCity","TheBeyond"],"potions_floor_usage":[50],"damage_taken":[{"damage":2.0,"enemies":"2 Louse","floor":1.0,"turns":3.0},{"damage":0.0,"enemies":"Cultist","floor":3.0,"turns":2.0},{"damage":0.0,"enemies":"Small Slimes","floor":4.0,"turns":4.0},{"damage":4.0,"enemies":"Blue Slaver","floor":5.0,"turns":4.0},{"damage":20.0,"enemies":"3 Sentries","floor":6.0,"turns":6.0},{"damage":0.0,"enemies":"Large Slime","floor":8.0,"turns":4.0},{"damage":32.0,"enemies":"Gremlin Nob","floor":10.0,"turns":3.0},{"damage":10.0,"enemies":"3 Sentries","floor":12.0,"turns":3.0},{"damage":3.0,"enemies":"3 Louse","floor":14.0,"turns":4.0},{"damage":7.0,"enemies":"Slime Boss","floor":16.0,"turns":7.0},{"damage":0.0,"enemies":"Spheric Guardian","floor":18.0,"turns":2.0},{"damage":34.0,"enemies":"Shell Parasite","floor":20.0,"turns":6.0},{"damage":10.0,"enemies":"Slavers","floor":24.0,"turns":7.0},{"damage":23.0,"enemies":"Sentry and Sphere","floor":28.0,"turns":6.0},{"damage":17.0,"enemies":"Colosseum Slavers","floor":29.0,"turns":3.0},{"damage":8.0,"enemies":"Collector","floor":33.0,"turns":7.0},{"damage":18.0,"enemies":"3 Darklings","floor":35.0,"turns":3.0},{"damage":1.0,"enemies":"Orb Walker","floor":37.0,"turns":4.0},{"damage":11.0,"enemies":"Maw","floor":38.0,"turns":8.0},{"damage":27.0,"enemies":"Spire Growth","floor":39.0,"turns":5.0},{"damage":33.0,"enemies":"Reptomancer","floor":41.0,"turns":6.0},{"damage":19.0,"enemies":"Jaw Worm Horde","floor":42.0,"turns":6.0},{"damage":29.0,"enemies":"Sphere and 2 Shapes","floor":45.0,"turns":5.0},{"damage":5.0,"enemies":"Transient","floor":48.0,"turns":5.0},{"damage":63,"enemies":"Time Eater","floor":50,"turns":9}],"seed_played":"953766891700801135","potions_obtained":[{"floor":1.0,"key":"SpeedPotion"},{"floor":3.0,"key":"BottledMiracle"},{"floor":4.0,"key":"SkillPotion"},{"floor":14.0,"key":"Strength Potion"},{"floor":20.0,"key":"EssenceOfSteel"},{"floor":28.0,"key":"Weak Potion"},{"floor":35.0,"key":"GamblersBrew"},{"floor":45.0,"key":"SpeedPotion"},{"floor":48.0,"key":"EssenceOfSteel"}],"is_trial":false,"path_per_floor":["M","?","M","M","M","E","R","M","T","E","R","E","$","M","R","B",null,"M","?","M","?","?","R","E","R","T","?","M","?","R","$","R","B",null,"M","$","M","M","M","R","E","M","T","R","M","R","?","M","R","B",null],"character_chosen":"WATCHER","items_purchased":["Lee\u0027s Waffle","Potion Belt","Evaluate"],"campfire_rested":10,"item_purchase_floors":[13,13,36],"current_hp_per_floor":[59,59,59,59,55,35,55,55,55,23,43,33,75,72,72,65,73,75,69,35,35,14,38,33,57,57,36,15,5,29,29,53,47,72,56,56,62,53,28,52,21,4,11,37,10,36,36,38,64,8],"gold":203,"neow_bonus":"UPGRADE_CARD","is_daily":false,"chose_seed":false,"campfire_upgraded":1,"win_rate":0.0,"timestamp":1609276959,"path_taken":["M","?","M","M","?","E","R","M","T","E","R","E","?","M","R","BOSS","M","?","M","?","?","R","E","R","T","?","M","?","R","?","R","BOSS","M","$","M","M","M","R","E","M","T","R","M","R","?","?","R","BOSS"],"items_purchased_type":["Relic","Relic","Card"],"build_version":"2020-12-18","purchased_purges":1,"victory":true,"max_hp_per_floor":[68,68,68,68,68,68,68,68,68,68,68,68,75,75,75,75,75,75,75,75,75,80,80,80,80,80,80,80,80,80,80,80,80,80,80,80,80,80,80,80,80,80,87,87,87,87,87,87,87,87],"card_choices":[{"not_picked":["Protect","Wireheading"],"picked":"BattleHymn","floor":1.0},{"not_picked":["DeceiveReality","CutThroughFate"],"picked":"SandsOfTime","floor":3.0},{"not_picked":["JustLucky","EmptyBody","Study"],"picked":"SKIP","floor":4.0},{"not_picked":["SandsOfTime","ThirdEye"],"picked":"BowlingBash","floor":5.0},{"not_picked":["Halt","ClearTheMind"],"picked":"MasterReality","floor":6.0},{"not_picked":["Worship","Study"],"picked":"ReachHeaven","floor":8.0},{"not_picked":["BowlingBash","Sanctity"],"picked":"EmptyFist","floor":10.0},{"not_picked":["Nirvana","CrushJoints"],"picked":"Evaluate","floor":12.0},{"not_picked":["JustLucky","BowlingBash","FollowUp"],"picked":"SKIP","floor":14.0},{"not_picked":["Ragnarok","SpiritShield"],"picked":"LessonLearned","floor":16.0},{"not_picked":["Vengeance","BattleHymn","Sanctity"],"picked":"SKIP","floor":18.0},{"not_picked":["Collect","ThirdEye","EmptyFist"],"picked":"SKIP","floor":20.0},{"not_picked":["WaveOfTheHand+1","Indignation"],"picked":"WindmillStrike","floor":24.0},{"not_picked":["Indignation","Pray","ThirdEye"],"picked":"SKIP","floor":28.0},{"not_picked":["DeusExMachina","Devotion"],"picked":"SpiritShield","floor":33.0},{"not_picked":["PathToVictory","FlurryOfBlows"],"picked":"Protect+1","floor":35.0},{"not_picked":["FlurryOfBlows","Crescendo"],"picked":"TalkToTheHand","floor":37.0},{"not_picked":["ThirdEye","LikeWater"],"picked":"Protect","floor":38.0},{"not_picked":["FollowUp+1","EmptyFist+1"],"picked":"Wallop","floor":39.0},{"not_picked":["FollowUp","PathToVictory"],"picked":"Prostrate","floor":41.0},{"not_picked":["BowlingBash","MentalFortress","ReachHeaven+1"],"picked":"SKIP","floor":42.0},{"not_picked":["EmptyFist+1","CutThroughFate"],"picked":"Establishment","floor":45.0},{"not_picked":["FlyingSleeves","Pray","WaveOfTheHand"],"picked":"SKIP","floor":48.0}],"player_experience":731730,"relics_obtained":[{"floor":6.0,"key":"Bottled Flame"},{"floor":9.0,"key":"Toy Ornithopter"},{"floor":10.0,"key":"Orichalcum"},{"floor":12.0,"key":"Nunchaku"},{"floor":24.0,"key":"Blood Vial"},{"floor":26.0,"key":"Ancient Tea Set"},{"floor":27.0,"key":"Necronomicon"},{"floor":41.0,"key":"War Paint"},{"floor":43.0,"key":"Strawberry"},{"floor":47.0,"key":"Boot"}],"event_choices":[{"cards_removed":["Defend_P"],"damage_healed":0.0,"max_hp_gain":0.0,"max_hp_loss":0.0,"gold_gain":0.0,"event_name":"Purifier","player_choice":"Purged","floor":2.0,"gold_loss":0.0,"damage_taken":0.0},{"damage_healed":0.0,"max_hp_gain":0.0,"max_hp_loss":0.0,"gold_gain":0.0,"event_name":"Nest","player_choice":"Joined the Cult","floor":19.0,"gold_loss":0.0,"damage_taken":6.0,"cards_obtained":["RitualDagger"]},{"damage_healed":0.0,"max_hp_gain":0.0,"max_hp_loss":0.0,"gold_gain":0.0,"event_name":"Addict","player_choice":"Obtained Relic","floor":21.0,"gold_loss":85.0,"damage_taken":0.0,"relics_obtained":["Centennial Puzzle"]},{"damage_healed":0.0,"max_hp_gain":5.0,"max_hp_loss":0.0,"gold_gain":0.0,"event_name":"Forgotten Altar","player_choice":"Shed Blood","floor":22.0,"gold_loss":0.0,"damage_taken":26.0},{"damage_healed":0.0,"max_hp_gain":0.0,"max_hp_loss":0.0,"gold_gain":0.0,"event_name":"Cursed Tome","player_choice":"Obtained Book","floor":27.0,"gold_loss":0.0,"damage_taken":21.0},{"damage_healed":0.0,"max_hp_gain":0.0,"max_hp_loss":0.0,"gold_gain":0.0,"event_name":"Colosseum","player_choice":"Fight","floor":29.0,"gold_loss":0.0,"damage_taken":0.0},{"damage_healed":0.0,"max_hp_gain":0.0,"max_hp_loss":0.0,"gold_gain":0.0,"event_name":"Colosseum","player_choice":"Fled From Nobs","floor":29.0,"gold_loss":0.0,"damage_taken":0.0},{"damage_healed":0.0,"max_hp_gain":0.0,"max_hp_loss":0.0,"gold_gain":0.0,"event_name":"Wheel of Change","player_choice":"Relic","floor":47.0,"gold_loss":0.0,"damage_taken":0.0}],"is_beta":true,"boss_relics":[{"not_picked":["Empty Cage","Calling Bell"],"picked":"Fusion Hammer"},{"not_picked":["Runic Pyramid","VioletLotus"],"picked":"Pandora\u0027s Box"}],"items_purged_floors":[31],"is_endless":false,"potions_floor_spawned":[1,3,4,14,20,28,29,35,45,48],"ascension_level":15}}