{"host":"1zjc08c6hob33401","time":1609284765,"event":{"mods":["AchievementEnabler","Act Like it!","Aspiration","BaseMod","Downfall","Energized Spire","GifTheSpireLib","Hubris","Infinite Spire","Jedi Mod","Minty Spire (QoL Compilation)","Pale of the Ancients","Quick Restart","Replay The Spire","Retaliation","Shop Mod","StSLib","Stuff the Spire","The Blue Laboratory","Wandering Minibosses","vexMod"],"gold_per_floor":[110,121,121,46,32,32,32,59,59,59,59,77,77,88,88,186,186,198,198,213,227,242,242,242,320,320,283,283,300,300,215,215,215,215],"floor_reached":33,"playtime":8128,"items_purged":["Defend_B","Defend_B"],"score":321,"play_id":"38da3324-ba2a-419c-837a-7691127772a0","local_time":"20201230013245","is_ascension_mode":true,"campfire_choices":[{"data":"jedi:overflow","floor":6.0,"key":"SMITH"},{"data":"Chaos","floor":10.0,"key":"SMITH"},{"data":"Hyperbeam","floor":13.0,"key":"SMITH"},{"floor":15.0,"key":"REST"},{"data":"Multi-Cast","floor":23.0,"key":"SMITH"},{"data":"Bite","floor":28.0,"key":"SMITH"},{"data":"Bite","floor":30,"key":"SMITH"},{"data":"Bite","floor":32,"key":"SMITH"}],"circlet_count":0,"master_deck":["Defend_B","Defend_B","Zap","Dualcast","FTL","Chaos+1","Turbo","jedi:overflow+1","StuffTheSpire:Plugnplay","Hyperbeam+1","Ball Lightning","Electrodynamics","Reinforced Body","Madness+1","Conserve Battery+1","Multi-Cast+1","Bite+1","Bite+1","Bite","Bite","Bite+1","BasicCrystalCard+1"],"relics":["Replay:Wax Seal","StuffTheSpire:ColdMirror","Coffee Dripper","Sundial","Frozen Egg 2","hubris:ToyBattleship"],"acts_visited":["Exordium","TheCity"],"potions_floor_usage":[29,33],"damage_taken":[{"damage":6.0,"enemies":"Jaw Worm","floor":1.0,"turns":4.0},{"damage":1.0,"enemies":"Cultist","floor":2.0,"turns":3.0},{"damage":10.0,"enemies":"2 Louse","floor":5.0,"turns":6.0},{"damage":12.0,"enemies":"Gremlin Nob","floor":8.0,"turns":3.0},{"damage":14.0,"enemies":"Red Slaver","floor":12.0,"turns":3.0},{"damage":5.0,"enemies":"3 Louse","floor":14.0,"turns":2.0},{"damage":23.0,"enemies":"Slime Boss","floor":16.0,"turns":7.0},{"damage":12.0,"enemies":"Shell Parasite","floor":18.0,"turns":3.0},{"damage":5.0,"enemies":"3 Byrds","floor":20.0,"turns":3.0},{"damage":6.0,"enemies":"3 Cultists","floor":21.0,"turns":3.0},{"damage":7.0,"enemies":"Centurion and Healer","floor":22.0,"turns":4.0},{"damage":26.0,"enemies":"Sentry and Sphere","floor":27.0,"turns":5.0},{"damage":21,"enemies":"Cultist and Chosen","floor":29,"turns":5},{"damage":48,"enemies":"Automaton","floor":33,"turns":6}],"seed_played":"-6620146162948331659","potions_obtained":[{"floor":1.0,"key":"Fire Potion"},{"floor":8.0,"key":"blueLaboratory:CoolantVial"},{"floor":12.0,"key":"BlessingOfTheForge"},{"floor":16.0,"key":"Toxic Potion"},{"floor":20.0,"key":"blueLaboratory:StoneskinPotion"},{"floor":22.0,"key":"champ:CounterPotion"},{"floor":27.0,"key":"blueLaboratory:HorrorPotion"},{"floor":29,"key":"PotionOfCapacity"}],"is_trial":false,"path_per_floor":["M","M","?","$","M","R","$","E","T","R","?","M","R","M","R","B",null,"M","AVR","M","M","M","R","?","T","T","M","R","M","R","?","R","B"],"character_chosen":"DEFECT","items_purchased":[],"campfire_rested":1,"item_purchase_floors":[],"current_hp_per_floor":[69,68,61,61,51,51,51,39,39,39,39,25,25,20,42,19,75,63,63,58,52,45,45,45,45,45,31,31,21,21,21,21,0,0],"gold":215,"neow_bonus":"RANDOM_EVENT","is_daily":false,"chose_seed":false,"campfire_upgraded":7,"win_rate":0.0,"timestamp":1609284765,"path_taken":["M","M","?","?","?","R","$","E","T","R","?","M","R","M","R","BOSS","M","AVR","M","M","M","R","?","?","T","M","R","M","R","?","R","BOSS"],"items_purchased_type":[],"build_version":"2020-12-22","purchased_purges":2,"victory":false,"max_hp_per_floor":[75,75,75,75,75,75,75,75,75,75,75,75,75,75,75,75,75,75,75,75,75,75,75,52,52,52,52,52,52,52,52,52,52,52],"card_choices":[{"not_picked":["Rebound","Hologram"],"picked":"Chaos","floor":1.0},{"not_picked":["Steam","jedi:BurstFrost"],"picked":"Turbo","floor":2.0},{"not_picked":["Conserve Battery","StuffTheSpire:LoadUp"],"picked":"jedi:overflow","floor":5.0},{"not_picked":["Conserve Battery","Leap"],"picked":"StuffTheSpire:Plugnplay","floor":8.0},{"not_picked":["Hello World","Leap"],"picked":"Hyperbeam","floor":12.0},{"not_picked":["jedi:blockon","Stack"],"picked":"Ball Lightning","floor":14.0},{"not_picked":["StuffTheSpire:EventHorizon","ReplayRNGCard"],"picked":"Electrodynamics","floor":16.0},{"not_picked":["Leap","ReplayGash"],"picked":"Reinforced Body","floor":18.0},{"not_picked":["Auto Shields","StuffTheSpire:Plugnplay+1"],"picked":"StuffTheSpire:SnapShoot+1","floor":20.0},{"not_picked":["jedi:hex","Scrape"],"picked":"Conserve Battery+1","floor":21.0},{"not_picked":["Go for the Eyes","BasicCrystalCard"],"picked":"Multi-Cast","floor":22.0},{"not_picked":["jedi:sharpshooter","Conserve Battery","Turbo"],"picked":"SKIP","floor":27.0},{"not_picked":["Turbo","Go for the Eyes"],"picked":"BasicCrystalCard+1","floor":29}],"player_experience":403749,"relics_obtained":[{"floor":8.0,"key":"Replay:Wax Seal"},{"floor":9.0,"key":"StuffTheSpire:ColdMirror"},{"floor":25.0,"key":"Sundial"},{"floor":26.0,"key":"Frozen Egg 2"}],"event_choices":[{"damage_healed":0.0,"max_hp_gain":0.0,"max_hp_loss":0.0,"gold_gain":0.0,"event_name":"Scrap Ooze","player_choice":"Success","floor":3.0,"gold_loss":0.0,"damage_taken":7.0,"relics_obtained":["Bag of Marbles"]},{"damage_healed":0.0,"max_hp_gain":0.0,"max_hp_loss":0.0,"gold_gain":0.0,"event_name":"Liars Game","player_choice":"Ignored","floor":11.0,"gold_loss":0.0,"damage_taken":0.0},{"damage_healed":0.0,"max_hp_gain":0.0,"max_hp_loss":23.0,"gold_gain":0.0,"event_name":"Vampires","player_choice":"Became a vampire","floor":24.0,"gold_loss":0.0,"damage_taken":0.0,"cards_obtained":["Bite","Bite","Bite","Bite","Bite"]},{"damage_healed":0,"gold_gain":0,"player_choice":"Obtained Relic","damage_taken":0,"relics_obtained":["hubris:ToyBattleship"],"max_hp_gain":0,"max_hp_loss":0,"event_name":"Addict","floor":31,"gold_loss":85}],"is_beta":false,"boss_relics":[{"not_picked":["aspiration:Stellarator","StuffTheSpire:Kangaroo"],"picked":"Coffee Dripper"}],"items_purged_floors":[4,19],"is_endless":false,"potions_floor_spawned":[1,8,12,16,20,22,27,29],"killed_by":"Automaton","ascension_level":4}}