{"host":"9v3x998ddbx8o276","time":1609205219,"event":{"mods":["BaseMod","Colored Map","Highlight Path","Minty Spire (QoL Compilation)","Quick Restart","Rare Cards Sparkle"],"gold_per_floor":[111,111,111,58,70,104,104,139,220,231,231,247,13,25,25,25,25],"floor_reached":16,"playtime":349,"items_purged":[],"score":270,"play_id":"c67a102e-99b5-40d3-b75f-faa4e64644f1","local_time":"20201229115659","is_ascension_mode":true,"campfire_choices":[{"data":"Beam Cell","floor":7,"key":"SMITH"},{"floor":15,"key":"REST"}],"circlet_count":0,"master_deck":["AscendersBane","Strike_B","Strike_B","Strike_B","Strike_B","Defend_B","Defend_B","Defend_B","Defend_B","Zap","Dualcast","Chill","Barrage","Beam Cell+1","Doom and Gloom","Ball Lightning","Static Discharge","Capacitor","Cold Snap","Cold Snap"],"relics":["Cracked Core","NeowsBlessing","DataDisk","CaptainsWheel","Blue Candle","Mercury Hourglass"],"acts_visited":["Exordium"],"potions_floor_usage":[1,12,14,14,14,16],"damage_taken":[{"damage":0,"enemies":"Jaw Worm","floor":1,"turns":1},{"damage":0,"enemies":"2 Louse","floor":5,"turns":1},{"damage":0,"enemies":"Lagavulin","floor":6,"turns":1},{"damage":64,"enemies":"Gremlin Nob","floor":8,"turns":5},{"damage":0,"enemies":"Cultist","floor":10,"turns":2},{"damage":0,"enemies":"Gremlin Gang","floor":12,"turns":1},{"damage":1,"enemies":"2 Fungi Beasts","floor":14,"turns":2},{"damage":25,"enemies":"The Guardian","floor":16,"turns":5}],"seed_played":"-1539292298933920085","potions_obtained":[{"floor":1,"key":"EntropicBrew"},{"floor":10,"key":"LiquidMemories"}],"is_trial":false,"path_per_floor":["M","?","?","$","M","E","R","E","T","M","?","M","$","M","R","B"],"character_chosen":"DEFECT","items_purchased":["Barrage","Capacitor","EntropicBrew","Cold Snap"],"campfire_rested":1,"item_purchase_floors":[4,13,13,13],"current_hp_per_floor":[64,69,69,69,69,69,69,5,5,5,5,5,5,4,26,1,1],"gold":25,"neow_bonus":"THREE_ENEMY_KILL","is_daily":false,"chose_seed":false,"campfire_upgraded":1,"win_rate":0.0,"timestamp":1609205219,"path_taken":["M","?","?","$","?","E","R","E","T","M","?","M","$","M","R","BOSS"],"items_purchased_type":["Card","Card","Potion","Card"],"build_version":"2020-12-22","purchased_purges":0,"victory":false,"max_hp_per_floor":[71,76,76,76,76,76,76,76,76,76,76,76,76,76,76,76,76],"card_choices":[{"not_picked":["Scrape","Steam"],"picked":"Chill","floor":1},{"not_picked":["Turbo","Conserve Battery"],"picked":"Beam Cell","floor":5},{"not_picked":["Steam","Stack","Hyperbeam"],"picked":"SKIP","floor":6},{"not_picked":["Sunder","Beam Cell"],"picked":"Doom and Gloom","floor":8},{"not_picked":["Stack","Go for the Eyes"],"picked":"Ball Lightning","floor":10},{"not_picked":["Undo","Storm"],"picked":"Static Discharge","floor":12},{"not_picked":["Rebound","Sweeping Beam"],"picked":"Cold Snap","floor":14}],"player_experience":2075992,"relics_obtained":[{"floor":6,"key":"DataDisk"},{"floor":8,"key":"CaptainsWheel"},{"floor":9,"key":"Blue Candle"},{"floor":11,"key":"Mercury Hourglass"}],"event_choices":[{"damage_healed":0,"gold_gain":0,"player_choice":"Donut","damage_taken":0,"max_hp_gain":5,"max_hp_loss":0,"event_name":"Big Fish","floor":2,"gold_loss":0},{"damage_healed":0,"gold_gain":0,"player_choice":"Ignored","damage_taken":0,"max_hp_gain":0,"max_hp_loss":0,"event_name":"Golden Wing","floor":3,"gold_loss":0},{"damage_healed":0,"gold_gain":0,"player_choice":"Relic","damage_taken":0,"max_hp_gain":0,"max_hp_loss":0,"event_name":"Wheel of Change","floor":11,"gold_loss":0}],"is_beta":false,"boss_relics":[],"items_purged_floors":[],"is_endless":false,"potions_floor_spawned":[1,10],"killed_by":"The Guardian","ascension_level":20}}