{"host":"0nzvmr5az7vks2y2","time":1609266976,"event":{"mods":["BaseMod","Colored Map","Minty Spire (QoL Compilation)","Shade Mod","StSLib"],"gold_per_floor":[12,12,29,48,58,92,92,123,123,140,153,168,180,196,196,300,300,314,224,243,260,272,299,299,314,314,314,327,361,361,379,379,482,482,496,515,529,547,563,563,591,591,659,659,659,679,679,696,696,696],"floor_reached":51,"playtime":3344,"items_purged":[],"score":791,"play_id":"f668f120-63df-47a2-a524-2e7ca0a6c8f5","local_time":"20201229193616","is_ascension_mode":false,"campfire_choices":[{"floor":15.0,"key":"REST"},{"data":"Shade:LichForm","floor":24.0,"key":"SMITH"},{"data":"Shade:GoDigging","floor":27.0,"key":"SMITH"},{"floor":32.0,"key":"REST"},{"floor":40,"key":"REST"},{"data":"Shade:LichForm","floor":42,"key":"SMITH"},{"floor":49,"key":"REST"}],"circlet_count":0,"master_deck":["Shade:Strike_Shade","Shade:Strike_Shade","Shade:Defend_Shade","Shade:AnimateDead","Shade:CarefulCut","Shade:RavenousHorde","Shade:FreshBones+1","Shade:FuneraryArmor","Shade:GoDigging+1","Shade:LichForm+1","Shade:GraveStillness","Shade:MadHubris","Shade:SpectralStrikes","Shade:CommandSoldier","Shade:FleshLikeOak","Shade:CallWraith","Shade:Trample","Shade:WallOfFlesh","Shade:FleshLikeOak","Shade:AblativeArmor","Shade:Coordination","Shade:SensePrey","Shade:LichForm+1","Shade:FreshBones+1","Shade:FreshBones+1","Shade:FuneraryJewels+1","Apotheosis","Writhe","Shade:SanguineRitual+1"],"relics":["Shade:YorickSkull","MealTicket","Kunai","Shuriken","Singing Bowl","Snecko Eye","Mango","StoneCalendar","Smiling Mask","Philosopher\u0027s Stone","White Beast Statue","Frozen Egg 2"],"acts_visited":["Exordium","TheCity","TheBeyond"],"potions_floor_usage":[46,50,50,50],"damage_taken":[{"damage":0.0,"enemies":"Jaw Worm","floor":1.0,"turns":4.0},{"damage":2.0,"enemies":"Cultist","floor":3.0,"turns":3.0},{"damage":0.0,"enemies":"Small Slimes","floor":4.0,"turns":3.0},{"damage":6.0,"enemies":"Exordium Wildlife","floor":5.0,"turns":5.0},{"damage":7.0,"enemies":"3 Sentries","floor":6.0,"turns":6.0},{"damage":6.0,"enemies":"Gremlin Nob","floor":8.0,"turns":5.0},{"damage":3.0,"enemies":"Gremlin Gang","floor":10.0,"turns":4.0},{"damage":8.0,"enemies":"Exordium Thugs","floor":11.0,"turns":4.0},{"damage":3.0,"enemies":"2 Fungi Beasts","floor":12.0,"turns":3.0},{"damage":0.0,"enemies":"3 Louse","floor":13.0,"turns":2.0},{"damage":0.0,"enemies":"Looter","floor":14.0,"turns":3.0},{"damage":13.0,"enemies":"Slime Boss","floor":16.0,"turns":8.0},{"damage":9.0,"enemies":"Shell Parasite","floor":18.0,"turns":5.0},{"damage":4.0,"enemies":"3 Byrds","floor":20.0,"turns":4.0},{"damage":21.0,"enemies":"Shelled Parasite and Fungi","floor":21.0,"turns":4.0},{"damage":3.0,"enemies":"Snake Plant","floor":22.0,"turns":4.0},{"damage":9.0,"enemies":"Gremlin Leader","floor":23.0,"turns":6.0},{"damage":6.0,"enemies":"3 Cultists","floor":25.0,"turns":4.0},{"damage":1.0,"enemies":"Shelled Parasite and Fungi","floor":28.0,"turns":4.0},{"damage":0.0,"enemies":"Book of Stabbing","floor":29.0,"turns":4.0},{"damage":16.0,"enemies":"Centurion and Healer","floor":31.0,"turns":4.0},{"damage":25.0,"enemies":"Collector","floor":33.0,"turns":7.0},{"damage":0.0,"enemies":"Orb Walker","floor":35.0,"turns":3.0},{"damage":8,"enemies":"3 Shapes","floor":36,"turns":4},{"damage":5,"enemies":"Transient","floor":37,"turns":5},{"damage":48,"enemies":"Writhing Mass","floor":38,"turns":5},{"damage":27,"enemies":"Sphere and 2 Shapes","floor":39,"turns":4},{"damage":6,"enemies":"Reptomancer","floor":41,"turns":5},{"damage":21,"enemies":"Spire Growth","floor":46,"turns":5},{"damage":21,"enemies":"Jaw Worm Horde","floor":48,"turns":3},{"damage":36,"enemies":"Awakened One","floor":50,"turns":7}],"seed_played":"-2335715376024343560","potions_obtained":[{"floor":1.0,"key":"DuplicationPotion"},{"floor":2.0,"key":"Dexterity Potion"},{"floor":2.0,"key":"Ancient Potion"},{"floor":6.0,"key":"EssenceOfSteel"},{"floor":10.0,"key":"Explosive Potion"},{"floor":13.0,"key":"Strength Potion"},{"floor":16.0,"key":"CultistPotion"},{"floor":18.0,"key":"Dexterity Potion"},{"floor":22.0,"key":"EntropicBrew"},{"floor":25.0,"key":"FearPotion"},{"floor":31.0,"key":"Swift Potion"},{"floor":35.0,"key":"Strength Potion"},{"floor":46,"key":"LiquidMemories"}],"is_trial":false,"path_per_floor":["M","?","M","M","M","E","?","E","T","M","M","M","M","M","R","B",null,"M","?","M","M","M","E","R","M","T","R","M","E","?","M","R","B",null,"M","M","M","M","M","R","E","R","T","?","?","M","?","M","R","B",null],"character_chosen":"SHADE","items_purchased":[],"campfire_rested":4,"item_purchase_floors":[],"current_hp_per_floor":[65,65,63,63,57,50,25,19,19,16,10,9,11,13,34,21,73,64,64,60,39,36,41,41,37,37,37,36,36,36,20,46,21,89,91,85,80,32,7,35,29,29,29,29,29,10,34,13,42,6],"gold":696,"neow_bonus":"REMOVE_TWO","is_daily":false,"chose_seed":false,"campfire_upgraded":3,"win_rate":0.0,"timestamp":1609266976,"path_taken":["M","?","M","?","M","E","?","E","T","M","M","M","M","M","R","BOSS","M","?","M","M","?","E","R","M","T","R","M","E","?","M","R","BOSS","M","M","M","M","M","R","E","R","T","?","?","M","?","M","R","BOSS"],"items_purchased_type":[],"build_version":"2020-12-22","purchased_purges":0,"victory":true,"max_hp_per_floor":[65,65,65,65,65,65,65,65,65,65,67,69,71,73,73,73,73,73,73,73,73,73,87,87,89,89,89,89,89,89,89,89,89,89,91,93,93,93,95,95,95,95,95,95,95,97,97,97,97,97],"card_choices":[{"not_picked":["Shade:LyeBath","Shade:GoDigging"],"picked":"Shade:Bonestorm","floor":1.0},{"not_picked":["Shade:PotionOfRestlessness","Shade:ClawBack"],"picked":"Shade:RavenousHorde","floor":3.0},{"not_picked":["Shade:GreyBargain","Shade:Frenzy"],"picked":"Shade:FreshBones","floor":4.0},{"not_picked":["Shade:SkeletonHug","Shade:Frenzy"],"picked":"Shade:FuneraryArmor","floor":5.0},{"not_picked":["Shade:PotionOfRestlessness","Shade:Trample"],"picked":"Shade:GoDigging","floor":6.0},{"not_picked":["Shade:Awaken","Shade:FingerOfDeath"],"picked":"Shade:LichForm","floor":8.0},{"not_picked":["Shade:FleshToFlesh","Shade:CoffinDance"],"picked":"Shade:GraveStillness","floor":10.0},{"not_picked":["Shade:GreyBargain","Shade:ExtraLimbs","Shade:Frenzy"],"picked":"Singing Bowl","floor":11.0},{"not_picked":["Shade:Awaken","Shade:OneIsEnough","Shade:CommandSoldier"],"picked":"Singing Bowl","floor":12.0},{"not_picked":["Shade:PressTheAttack","Shade:Frenzy","Shade:GraveStillness"],"picked":"Singing Bowl","floor":13.0},{"not_picked":["Shade:ClawBack","Shade:Patience","Shade:AncientSpear"],"picked":"Singing Bowl","floor":14.0},{"not_picked":["Shade:OfferingToTheBeyond","Shade:SoulPierce"],"picked":"Shade:MadHubris","floor":16.0},{"not_picked":["Shade:FingerOfDeath","Shade:SanguineRitual"],"picked":"Shade:SpectralStrikes","floor":18.0},{"not_picked":["Shade:FeralStrike","Shade:AncientSpear"],"picked":"Shade:CommandSoldier","floor":20.0},{"not_picked":["Shade:FreshBones","Shade:Frenzy"],"picked":"Shade:FleshLikeOak","floor":21.0},{"not_picked":["Shade:SpectralStrikes","Shade:Awaken+1"],"picked":"Shade:CallWraith","floor":22.0},{"not_picked":["Shade:CallWraith","Shade:FleshToFlesh"],"picked":"Shade:Trample","floor":23.0},{"not_picked":["Shade:AncientSpear","Shade:SoulPierce","Shade:ClawBack"],"picked":"Singing Bowl","floor":25.0},{"not_picked":["Shade:AncientSpear","Shade:FreshBones"],"picked":"Shade:WallOfFlesh","floor":28.0},{"not_picked":["Shade:AblativeArmor+1","Shade:SpontaneousRitual"],"picked":"Shade:FleshLikeOak","floor":29.0},{"not_picked":["Shade:RavenousHorde","Shade:Trample"],"picked":"Shade:SensePrey","floor":31.0},{"not_picked":["Shade:Coordination","Shade:SoulPierce"],"picked":"Shade:LichForm","floor":33.0},{"not_picked":["Shade:GraveStillness","Shade:StitchTogether","Shade:GoDigging"],"picked":"Singing Bowl","floor":35.0},{"not_picked":["Shade:DangerousRitual","Shade:Frenzy+1","Shade:GraveStillness+1"],"picked":"Singing Bowl","floor":36},{"not_picked":["Shade:GraveStillness","Shade:Bonestorm"],"picked":"Shade:FreshBones+1","floor":37},{"not_picked":["Shade:Haruspicy+1","Shade:Frenzy+1"],"picked":"Shade:FreshBones+1","floor":38},{"not_picked":["Shade:CoffinDance","Shade:SelfBurial","Shade:SoulToxin+1"],"picked":"Singing Bowl","floor":39},{"not_picked":["Shade:Frenzy+1","Shade:Premonition"],"picked":"Shade:FuneraryJewels+1","floor":41},{"not_picked":["Blind","Thinking Ahead"],"picked":"Apotheosis","floor":45},{"not_picked":["Shade:FingerOfDeath","Shade:SkeletonHug+1","Shade:FeralStrike"],"picked":"Singing Bowl","floor":46},{"not_picked":["Shade:FreshBones","Shade:FuneraryArmor+1"],"picked":"Shade:SanguineRitual+1","floor":48}],"player_experience":546559,"relics_obtained":[{"floor":6.0,"key":"MealTicket"},{"floor":8.0,"key":"Shuriken"},{"floor":9.0,"key":"Singing Bowl"},{"floor":23.0,"key":"Mango"},{"floor":26.0,"key":"StoneCalendar"},{"floor":29.0,"key":"Smiling Mask"},{"floor":41,"key":"White Beast Statue"},{"floor":43,"key":"Frozen Egg 2"}],"event_choices":[{"damage_healed":0.0,"max_hp_gain":0.0,"max_hp_loss":0.0,"gold_gain":0.0,"event_name":"Lab","player_choice":"Got Potions","floor":2.0,"gold_loss":0.0,"damage_taken":0.0},{"damage_healed":0.0,"max_hp_gain":0.0,"max_hp_loss":0.0,"gold_gain":0.0,"event_name":"Scrap Ooze","player_choice":"Success","floor":7.0,"gold_loss":0.0,"damage_taken":25.0,"relics_obtained":["Kunai"]},{"cards_removed":["Shade:Defend_Shade"],"damage_healed":0.0,"max_hp_gain":0.0,"max_hp_loss":0.0,"gold_gain":0.0,"event_name":"Designer","player_choice":"Upgrade and Remove","floor":19.0,"gold_loss":90.0,"damage_taken":0.0,"cards_upgraded":["Shade:FreshBones"]},{"damage_healed":0.0,"max_hp_gain":0.0,"max_hp_loss":0.0,"gold_gain":0.0,"cards_transformed":["Shade:Defend_Shade","Shade:Defend_Shade"],"event_name":"Drug Dealer","player_choice":"Became Test Subject","floor":30.0,"gold_loss":0.0,"damage_taken":0.0,"cards_obtained":["Shade:AblativeArmor","Shade:Coordination"]},{"cards_removed":["Shade:Bonestorm"],"damage_healed":0,"gold_gain":0,"player_choice":"Removed Attack","damage_taken":0,"max_hp_gain":0,"max_hp_loss":0,"event_name":"Falling","floor":44,"gold_loss":0},{"damage_healed":0,"gold_gain":0,"player_choice":"Memory 1","damage_taken":0,"max_hp_gain":0,"max_hp_loss":0,"event_name":"SensoryStone","floor":45,"gold_loss":0},{"damage_healed":24,"gold_gain":0,"player_choice":"Writhe","damage_taken":0,"max_hp_gain":0,"max_hp_loss":0,"event_name":"Winding Halls","floor":47,"gold_loss":0,"cards_obtained":["Writhe"]}],"is_beta":false,"boss_relics":[{"not_picked":["Pandora\u0027s Box","SacredBark"],"picked":"Snecko Eye"},{"not_picked":["SlaversCollar","Calling Bell"],"picked":"Philosopher\u0027s Stone"}],"items_purged_floors":[],"is_endless":false,"potions_floor_spawned":[1,6,10,13,16,18,22,25,31,35,36,37,46,48],"ascension_level":0}}