{"host":"5ezk7t18wcb10u1o","time":1609278102,"event":{"mods":["BaseMod","Bestiary","Colored Powertips","Minty Spire (QoL Compilation)","Relic Sorter"],"gold_per_floor":[111,129,149,149,160,189,189,205,250,18,36,36,56,91,91,189,189,209,209,223,322,334,334,334,334],"floor_reached":24,"playtime":4104,"items_purged":[],"score":336,"play_id":"5672d7dc-21fd-40b4-8467-88c031ec917f","local_time":"20201229214142","is_ascension_mode":true,"campfire_choices":[{"data":"Armaments","floor":7.0,"key":"SMITH"},{"floor":12.0,"key":"REST"},{"floor":15.0,"key":"REST"},{"data":"Rage","floor":23.0,"key":"SMITH"}],"circlet_count":0,"master_deck":["AscendersBane","Strike_R","Strike_R","Strike_R","Strike_R","Defend_R+1","Defend_R","Defend_R+1","Defend_R","Bash","Twin Strike","Iron Wave","Armaments+1","Metallicize","Body Slam","Carnage","Madness","Body Slam","Offering","Inflame","Barricade","Rage+1","Headbutt+1"],"relics":["Burning Blood","Centennial Puzzle","Ancient Tea Set","War Paint","Sundial","SlaversCollar"],"acts_visited":["Exordium","TheCity"],"potions_floor_usage":[],"damage_taken":[{"damage":4.0,"enemies":"Small Slimes","floor":1.0,"turns":4.0},{"damage":1.0,"enemies":"Cultist","floor":2.0,"turns":3.0},{"damage":7.0,"enemies":"Jaw Worm","floor":3.0,"turns":3.0},{"damage":0.0,"enemies":"3 Louse","floor":5.0,"turns":4.0},{"damage":50.0,"enemies":"Lagavulin","floor":6.0,"turns":9.0},{"damage":7.0,"enemies":"Exordium Wildlife","floor":8.0,"turns":5.0},{"damage":20.0,"enemies":"Gremlin Gang","floor":11.0,"turns":4.0},{"damage":0.0,"enemies":"Large Slime","floor":13.0,"turns":5.0},{"damage":37.0,"enemies":"Gremlin Nob","floor":14.0,"turns":5.0},{"damage":41.0,"enemies":"Slime Boss","floor":16.0,"turns":9.0},{"damage":8.0,"enemies":"Chosen","floor":18.0,"turns":6.0},{"damage":7.0,"enemies":"3 Byrds","floor":20.0,"turns":4.0},{"damage":36.0,"enemies":"Sentry and Sphere","floor":22.0,"turns":9.0},{"damage":40,"enemies":"Book of Stabbing","floor":24,"turns":4}],"seed_played":"7734036803494079363","potions_obtained":[{"floor":1.0,"key":"LiquidBronze"},{"floor":3.0,"key":"Fire Potion"},{"floor":6.0,"key":"LiquidBronze"},{"floor":14.0,"key":"ElixirPotion"},{"floor":18.0,"key":"LiquidBronze"}],"is_trial":false,"path_per_floor":["M","M","M","?","M","E","R","M","T","$","M","R","M","E","R","B",null,"M","?","M","?","M","R","E"],"character_chosen":"IRONCLAD","items_purchased":["War Paint","Madness"],"campfire_rested":2,"item_purchase_floors":[10,10],"current_hp_per_floor":[82,87,86,86,88,44,44,43,43,43,29,55,61,30,56,21,71,69,69,68,68,38,38,0,0],"gold":334,"neow_bonus":"TEN_PERCENT_HP_BONUS","is_daily":false,"chose_seed":false,"campfire_upgraded":2,"win_rate":0.0,"timestamp":1609278102,"path_taken":["M","M","M","?","M","E","R","M","T","?","M","R","?","E","R","BOSS","M","?","M","?","?","R","E"],"items_purchased_type":["Relic","Card"],"build_version":"2020-12-22","purchased_purges":0,"victory":false,"max_hp_per_floor":[88,88,88,88,88,88,88,88,88,88,88,88,88,88,88,88,88,88,88,88,88,88,88,88,88],"card_choices":[{"not_picked":["Power Through","Dark Embrace"],"picked":"Twin Strike","floor":1.0},{"not_picked":["Heavy Blade","Pommel Strike"],"picked":"Iron Wave","floor":2.0},{"not_picked":["Pummel","Havoc"],"picked":"Armaments","floor":3.0},{"not_picked":["Blood for Blood","Evolve"],"picked":"Metallicize","floor":5.0},{"not_picked":["Perfected Strike","Headbutt"],"picked":"Body Slam","floor":6.0},{"not_picked":["Sword Boomerang","Warcry"],"picked":"Carnage","floor":8.0},{"not_picked":["Evolve","Shrug It Off"],"picked":"Body Slam","floor":11.0},{"not_picked":["Iron Wave","Thunderclap"],"picked":"Offering","floor":13.0},{"not_picked":["Sword Boomerang","Rampage"],"picked":"Inflame","floor":14.0},{"not_picked":["Exhume","Limit Break"],"picked":"Barricade","floor":16.0},{"not_picked":["Clash","Pummel"],"picked":"Rage","floor":18.0},{"not_picked":["Second Wind","Sword Boomerang","Pummel"],"picked":"SKIP","floor":20.0},{"not_picked":["Sword Boomerang","Pommel Strike"],"picked":"Headbutt+1","floor":22.0}],"player_experience":1086836,"relics_obtained":[{"floor":6.0,"key":"Centennial Puzzle"},{"floor":9.0,"key":"Ancient Tea Set"},{"floor":14.0,"key":"Sundial"}],"event_choices":[{"cards_removed":["Strike_R"],"damage_healed":0.0,"max_hp_gain":0.0,"max_hp_loss":0.0,"gold_gain":0.0,"event_name":"Purifier","player_choice":"Purged","floor":4.0,"gold_loss":0.0,"damage_taken":0.0},{"damage_healed":0.0,"max_hp_gain":0.0,"max_hp_loss":0.0,"gold_gain":0.0,"event_name":"Ghosts","player_choice":"Ignored","floor":19.0,"gold_loss":0.0,"damage_taken":0.0},{"damage_healed":0.0,"max_hp_gain":0.0,"max_hp_loss":0.0,"gold_gain":99.0,"event_name":"Nest","player_choice":"Stole From Cult","floor":21.0,"gold_loss":0.0,"damage_taken":0.0}],"is_beta":false,"boss_relics":[{"not_picked":["Philosopher\u0027s Stone","Busted Crown"],"picked":"SlaversCollar"}],"items_purged_floors":[],"is_endless":false,"potions_floor_spawned":[1,3,6,14,18],"killed_by":"Book of Stabbing","ascension_level":12}}