{"host":"wghdsg8ym2wc7ov9","time":1609205738,"event":{"mods":["AchievementEnabler","Astrologer","Bard","BaseMod","Beaked The Cultist","Better Altar","Better Note","Colored Map","Hermit","Highlight Path","Jorbs\u0027s Wanderer Trilogy","Minty Spire (QoL Compilation)","Random Character Button","Relic Stats","Shop Mod","StSLib","The Blackbeard","The Bladedancer","The Cursed","The Gatherer","The Hierophant","The Mystic","The Senshi","The Servant 0.9.4"],"gold_per_floor":[109,119,15,25,39,39,68,88,115,167,178,178,188,188,188,292,292,310,327,347,347,364,393,73,103,126,126,156,175,175,192,192,287,287,301,315,333,333,346,346,346,346],"floor_reached":41,"playtime":8051,"items_purged":[],"score":509,"play_id":"8d30eaeb-f702-4534-a724-b1344ab8bbb2","local_time":"20201228173538","is_ascension_mode":false,"campfire_choices":[{"data":"theSenshi:MoonCrisisMakeUp","floor":6.0,"key":"SMITH"},{"data":"theSenshi:SaturnsMystery","floor":12.0,"key":"SMITH"},{"floor":15.0,"key":"REST"},{"floor":30.0,"key":"RECALL"},{"data":"theSenshi:MoonGorgeousMeditation","floor":32.0,"key":"SMITH"},{"data":"theSenshi:MoonlightKnight","floor":40,"key":"SMITH"}],"circlet_count":0,"master_deck":["theSenshi:SailorKick","theSenshi:SailorKick","theSenshi:SailorKick","theSenshi:SailorKick","theSenshi:SailorBlock","theSenshi:SailorBlock","theSenshi:SailorBlock","theSenshi:SailorBlock","theSenshi:RoseThrow","theSenshi:MoonPrismPowerMakeUp","theSenshi:MoonCrisisMakeUp+1","theSenshi:LunasBite","theSenshi:SailorV","theSenshi:KlutzyLuck","theSenshi:MoonTwilightFlash","theSenshi:SailorMarsAssists","theSenshi:SteeledNerves","theSenshi:MercurysCunning","theSenshi:SaturnsMystery+1","theSenshi:RainbowMoonHeartAche+1","theSenshi:MoonGorgeousMeditation+1","theSenshi:VenusGlamour+1","theSenshi:RainbowMoonHeartAche+1","theSenshi:SaturnsMystery","hierophant:ChurchCoffers+1","theSenshi:MoonPunch","theSenshi:MoonCosmicPowerMakeUp","Magnetism","theSenshi:MoonlightKnight+1","theSenshi:SailorPlanetAttack","theSenshi:ChibiMoonsLove","Shame","theSenshi:PlutosSolemnity","theSenshi:Sidestep","theSenshi:SailorNeptuneAssists+1","theSenshi:JupitersPower","theSenshi:SupersonicWaves","theSenshi:SaturnsMystery","theSenshi:MoonCrisisMakeUp+1","theSenshi:DramaticEntrance+1"],"relics":["theSenshi:TransformationBroochRelic","HornCleat","theSenshi:CutieMoonRodRelic","Coffee Dripper","Bag of Marbles","Art of War","Regal Pillow","theSenshi:CrisisMoonCompactRelic","Boot","Black Star"],"acts_visited":["Exordium","TheCity","TheBeyond"],"potions_floor_usage":[41],"damage_taken":[{"damage":0.0,"enemies":"Cultist","floor":1.0,"turns":4.0},{"damage":2.0,"enemies":"Jaw Worm","floor":2.0,"turns":4.0},{"damage":0.0,"enemies":"Small Slimes","floor":4.0,"turns":4.0},{"damage":6.0,"enemies":"Exordium Thugs","floor":5.0,"turns":4.0},{"damage":21.0,"enemies":"3 Sentries","floor":7.0,"turns":11.0},{"damage":10.0,"enemies":"Lots of Slimes","floor":8.0,"turns":6.0},{"damage":8.0,"enemies":"2 Fungi Beasts","floor":11.0,"turns":3.0},{"damage":6.0,"enemies":"Blue Slaver","floor":13.0,"turns":4.0},{"damage":23.0,"enemies":"The Guardian","floor":16.0,"turns":13.0},{"damage":0.0,"enemies":"Chosen","floor":18.0,"turns":4.0},{"damage":18.0,"enemies":"Spheric Guardian","floor":19.0,"turns":6.0},{"damage":17.0,"enemies":"Snake Plant","floor":20.0,"turns":4.0},{"damage":26.0,"enemies":"Centurion and Healer","floor":22.0,"turns":4.0},{"damage":28.0,"enemies":"Gremlin Leader","floor":23.0,"turns":7.0},{"damage":44.0,"enemies":"Book of Stabbing","floor":25.0,"turns":7.0},{"damage":29.0,"enemies":"Slavers","floor":28.0,"turns":5.0},{"damage":12.0,"enemies":"Chosen and Byrds","floor":29.0,"turns":6.0},{"damage":23.0,"enemies":"Shelled Parasite and Fungi","floor":31.0,"turns":6.0},{"damage":37.0,"enemies":"Automaton","floor":33.0,"turns":10.0},{"damage":15.0,"enemies":"3 Shapes","floor":35.0,"turns":4.0},{"damage":4.0,"enemies":"Orb Walker","floor":36.0,"turns":3.0},{"damage":46.0,"enemies":"Spire Growth","floor":37.0,"turns":5.0},{"damage":50.0,"enemies":"4 Shapes","floor":39.0,"turns":41.0},{"damage":68,"enemies":"Transient","floor":41,"turns":4}],"seed_played":"8681419211915566326","potions_obtained":[{"floor":1.0,"key":"Fruit Juice"},{"floor":4.0,"key":"Explosive Potion"},{"floor":5.0,"key":"Fruit Juice"},{"floor":8.0,"key":"LiquidMemories"},{"floor":16.0,"key":"Swift Potion"},{"floor":22.0,"key":"LiquidBronze"},{"floor":23.0,"key":"AttackPotion"},{"floor":25.0,"key":"DuplicationPotion"},{"floor":31.0,"key":"Energy Potion"},{"floor":37.0,"key":"AttackPotion"},{"floor":39.0,"key":"EssenceOfSteel"}],"is_trial":false,"path_per_floor":["M","M","$","M","M","R","E","M","T","T","M","R","M","?","R","B",null,"M","M","M","?","M","E","$","E","T","?","E","M","R","M","R","B",null,"M","M","M","?","M","R","M"],"character_chosen":"THE_SENSHI","items_purchased":["theSenshi:SailorV","theSenshi:KlutzyLuck","Magnetism","theSenshi:MoonlightKnight","theSenshi:SailorPlanetAttack"],"campfire_rested":1,"item_purchase_floors":[3,3,24,24,24],"current_hp_per_floor":[82,85,85,85,84,84,63,53,53,53,45,45,54,54,81,74,92,92,74,72,72,49,51,51,22,22,22,30,48,48,43,43,31,92,92,88,46,46,46,46,0,0],"gold":346,"neow_bonus":"TEN_PERCENT_HP_BONUS","is_daily":false,"chose_seed":false,"campfire_upgraded":4,"win_rate":0.0,"timestamp":1609205738,"path_taken":["M","M","?","M","M","R","E","M","T","?","M","R","M","?","R","BOSS","M","M","M","?","M","E","$","E","T","?","E","M","R","M","R","BOSS","M","M","M","?","M","R","M"],"items_purchased_type":["Card","Card","Card","Card","Card"],"build_version":"2020-12-22","purchased_purges":0,"victory":false,"max_hp_per_floor":[82,87,87,87,92,92,92,92,92,92,92,92,92,92,92,92,92,92,92,92,92,92,92,92,92,92,92,92,92,92,92,92,92,92,92,92,92,92,92,92,92,92],"relic_stats":{"Regal Pillow":0,"counters":[24,169],"Art of War":[38],"Black Star":0,"Boot":[29],"obtain_stats":[{"theSenshi:CutieMoonRodRelic":10,"Regal Pillow":26,"theSenshi:TransformationBroochRelic":0,"HornCleat":7,"theSenshi:CrisisMoonCompactRelic":27,"Coffee Dripper":17,"Bag of Marbles":23,"Art of War":25,"Black Star":34,"Boot":28},{"theSenshi:CutieMoonRodRelic":6,"Regal Pillow":15,"theSenshi:TransformationBroochRelic":0,"HornCleat":5,"theSenshi:CrisisMoonCompactRelic":15,"Coffee Dripper":9,"Bag of Marbles":14,"Art of War":15,"Black Star":19,"Boot":16},{"theSenshi:CutieMoonRodRelic":33,"Regal Pillow":85,"theSenshi:TransformationBroochRelic":0,"HornCleat":27,"theSenshi:CrisisMoonCompactRelic":85,"Coffee Dripper":53,"Bag of Marbles":78,"Art of War":85,"Black Star":112,"Boot":90}]},"card_choices":[{"not_picked":["theSenshi:TuxedoSmokingBomber","theSenshi:MoonCrystalPowerMakeUp"],"picked":"theSenshi:MoonCrisisMakeUp","floor":1.0},{"not_picked":["theSenshi:MoonsReflection","theSenshi:MoonKick"],"picked":"theSenshi:LunasBite","floor":2.0},{"not_picked":["theSenshi:MoonTiaraMagic","theSenshi:InTheNickOfTime"],"picked":"theSenshi:MoonTwilightFlash","floor":4.0},{"not_picked":["theSenshi:TallSilhouette","theSenshi:SailorChibiMoonAssists"],"picked":"theSenshi:SailorMarsAssists","floor":5.0},{"not_picked":["theSenshi:Sidestep","theSenshi:MoonPunch"],"picked":"theSenshi:SteeledNerves","floor":7.0},{"not_picked":["theSenshi:SailorChibiMoonAssists","theSenshi:SchoolBag"],"picked":"theSenshi:MercurysCunning","floor":8.0},{"not_picked":["theSenshi:MoonPrincessHalation","theSenshi:TuxedoMaskAssists"],"picked":"theSenshi:SaturnsMystery","floor":11.0},{"not_picked":["theSenshi:SailorChibiMoonAssists","theSenshi:MoonPunch"],"picked":"theSenshi:RainbowMoonHeartAche","floor":13.0},{"not_picked":["theSenshi:SilverMoonCrystalPowerKiss","theSenshi:ChibiMoonsLove"],"picked":"theSenshi:MoonGorgeousMeditation","floor":16.0},{"not_picked":["theSenshi:EncouragingSpeech","theSenshi:SchoolBag"],"picked":"theSenshi:VenusGlamour+1","floor":18.0},{"not_picked":["theSenshi:Sidestep+1","theSenshi:TallSilhouette"],"picked":"theSenshi:RainbowMoonHeartAche+1","floor":19.0},{"not_picked":["theSenshi:Sidestep","theSenshi:InTheNickOfTime"],"picked":"theSenshi:SaturnsMystery","floor":20.0},{"not_picked":["theSenshi:DramaticEntrance","theSenshi:TuxedoSmokingBomber"],"picked":"theSenshi:MoonPunch","floor":22.0},{"not_picked":["theSenshi:LateForSchool","theSenshi:MoonCrystalPowerMakeUp"],"picked":"theSenshi:MoonCosmicPowerMakeUp","floor":23.0},{"not_picked":["theSenshi:MoonPrincessHalation","theSenshi:MoonCrisisMakeUp"],"picked":"theSenshi:ChibiMoonsLove","floor":25.0},{"not_picked":["theSenshi:SailorMarsAssists","theSenshi:SailorStarMakerAssists"],"picked":"theSenshi:PlutosSolemnity","floor":28.0},{"not_picked":["theSenshi:EncouragingSpeech","theSenshi:LateForSchool"],"picked":"theSenshi:Sidestep","floor":29.0},{"not_picked":["theSenshi:MoonsReflection","theSenshi:SailorMarsAssists+1"],"picked":"theSenshi:SailorNeptuneAssists+1","floor":31.0},{"not_picked":["theSenshi:FatedKiss","theSenshi:LunaSensingAllies"],"picked":"theSenshi:JupitersPower","floor":33.0},{"not_picked":["theSenshi:MoonsReflection+1","theSenshi:SteeledNerves"],"picked":"theSenshi:SupersonicWaves","floor":35.0},{"not_picked":["theSenshi:EncouragingSpeech","theSenshi:MercurysCunning"],"picked":"theSenshi:SaturnsMystery","floor":36.0},{"not_picked":["theSenshi:MoonsReflection+1","theSenshi:MoonTwilightFlash"],"picked":"theSenshi:MoonCrisisMakeUp+1","floor":37.0},{"not_picked":["theSenshi:SailorMercuryAssists+1","theSenshi:TallSilhouette"],"picked":"theSenshi:DramaticEntrance+1","floor":39.0}],"player_experience":510707,"relics_obtained":[{"floor":7.0,"key":"HornCleat"},{"floor":10.0,"key":"theSenshi:CutieMoonRodRelic"},{"floor":23.0,"key":"Bag of Marbles"},{"floor":25.0,"key":"Art of War"},{"floor":26.0,"key":"Regal Pillow"},{"floor":28.0,"key":"Boot"}],"event_choices":[{"damage_healed":0.0,"max_hp_gain":0.0,"max_hp_loss":0.0,"gold_gain":0.0,"event_name":"Accursed Blacksmith","player_choice":"Forge","floor":14.0,"gold_loss":0.0,"damage_taken":0.0,"cards_upgraded":["theSenshi:RainbowMoonHeartAche"]},{"cards_removed":["theSenshi:MoonCrisisMakeUp"],"damage_healed":0.0,"max_hp_gain":0.0,"max_hp_loss":0.0,"gold_gain":0.0,"event_name":"betterNote:BetterNote","player_choice":"Take \u0026 Give","floor":21.0,"gold_loss":0.0,"damage_taken":0.0,"cards_obtained":["hierophant:ChurchCoffers"]},{"damage_healed":0.0,"max_hp_gain":0.0,"max_hp_loss":0.0,"gold_gain":0.0,"event_name":"Addict","player_choice":"Stole Relic","floor":27.0,"gold_loss":0.0,"damage_taken":0.0,"relics_obtained":["theSenshi:CrisisMoonCompactRelic"],"cards_obtained":["Shame"]},{"damage_healed":0.0,"max_hp_gain":0.0,"max_hp_loss":0.0,"gold_gain":0.0,"event_name":"The Woman in Blue","player_choice":"Bought 0 Potions","floor":38.0,"gold_loss":0.0,"damage_taken":0.0}],"is_beta":false,"boss_relics":[{"not_picked":["Cursed Key","SacredBark"],"picked":"Coffee Dripper"},{"not_picked":["Tiny House","beaked:MawFillet"],"picked":"Black Star"}],"items_purged_floors":[],"is_endless":false,"potions_floor_spawned":[1,4,5,8,16,22,23,25,31,37,39],"killed_by":"Transient","ascension_level":0}}