{"host":"svab9sudlrudptws","time":1609245511,"event":{"mods":["BaseMod","Colored Powertips","Minty Spire (QoL Compilation)","Robot Space Explorer","Shade Mod","StSLib","The Blackbeard","The Marked","The Mystic","The Necromancer","The Poker Player","The Servant 0.9.4","TheFirefly"],"gold_per_floor":[113,113,131,131,131,131,167,167,167,167,211,211,224,264,264,357,357,370,370,370,420,420,420,420],"floor_reached":22,"playtime":1015,"items_purged":[],"score":424,"play_id":"4b920dff-cf28-4123-8a4c-c0dee340e3a2","local_time":"20201229143831","is_ascension_mode":true,"campfire_choices":[{"data":"blackbeard:CaptainsHat","floor":6,"key":"SMITH"},{"data":"blackbeard:IntimidatingStrike","floor":8,"key":"SMITH"},{"floor":10,"key":"REST"},{"data":"blackbeard:CatONineTails","floor":12,"key":"SMITH"},{"data":"blackbeard:BeatUp","floor":15,"key":"SMITH"}],"circlet_count":0,"master_deck":["AscendersBane","blackbeard:BlackbeardStrike","blackbeard:BlackbeardStrike","blackbeard:BlackbeardStrike","blackbeard:BlackbeardStrike","blackbeard:IntimidatingStrike+1","blackbeard:BlackbeardDefend","blackbeard:BlackbeardDefend","blackbeard:BlackbeardDefend","blackbeard:BlackbeardDefend","blackbeard:Cutlass","blackbeard:CaptainsHat+1","blackbeard:CatONineTails+1","blackbeard:GoldenDefense","blackbeard:BeatUp+1","blackbeard:PowerHungry","blackbeard:Fencing"],"relics":["blackbeard:LoadTheCannons","NeowsBlessing","Golden Idol","Torii","Happy Flower","Gambling Chip","Turnip","Tiny Chest","SacredBark","Nilry\u0027s Codex","Anchor"],"acts_visited":["Exordium","TheCity"],"potions_floor_usage":[11],"damage_taken":[{"damage":0,"enemies":"2 Louse","floor":1,"turns":1},{"damage":0,"enemies":"Small Slimes","floor":3,"turns":1},{"damage":0,"enemies":"3 Sentries","floor":7,"turns":2},{"damage":24,"enemies":"Gremlin Nob","floor":11,"turns":5},{"damage":0,"enemies":"Cultist","floor":13,"turns":2},{"damage":15,"enemies":"3 Sentries","floor":14,"turns":5},{"damage":4,"enemies":"Hexaghost","floor":16,"turns":9},{"damage":1,"enemies":"3 Byrds","floor":18,"turns":6},{"damage":34,"enemies":"Chosen","floor":22,"turns":5}],"seed_played":"-7172512485368729066","potions_obtained":[{"floor":3,"key":"SkillPotion"},{"floor":18,"key":"Strength Potion"}],"is_trial":false,"path_per_floor":["M","?","M","$","?","R","E","R","T","R","E","R","M","E","R","B",null,"M","?","?","?","M"],"character_chosen":"BLACKBEARD_CLASS","items_purchased":[],"campfire_rested":1,"item_purchase_floors":[],"current_hp_per_floor":[64,40,40,40,40,40,40,40,40,61,37,37,37,22,22,18,58,57,36,29,29,0,0,0],"gold":420,"neow_bonus":"THREE_ENEMY_KILL","is_daily":false,"chose_seed":false,"campfire_upgraded":4,"win_rate":0.0,"timestamp":1609245511,"path_taken":["M","?","M","$","?","R","E","R","T","R","E","R","?","E","R","BOSS","M","?","?","?","M"],"items_purchased_type":[],"build_version":"2020-12-22","purchased_purges":0,"victory":false,"max_hp_per_floor":[71,71,71,71,71,71,71,71,71,71,71,71,71,71,71,71,71,71,71,71,71,71,71,71],"card_choices":[{"not_picked":["blackbeard:PiratesWill","blackbeard:DeadlyArsenal","blackbeard:Sword"],"picked":"SKIP","floor":1},{"not_picked":["blackbeard:WiseDefense","blackbeard:CloakAndCannonball"],"picked":"blackbeard:CaptainsHat","floor":3},{"not_picked":["blackbeard:Upgrade","blackbeard:DoubleCannonball","blackbeard:Sword"],"picked":"SKIP","floor":7},{"not_picked":["blackbeard:CannonBarrage","blackbeard:Dagger"],"picked":"blackbeard:CatONineTails","floor":11},{"not_picked":["blackbeard:DeadlyArsenal","blackbeard:RearmingStrike"],"picked":"blackbeard:GoldenDefense","floor":13},{"not_picked":["blackbeard:DangerousBlow","blackbeard:Toast"],"picked":"blackbeard:BeatUp","floor":14},{"not_picked":["blackbeard:UndeadForm","blackbeard:Salvager"],"picked":"blackbeard:PowerHungry","floor":16},{"not_picked":["blackbeard:TacticalRetreat","blackbeard:DeadlyArsenal+1"],"picked":"blackbeard:Fencing","floor":18}],"player_experience":1677331,"relics_obtained":[{"floor":5,"key":"Torii"},{"floor":7,"key":"Happy Flower"},{"floor":9,"key":"Gambling Chip"},{"floor":11,"key":"Turnip"},{"floor":14,"key":"Tiny Chest"},{"floor":19,"key":"Nilry\u0027s Codex"}],"event_choices":[{"damage_healed":0,"gold_gain":0,"player_choice":"Take Damage","damage_taken":24,"relics_obtained":["Golden Idol"],"max_hp_gain":0,"max_hp_loss":0,"event_name":"Golden Idol","floor":2,"gold_loss":0},{"damage_healed":0,"gold_gain":0,"player_choice":"Relic","damage_taken":0,"max_hp_gain":0,"max_hp_loss":0,"event_name":"Wheel of Change","floor":5,"gold_loss":0},{"damage_healed":0,"gold_gain":0,"player_choice":"Obtained Book","damage_taken":21,"max_hp_gain":0,"max_hp_loss":0,"event_name":"Cursed Tome","floor":19,"gold_loss":0},{"damage_healed":0,"gold_gain":0,"player_choice":"Anchor","damage_taken":0,"relics_obtained":["Anchor"],"max_hp_gain":0,"max_hp_loss":0,"event_name":"blackbeard:ShipwreckEvent","floor":20,"gold_loss":0},{"damage_healed":0,"gold_gain":50,"player_choice":"Stole From Cult","damage_taken":0,"max_hp_gain":0,"max_hp_loss":0,"event_name":"Nest","floor":21,"gold_loss":0}],"is_beta":false,"boss_relics":[{"not_picked":["Velvet Choker","Sozu"],"picked":"SacredBark"}],"items_purged_floors":[],"is_endless":false,"potions_floor_spawned":[3,18],"killed_by":"Chosen","ascension_level":18}}