{"host":"dd2mx3pm3ovi0t1n","time":1609228454,"event":{"mods":["2.2 Compatiblity","AchievementEnabler","Aspiration","BaseMod","Beaked The Cultist","Better Altar","Better Match","Better Note","Better Sensory Stone","Better Skull","Better Third Choice","BetterRewards","Colored Map","Colored Powertips","Conspire","Defuse TimeMaze Blight","Downfall","Energized Spire","Friendly Minions","GifTheSpireLib","Halation","Highlight Path","HololiveMod","Hubris","Infinite Spire","Jedi Mod","Marked Mod","Minty Spire (QoL Compilation)","Permanent Neow","Quick Restart","Replay The Spire","Shop Mod","Spicy Shops","Spikes Relics","StSLib","Stuff the Spire","TestMod","The Construct","The Cursed","The Disciple","The Hierophant","The Necromancer","The Runesmith","The Sage","The Servant 0.9.4","Uncapped","Wandering Minibosses","Yuri Mod","vexMod","????"],"gold_per_floor":[113,113,113,34,52,52,84,102,102,102,102,113,32,32,32,130,130,143,22,22,37,37,37,53,80,80,80,80],"floor_reached":27,"playtime":1061,"items_purged":[],"score":209,"play_id":"fa5ccaa8-689a-4d70-88e7-71a80002c642","local_time":"20201228235414","is_ascension_mode":false,"campfire_choices":[{"data":"Thousand_Bone_Knives","floor":6,"key":"SMITH"},{"data":"Bone_Armory","floor":10,"key":"SMITH"},{"floor":15,"key":"REST"},{"data":"Summon_Undead_Army","floor":23,"key":"SMITH"}],"circlet_count":0,"master_deck":["Strike_W","Strike_W","Strike_W","Strike_W","Defend_W","Defend_W","Defend_W","Negative_Energy_Arrows","Bone_Wall","Negative_Energy_Sphere","Bone_Armory+1","Thousand_Bone_Knives+1","Detonate_Bones","Spectral_Walk","Bone_Shift","Summon_Undead_Army+1","Summon_Death_Knight","Blood_Magic","Negative_Energy_Bomb","Life_Drain","Summon_Undead_Army+1","PathToVictory+1","Uncharnel"],"relics":["Vampire_Amulet","testmod-TestBox","testmod-HeartOfStrike","aspiration:ChemicalBlood","BlackRope","Replay:Baseball","Vajra","hubris:Backtick","Another Sword","jedi:shrinkray","Darkstone Periapt"],"acts_visited":["Exordium","TheCity"],"potions_floor_usage":[7,7,16,16,16,21,24,24,27],"damage_taken":[{"damage":3,"enemies":"Jaw Worm","floor":1,"turns":2},{"damage":12,"enemies":"Cultist","floor":5,"turns":6},{"damage":24,"enemies":"3 Sentries","floor":7,"turns":7},{"damage":3,"enemies":"Small Slimes","floor":8,"turns":2},{"damage":18,"enemies":"Exordium Thugs","floor":12,"turns":4},{"damage":27,"enemies":"Fading Forest","floor":16,"turns":11},{"damage":10,"enemies":"3 Byrds","floor":18,"turns":4},{"damage":43,"enemies":"Spheric Guardian","floor":21,"turns":6},{"damage":27,"enemies":"Snake Plant","floor":24,"turns":5},{"damage":12,"enemies":"3 Cultists","floor":27,"turns":2}],"seed_played":"-4332162844798272457","potions_obtained":[{"floor":5,"key":"champ:CounterPotion"},{"floor":12,"key":"SpeedPotion"},{"floor":14,"key":"jedi:hoardpotion"},{"floor":14,"key":"LifebloodPotion"},{"floor":16,"key":"sneckomod:MuddlingPotion"},{"floor":21,"key":"Block Potion"}],"is_trial":false,"path_per_floor":["M","?","?","$","M","R","E","M","T","R","?","M","$","?","R","B",null,"M","$","?","M","?","R","M","T","T","M"],"character_chosen":"NECROMANCER","items_purchased":["Bone_Armory","Summon_Undead_Army","Summon_Undead_Army"],"campfire_rested":1,"item_purchase_floors":[4,13,19],"current_hp_per_floor":[74,74,74,74,63,63,45,46,46,46,43,29,29,29,51,44,75,69,69,69,28,28,28,9,9,9,0,0],"gold":80,"neow_bonus":"RANDOM_COMMON_RELIC","is_daily":false,"chose_seed":false,"campfire_upgraded":3,"win_rate":0.0,"timestamp":1609228454,"path_taken":["M","?","?","$","?","R","E","M","T","R","?","?","?","?","R","BOSS","M","?","?","M","?","R","M","?","T","M"],"items_purchased_type":["Card","Card","Card"],"build_version":"2020-12-22","purchased_purges":0,"victory":false,"max_hp_per_floor":[75,75,75,75,75,75,75,75,75,75,75,75,75,75,75,75,75,75,75,75,75,75,75,75,75,75,75,75],"card_choices":[{"not_picked":["Toxic_Smoke_Screen","Violent_Necrosis"],"picked":"Negative_Energy_Sphere","floor":1},{"not_picked":["Death_Knell","Bone_Bullets"],"picked":"Thousand_Bone_Knives","floor":5},{"not_picked":["Vampiric_Strike","Summon_Lich"],"picked":"Detonate_Bones","floor":7},{"not_picked":["Shackles_Of_Pain","Pandemic"],"picked":"Spectral_Walk","floor":8},{"not_picked":["Shackles_Of_Pain","Deaths_Shadow"],"picked":"Bone_Shift","floor":12},{"not_picked":["Bone_Armor","Negative_Energy_Burst"],"picked":"Life_Drain","floor":18},{"not_picked":["Bone_Bullets","Summon_Death_Knight"],"picked":"Uncharnel","floor":21},{"not_picked":["Necrotic_Claws","Whirlwind_of_Bones","Negative_Energy_Javelin+1"],"picked":"SKIP","floor":24}],"player_experience":479455,"relics_obtained":[{"floor":7,"key":"BlackRope"},{"floor":9,"key":"Replay:Baseball"},{"floor":25,"key":"jedi:shrinkray"},{"floor":26,"key":"Darkstone Periapt"}],"event_choices":[{"cards_removed":["Defend_W"],"damage_healed":0,"gold_gain":0,"player_choice":"Purged","damage_taken":0,"max_hp_gain":0,"max_hp_loss":0,"event_name":"Purifier","floor":3,"gold_loss":0},{"damage_healed":0,"gold_gain":0,"player_choice":"Relic ","damage_taken":3,"max_hp_gain":0,"max_hp_loss":0,"event_name":"betterThird:BetterScrap","floor":11,"gold_loss":0,"cards_obtained":["StuffTheSpire:Shiver"]},{"damage_healed":0,"gold_gain":0,"player_choice":"Got Potions","damage_taken":0,"max_hp_gain":0,"max_hp_loss":0,"event_name":"Lab","floor":14,"gold_loss":0},{"cards_removed":["PathToVictory"],"damage_healed":0,"gold_gain":0,"player_choice":"Take \u0026 Give","damage_taken":0,"max_hp_gain":0,"max_hp_loss":0,"event_name":"betterNote:BetterNote","floor":20,"gold_loss":0,"cards_obtained":["PathToVictory"]}],"is_beta":false,"boss_relics":[{"not_picked":["beaked:MawFillet","halation:Yufonium"],"picked":"hubris:Backtick"}],"items_purged_floors":[],"is_endless":false,"potions_floor_spawned":[5,12,16,18],"killed_by":"3 Cultists","ascension_level":0}}