{"host":"o0q01dgb4z8zpo6o","time":1609218453,"event":{"mods":["BaseMod","GifTheSpireLib","Minty Spire (QoL Compilation)","Relic Stats","StSLib"],"gold_per_floor":[119,137,155,63,63,63,98,98,98,98,117,133,143,168,168,246,246,266,282,282,207,207,207,122,156,156,156,56,69,102,114,114,192,192,203,228,16,16,16,16,50,50,76,91,41,56,84,101,101,101],"floor_reached":51,"playtime":3016,"items_purged":["Strike_B","Strike_B","Strike_B","Strike_B"],"score":1511,"play_id":"69c749be-23e5-4ffb-b0f5-f73c29e4db39","local_time":"20201228210733","is_ascension_mode":true,"campfire_choices":[{"data":"Defragment","floor":6.0,"key":"SMITH"},{"floor":8.0,"key":"REST"},{"data":"Barrage","floor":10.0,"key":"SMITH"},{"data":"Defragment","floor":15.0,"key":"SMITH"},{"floor":23.0,"key":"REST"},{"data":"Coolheaded","floor":27.0,"key":"SMITH"},{"floor":32.0,"key":"REST"},{"floor":40,"key":"REST"},{"data":"Machine Learning","floor":42,"key":"SMITH"},{"data":"Loop","floor":49,"key":"SMITH"}],"circlet_count":0,"master_deck":["AscendersBane","Defend_B","Defend_B","Defend_B","Zap+1","Dualcast","Compile Driver","Defragment+1","Coolheaded","Capacitor","Barrage+1","Cold Snap","Coolheaded+1","Defragment+1","Reboot+1","Electrodynamics","Glacier","Machine Learning+1","Heatsinks","Echo Form","Self Repair+1","Hologram+1","Conserve Battery","Loop+1","Creative AI"],"relics":["FrozenCore","WingedGreaves","Torii","Art of War","Juzu Bracelet","Mummified Hand","Turnip","Smiling Mask","SlaversCollar","Thread and Needle","ClockworkSouvenir","Centennial Puzzle","Anchor","War Paint"],"acts_visited":["Exordium","TheCity","TheBeyond"],"potions_floor_usage":[46],"damage_taken":[{"damage":1.0,"enemies":"Cultist","floor":1.0,"turns":3.0},{"damage":13.0,"enemies":"2 Louse","floor":2.0,"turns":3.0},{"damage":10.0,"enemies":"Small Slimes","floor":3.0,"turns":4.0},{"damage":23.0,"enemies":"3 Sentries","floor":7.0,"turns":6.0},{"damage":2.0,"enemies":"Blue Slaver","floor":11.0,"turns":4.0},{"damage":7.0,"enemies":"Looter","floor":12.0,"turns":3.0},{"damage":17.0,"enemies":"Exordium Wildlife","floor":13.0,"turns":5.0},{"damage":0.0,"enemies":"Lagavulin","floor":14.0,"turns":7.0},{"damage":0.0,"enemies":"The Guardian","floor":16.0,"turns":12.0},{"damage":9.0,"enemies":"Shell Parasite","floor":18.0,"turns":6.0},{"damage":0.0,"enemies":"Chosen","floor":19.0,"turns":6.0},{"damage":22.0,"enemies":"Gremlin Leader","floor":25.0,"turns":7.0},{"damage":7.0,"enemies":"3 Cultists","floor":29.0,"turns":5.0},{"damage":26.0,"enemies":"Slavers","floor":30.0,"turns":5.0},{"damage":1.0,"enemies":"Snecko","floor":31.0,"turns":6.0},{"damage":1.0,"enemies":"Automaton","floor":33.0,"turns":11.0},{"damage":38.0,"enemies":"3 Darklings","floor":35.0,"turns":3.0},{"damage":0.0,"enemies":"Mind Bloom Boss Battle","floor":36.0,"turns":5.0},{"damage":8,"enemies":"Nemesis","floor":41,"turns":7},{"damage":0,"enemies":"Orb Walker","floor":44,"turns":4},{"damage":6,"enemies":"3 Darklings","floor":46,"turns":5},{"damage":0,"enemies":"Giant Head","floor":47,"turns":10},{"damage":1,"enemies":"4 Shapes","floor":48,"turns":9},{"damage":1,"enemies":"Time Eater","floor":50,"turns":15}],"seed_played":"5004698732386948861","potions_obtained":[{"floor":1.0,"key":"Weak Potion"},{"floor":5.0,"key":"DuplicationPotion"},{"floor":7.0,"key":"SteroidPotion"},{"floor":14.0,"key":"DistilledChaos"},{"floor":16.0,"key":"Explosive Potion"},{"floor":19.0,"key":"Regen Potion"},{"floor":33.0,"key":"LiquidBronze"},{"floor":35.0,"key":"Energy Potion"},{"floor":47,"key":"Block Potion"},{"floor":48,"key":"Strength Potion"}],"is_trial":false,"path_per_floor":["M","M","M","$","?","R","E","R","T","R","M","M","M","E","R","B",null,"M","M","?","$","?","R","?","E","T","R","$","M","E","M","R","B",null,"M","?","$","?","?","R","E","R","T","M","$","M","E","M","R","B",null],"character_chosen":"DEFECT","items_purchased":["Capacitor","Barrage","ClockworkSouvenir"],"campfire_rested":4,"item_purchase_floors":[4,4,37],"current_hp_per_floor":[63,50,40,40,40,40,17,38,38,38,36,29,12,12,12,12,56,47,47,27,27,27,49,49,42,42,42,42,35,9,8,30,29,64,26,26,26,26,26,48,60,60,60,70,70,74,76,76,76,76],"gold":101,"neow_bonus":"TRANSFORM_CARD","is_daily":false,"chose_seed":false,"campfire_upgraded":6,"win_rate":0.0,"timestamp":1609218453,"path_taken":["M","M","M","$","?","R","E","R","T","R","M","M","?","E","R","BOSS","M","M","?","$","?","R","?","E","T","R","$","M","E","M","R","BOSS","M","?","$","?","?","R","E","R","T","M","$","M","E","M","R","BOSS"],"items_purchased_type":["Card","Card","Relic"],"build_version":"2020-12-22","purchased_purges":4,"victory":true,"max_hp_per_floor":[71,71,71,71,71,71,71,71,71,71,71,71,71,71,71,71,71,71,71,76,76,76,76,76,76,76,76,76,76,76,76,76,76,76,76,76,76,76,76,76,76,76,76,76,76,76,76,76,76,76],"relic_stats":{"Centennial Puzzle":[9],"Torii":22,"counters":[24,150],"Mummified Hand":[144],"Turnip":[0],"Art of War":[41],"Juzu Bracelet":0,"War Paint":["Zap","Reboot"],"Smiling Mask":175,"obtain_stats":[{"Torii":9,"Thread and Needle":36,"Juzu Bracelet":24,"War Paint":47,"Smiling Mask":30,"FrozenCore":17,"ClockworkSouvenir":37,"SlaversCollar":34,"Centennial Puzzle":41,"Anchor":43,"Mummified Hand":25,"WingedGreaves":7,"Turnip":26,"Art of War":14,"Cracked Core":0},{"Torii":4,"Thread and Needle":18,"Juzu Bracelet":11,"War Paint":22,"Smiling Mask":14,"FrozenCore":9,"ClockworkSouvenir":18,"SlaversCollar":16,"Centennial Puzzle":19,"Anchor":19,"Mummified Hand":12,"WingedGreaves":4,"Turnip":12,"Art of War":8,"Cracked Core":0},{"Torii":16,"Thread and Needle":101,"Juzu Bracelet":59,"War Paint":126,"Smiling Mask":76,"FrozenCore":47,"ClockworkSouvenir":101,"SlaversCollar":93,"Centennial Puzzle":108,"Anchor":108,"Mummified Hand":66,"WingedGreaves":16,"Turnip":66,"Art of War":35,"Cracked Core":0}],"FrozenCore":[26]},"card_choices":[{"not_picked":["Hologram","Barrage"],"picked":"Defragment","floor":1.0},{"not_picked":["Reprogram","Skim"],"picked":"Coolheaded","floor":2.0},{"not_picked":["Steam","Lockon","Hologram"],"picked":"SKIP","floor":3.0},{"not_picked":["Turbo","Coolheaded"],"picked":"Cold Snap","floor":7.0},{"not_picked":["Heatsinks","Lockon"],"picked":"Coolheaded","floor":11.0},{"not_picked":["Static Discharge","Ball Lightning"],"picked":"Defragment","floor":12.0},{"not_picked":["Scrape","Stack","Cold Snap"],"picked":"SKIP","floor":13.0},{"not_picked":["Consume","Barrage"],"picked":"Reboot","floor":14.0},{"not_picked":["Multi-Cast","Buffer"],"picked":"Electrodynamics","floor":16.0},{"not_picked":["Rebound+1","Skim","Darkness"],"picked":"SKIP","floor":18.0},{"not_picked":["Steam Power","Compile Driver","Chaos"],"picked":"SKIP","floor":19.0},{"not_picked":["Compile Driver","Conserve Battery"],"picked":"Machine Learning","floor":25.0},{"not_picked":["Streamline","Beam Cell+1","Coolheaded"],"picked":"SKIP","floor":29.0},{"not_picked":["Beam Cell","Leap","Turbo"],"picked":"SKIP","floor":30.0},{"not_picked":["Auto Shields","Lockon+1"],"picked":"Heatsinks","floor":31.0},{"not_picked":["Multi-Cast","Creative AI"],"picked":"Echo Form","floor":33.0},{"not_picked":["Rip and Tear+1","Cold Snap"],"picked":"Self Repair+1","floor":35.0},{"not_picked":["Chaos","Reprogram+1"],"picked":"Hologram+1","floor":36.0},{"not_picked":["Leap","Compile Driver","Chaos"],"picked":"SKIP","floor":41},{"not_picked":["Gash","Heatsinks+1","Leap"],"picked":"SKIP","floor":44},{"not_picked":["Melter","Doom and Gloom"],"picked":"Loop","floor":46},{"not_picked":["Cold Snap","Aggregate"],"picked":"Creative AI","floor":47},{"not_picked":["Stack","Go for the Eyes+1","Compile Driver"],"picked":"SKIP","floor":48}],"player_experience":1038966,"relics_obtained":[{"floor":7.0,"key":"WingedGreaves"},{"floor":9.0,"key":"Torii"},{"floor":14.0,"key":"Art of War"},{"floor":25.0,"key":"Mummified Hand"},{"floor":26.0,"key":"Turnip"},{"floor":30.0,"key":"Smiling Mask"},{"floor":36.0,"key":"Thread and Needle"},{"floor":41,"key":"Centennial Puzzle"},{"floor":43,"key":"Anchor"},{"floor":47,"key":"War Paint"}],"event_choices":[{"damage_healed":0.0,"max_hp_gain":0.0,"max_hp_loss":0.0,"gold_gain":0.0,"event_name":"Lab","player_choice":"Got Potions","floor":5.0,"gold_loss":0.0,"damage_taken":0.0},{"damage_healed":0.0,"max_hp_gain":5.0,"max_hp_loss":0.0,"gold_gain":0.0,"event_name":"Forgotten Altar","player_choice":"Shed Blood","floor":20.0,"gold_loss":0.0,"damage_taken":25.0},{"damage_healed":0.0,"max_hp_gain":0.0,"max_hp_loss":0.0,"gold_gain":0.0,"event_name":"The Library","player_choice":"Read","floor":22.0,"gold_loss":0.0,"damage_taken":0.0,"cards_obtained":["Glacier"]},{"damage_healed":0.0,"max_hp_gain":0.0,"max_hp_loss":0.0,"gold_gain":0.0,"event_name":"Addict","player_choice":"Obtained Relic","floor":24.0,"gold_loss":85.0,"damage_taken":0.0,"relics_obtained":["Juzu Bracelet"]},{"damage_healed":0.0,"max_hp_gain":0.0,"max_hp_loss":0.0,"gold_gain":0.0,"event_name":"MindBloom","player_choice":"Fight","floor":36.0,"gold_loss":0.0,"damage_taken":0.0},{"damage_healed":0.0,"max_hp_gain":0.0,"max_hp_loss":0.0,"gold_gain":0.0,"event_name":"Mysterious Sphere","player_choice":"Ignored","floor":38.0,"gold_loss":0.0,"damage_taken":0.0},{"damage_healed":0,"gold_gain":0,"player_choice":"1 cards matched","damage_taken":0,"max_hp_gain":0,"max_hp_loss":0,"event_name":"Match and Keep!","floor":39,"gold_loss":0,"cards_obtained":["Conserve Battery"]}],"is_beta":false,"boss_relics":[{"not_picked":["Coffee Dripper","Fusion Hammer"],"picked":"FrozenCore"},{"not_picked":["Pandora\u0027s Box","Runic Dome"],"picked":"SlaversCollar"}],"items_purged_floors":[21,28,37,45],"is_endless":false,"potions_floor_spawned":[1,7,14,16,19,33,35,47,48],"ascension_level":17}}