{"host":"l84l8xigz5v5foa2","time":1609264263,"event":{"mods":["2.2 Compatiblity","AchievementEnabler","BaseMod","Better Note","Better Vampires","Card Filter","Colored Map","DeckTracker","Downfall","Gremlin Skip","Highlight Path","Keyboard Shortcuts","Minty Spire (QoL Compilation)","Permanent Neow","Quick Restart","Relic Filter","Relic Stats","StSLib","SuperFastMode","Transform Curses","Unknown Chances"],"gold_per_floor":[99,110,20,20,44,54,99,125,125,151,151,167,197,215,227,305,305,305,324,335,335,353,353,353,353,353,353,353],"floor_reached":26,"playtime":1719,"items_purged":["champ:Defend"],"score":511,"play_id":"fb589fa0-bf79-4ca5-ad0a-eff7f88190cf","local_time":"20201230025103","is_ascension_mode":true,"campfire_choices":[{"data":"champ:Taunt","floor":1,"key":"SMITH"},{"data":"champ:Backstep","floor":9,"key":"SMITH"},{"data":"champ:HoldFirm","floor":11,"key":"SMITH"},{"data":"champ:StrikeOfGenius","floor":18,"key":"SMITH"},{"data":"champ:DancingMaster","floor":23,"key":"SMITH"},{"floor":25,"key":"RECALL"}],"circlet_count":0,"master_deck":["AscendersBane","champ:Strike","champ:Strike","champ:Strike+1","champ:Defend+1","champ:Defend","champ:Defend+1","champ:Execute","champ:Taunt+1","champ:HoldFirm+1","champ:Duel+1","champ:Backstep+1","champ:StrikeOfGenius+1","champ:BringItOn","champ:AdrenalArmor","champ:DancingMaster+1"],"relics":["champ:ChampionCrown","Whetstone","sneckomod:BlankCard","Bag of Preparation","Omamori","War Paint","Philosopher\u0027s Stone"],"acts_visited":["TheCity"],"potions_floor_usage":[13,22],"damage_taken":[{"damage":0,"enemies":"Small Slimes","floor":2,"turns":4},{"damage":10,"enemies":"downfall:FleeingMerchant","floor":3,"turns":4},{"damage":17,"enemies":"Jaw Worm","floor":6,"turns":5},{"damage":10,"enemies":"Gremlin Nob","floor":8,"turns":5},{"damage":39,"enemies":"Lagavulin","floor":10,"turns":9},{"damage":6,"enemies":"Cultist","floor":12,"turns":3},{"damage":35,"enemies":"3 Sentries","floor":13,"turns":7},{"damage":5,"enemies":"2 Fungi Beasts","floor":14,"turns":4},{"damage":5,"enemies":"Blue Slaver","floor":15,"turns":2},{"damage":53,"enemies":"downfall:Defect","floor":16,"turns":10},{"damage":9,"enemies":"3 Byrds","floor":19,"turns":7},{"damage":28,"enemies":"Shelled Parasite and Fungi","floor":20,"turns":7},{"damage":13,"enemies":"3 Cultists","floor":22,"turns":5},{"damage":87,"enemies":"Gremlin Leader","floor":26,"turns":5}],"seed_played":"-3546612063473338384","potions_obtained":[{"floor":12,"key":"Fruit Juice"},{"floor":13,"key":"GamblersBrew"},{"floor":14,"key":"Block Potion"},{"floor":19,"key":"DistilledChaos"}],"is_trial":false,"path_per_floor":["R","M","$","?","T","M","T","E","R","E","R","M","E","M","M","B",null,"R","M","M","?","M","R","T","R","E"],"character_chosen":"THE_CHAMP","items_purchased":[],"campfire_rested":0,"item_purchase_floors":[],"current_hp_per_floor":[73,73,73,73,73,73,73,68,68,61,61,61,53,53,53,58,83,83,83,83,83,83,83,83,83,0,0,0],"gold":353,"neow_bonus":"TRANSFORM_CARD","is_daily":false,"chose_seed":false,"campfire_upgraded":5,"win_rate":0.0,"timestamp":1609264263,"path_taken":["R","M","$","?","?","M","T","E","R","E","R","?","E","M","M","BOSS","R","M","M","?","M","R","T","R","E"],"items_purchased_type":[],"build_version":"2020-12-22","purchased_purges":1,"victory":false,"max_hp_per_floor":[81,81,81,81,81,81,81,81,81,81,81,81,86,86,86,91,91,91,91,91,91,91,91,91,91,91,91,91],"relic_stats":{"counters":[14,77],"Bag of Preparation":[20],"Whetstone":["champ:Duel","champ:Strike"],"War Paint":["champ:Defend","champ:Defend"],"obtain_stats":[{"sneckomod:BlankCard":7,"champ:ChampionCrown":0,"Philosopher\u0027s Stone":17,"Bag of Preparation":8,"Omamori":10,"Whetstone":5,"War Paint":13},{"sneckomod:BlankCard":3,"champ:ChampionCrown":0,"Philosopher\u0027s Stone":10,"Bag of Preparation":4,"Omamori":5,"Whetstone":2,"War Paint":7},{"sneckomod:BlankCard":13,"champ:ChampionCrown":0,"Philosopher\u0027s Stone":53,"Bag of Preparation":18,"Omamori":27,"Whetstone":8,"War Paint":37}]},"card_choices":[{"not_picked":["champ:FocusedBerserking","champ:StanceDance"],"picked":"champ:Duel","floor":2},{"not_picked":["champ:RageSigil","champ:DefensiveShout","champ:BladeFlurry"],"picked":"SKIP","floor":3},{"not_picked":["champ:Aggression","champ:CrookedStrike","champ:GutPunch"],"picked":"SKIP","floor":6},{"not_picked":["champ:CrookedStrike","champ:AdrenalArmor"],"picked":"champ:Backstep","floor":8},{"not_picked":["champ:HeartStrike","champ:FanOfKnives"],"picked":"champ:StrikeOfGenius","floor":10},{"not_picked":["champ:ViciousMockery","champ:FlashCut","champ:PreciseThrust"],"picked":"SKIP","floor":12},{"not_picked":["champ:RisingSlash","champ:ArenaPreparation"],"picked":"champ:BringItOn","floor":13},{"not_picked":["champ:Backstep","champ:CalledShot"],"picked":"champ:AdrenalArmor","floor":14},{"not_picked":["champ:StanceDance","champ:ShieldSigil"],"picked":"champ:FightOn","floor":15},{"not_picked":["champ:StrikeOfGenius","champ:Devastate"],"picked":"champ:DancingMaster","floor":16},{"not_picked":["champ:GutPunch","champ:GladiatorsShout","champ:PerfectedStrike"],"picked":"SKIP","floor":19},{"not_picked":["champ:FalseCounter+1","champ:ViciousMockery","champ:TornadoPunch"],"picked":"SKIP","floor":20},{"not_picked":["champ:FalseCounter","champ:BladeFlurry","champ:StanceDance"],"picked":"SKIP","floor":22}],"player_experience":2803798,"relics_obtained":[{"floor":5,"key":"Whetstone"},{"floor":7,"key":"sneckomod:BlankCard"},{"floor":8,"key":"Bag of Preparation"},{"floor":10,"key":"Omamori"},{"floor":13,"key":"War Paint"}],"event_choices":[],"is_beta":false,"boss_relics":[{"not_picked":["Empty Cage","Cursed Key"],"picked":"Philosopher\u0027s Stone"}],"items_purged_floors":[3],"is_endless":false,"potions_floor_spawned":[12,13,14,15,19],"killed_by":"Gremlin Leader","ascension_level":17}}