{"host":"czyrp3agadxx2eka","time":1609250234,"event":{"mods":["BaseMod","Colored Map","Downfall","Hubris","Infinite Spire","Minty Spire (QoL Compilation)","Replay The Spire","StSLib"],"gold_per_floor":[99,119,175,175,185,185,185,214,234,94,94,109,60,70,81,81,81,81],"floor_reached":16,"playtime":968,"items_purged":["Slimebound:Tackle"],"score":127,"play_id":"680b0f8e-5614-409b-a1b9-549db22e9dd7","local_time":"20201229115714","is_ascension_mode":false,"campfire_choices":[{"data":"Slimebound:Split","floor":1,"key":"SMITH"},{"data":"Slimebound:WasteNot","floor":11,"key":"SMITH"}],"circlet_count":0,"master_deck":["Slimebound:Strike_Slimebound","Slimebound:Strike_Slimebound","Slimebound:Strike_Slimebound","Slimebound:Defend_Slimebound","Slimebound:Defend_Slimebound","Slimebound:Defend_Slimebound","Slimebound:Defend_Slimebound","Slimebound:Split+1","Slimebound:CorrosiveSpit","Slimebound:ViciousTackle","Slimebound:RejuvenatingLick+1","Slimebound:SamplingLick","Slimebound:WasteNot+1","Slimebound:SamplingLick","Slimebound:RainOfGoop","Slimebound:Schlurp","Slimebound:Replication","Slimebound:RainOfGoop","Slimebound:TongueLash","Slimebound:SamplingLick"],"relics":["Slimebound:AbsorbEndCombat","Strawberry","Pen Nib","Shuriken"],"acts_visited":["Exordium"],"potions_floor_usage":[3,8],"damage_taken":[{"damage":19,"enemies":"2 Louse","floor":2,"turns":3},{"damage":50,"enemies":"3 Sentries","floor":3,"turns":6},{"damage":14,"enemies":"Jaw Worm","floor":5,"turns":2},{"damage":29,"enemies":"Lagavulin","floor":8,"turns":6},{"damage":19,"enemies":"infinitespire:Voidling","floor":9,"turns":2},{"damage":17,"enemies":"downfall:FleeingMerchant","floor":10,"turns":4},{"damage":10,"enemies":"Blue Slaver","floor":12,"turns":3},{"damage":19,"enemies":"downfall:FleeingMerchant","floor":13,"turns":4},{"damage":14,"enemies":"Exordium Wildlife","floor":14,"turns":2},{"damage":35,"enemies":"3 Louse","floor":15,"turns":3},{"damage":47,"enemies":"downfall:Defect","floor":16,"turns":4}],"seed_played":"8816054817647586833","potions_obtained":[{"floor":2,"key":"CultistPotion"},{"floor":5,"key":"SpeedPotion"},{"floor":12,"key":"Weak Potion"},{"floor":15,"key":"LifebloodPotion"}],"is_trial":false,"path_per_floor":["R","M","?","?","M","?","T","E","M","$","R","M","$","M","M","B"],"character_chosen":"SLIMEBOUND","items_purchased":["Slimebound:Schlurp","Slimebound:RainOfGoop"],"campfire_rested":0,"item_purchase_floors":[10,13],"current_hp_per_floor":[60,53,26,26,30,30,30,15,14,29,29,33,38,42,29,0,0,0],"gold":81,"neow_bonus":"","is_daily":false,"chose_seed":false,"campfire_upgraded":2,"win_rate":0.0,"timestamp":1609250234,"path_taken":["R","M","?","?","?","?","T","E","M","?","R","M","$","M","M","BOSS"],"items_purchased_type":["Card","Card"],"build_version":"2020-12-22","purchased_purges":1,"victory":false,"max_hp_per_floor":[60,60,67,67,67,67,67,67,67,67,67,67,67,67,67,67,67,67],"card_choices":[{"not_picked":["Slimebound:ComboTackle","Slimebound:GrowthPunch"],"picked":"Slimebound:ViciousTackle","floor":2},{"not_picked":["Slimebound:SplitBruiser","Slimebound:ViciousTackle"],"picked":"Slimebound:RejuvenatingLick","floor":3},{"not_picked":["Slimebound:SplitLeeching","Slimebound:Grow"],"picked":"Slimebound:SamplingLick","floor":5},{"not_picked":["Slimebound:Replication","Slimebound:LeechingTouch"],"picked":"Slimebound:WasteNot","floor":8},{"not_picked":["Slimebound:Repurpose","Slimebound:SplitLeeching"],"picked":"Slimebound:SamplingLick","floor":9},{"not_picked":["Slimebound:DisruptingSlam","Slimebound:SamplingLick"],"picked":"Slimebound:RainOfGoop","floor":10},{"not_picked":["Slimebound:FlameTackle","Slimebound:GrowthPunch","Slimebound:LeechEnergy"],"picked":"SKIP","floor":12},{"not_picked":["Slimebound:SlimeSpikes","Slimebound:Grow"],"picked":"Slimebound:Replication","floor":13},{"not_picked":["Slimebound:MassRepurpose","Slimebound:BestDefense"],"picked":"Slimebound:TongueLash","floor":14},{"not_picked":["Slimebound:Schlurp","Slimebound:SlimeBrawl"],"picked":"Slimebound:SamplingLick","floor":15}],"player_experience":0,"relics_obtained":[{"floor":3,"key":"Strawberry"},{"floor":7,"key":"Pen Nib"},{"floor":8,"key":"Shuriken"}],"event_choices":[{"damage_healed":0,"gold_gain":0,"player_choice":"Forge","damage_taken":0,"max_hp_gain":0,"max_hp_loss":0,"event_name":"Accursed Blacksmith","floor":4,"gold_loss":0,"cards_upgraded":["Slimebound:RejuvenatingLick"]}],"is_beta":false,"boss_relics":[],"items_purged_floors":[10],"is_endless":false,"potions_floor_spawned":[2,5,12,15],"killed_by":"downfall:Defect","ascension_level":0}}