{"host":"8yg5xi2a6w9qkgsw","time":1609282115,"event":{"mods":["AchievementEnabler","BaseMod","Block Reminder","Colored Powertips","Minty Spire (QoL Compilation)","MonsterHotkey","Random Character Button","Relic Stats"],"gold_per_floor":[117,44,44,54,54,87,87,105,105,125,145,178,178,194,194,194,194],"floor_reached":16,"playtime":1420,"items_purged":[],"score":196,"play_id":"a9eddb7f-a5de-4f80-a8fb-96145d72ccc3","local_time":"20201229234835","is_ascension_mode":true,"campfire_choices":[{"floor":7,"key":"REST"},{"floor":13,"key":"REST"},{"data":"Hyperbeam","floor":15,"key":"SMITH"}],"circlet_count":0,"master_deck":["AscendersBane","Strike_B","Strike_B","Strike_B","Defend_B","Defend_B","Defend_B","Defend_B","Zap","Dualcast","Loop","Hyperbeam+1","Hologram","Gash"],"relics":["Runic Pyramid","Turnip","Incense Burner","Pantograph","Potion Belt"],"acts_visited":["Exordium"],"potions_floor_usage":[16],"damage_taken":[{"damage":1,"enemies":"2 Louse","floor":1,"turns":3},{"damage":8,"enemies":"Small Slimes","floor":4,"turns":4},{"damage":28,"enemies":"Lagavulin","floor":6,"turns":8},{"damage":7,"enemies":"Jaw Worm","floor":8,"turns":3},{"damage":0,"enemies":"Exordium Wildlife","floor":10,"turns":2},{"damage":0,"enemies":"Large Slime","floor":11,"turns":4},{"damage":15,"enemies":"3 Sentries","floor":12,"turns":4},{"damage":0,"enemies":"Blue Slaver","floor":14,"turns":9},{"damage":54,"enemies":"Hexaghost","floor":16,"turns":11}],"seed_played":"8877299411093044343","potions_obtained":[{"floor":10,"key":"Regen Potion"},{"floor":14,"key":"SteroidPotion"}],"is_trial":false,"path_per_floor":["M","?","?","M","?","E","R","M","T","M","M","E","R","M","R","B"],"character_chosen":"DEFECT","items_purchased":[],"campfire_rested":2,"item_purchase_floors":[],"current_hp_per_floor":[63,63,63,55,37,9,30,23,23,23,23,8,29,29,29,0,0],"gold":194,"neow_bonus":"BOSS_RELIC","is_daily":false,"chose_seed":false,"campfire_upgraded":1,"win_rate":0.0,"timestamp":1609282115,"path_taken":["M","?","?","M","?","E","R","M","T","M","M","E","R","M","R","BOSS"],"items_purchased_type":[],"build_version":"2020-12-22","purchased_purges":0,"victory":false,"max_hp_per_floor":[71,71,71,71,71,71,71,71,71,71,71,71,71,71,71,71,71],"relic_stats":{"counters":[9,48],"Pantograph":25,"Turnip":[5],"obtain_stats":[{"Potion Belt":12,"Pantograph":9,"Turnip":5,"Incense Burner":6,"Cracked Core":0,"Runic Pyramid":0},{"Potion Belt":7,"Pantograph":4,"Turnip":2,"Incense Burner":3,"Cracked Core":0,"Runic Pyramid":0},{"Potion Belt":28,"Pantograph":18,"Turnip":7,"Incense Burner":15,"Cracked Core":0,"Runic Pyramid":0}]},"card_choices":[{"not_picked":["Stack","Coolheaded","Hello World"],"picked":"SKIP","floor":1},{"not_picked":["Hologram","Coolheaded"],"picked":"Hyperbeam","floor":4},{"not_picked":["Redo","Streamline","Biased Cognition"],"picked":"SKIP","floor":6},{"not_picked":["Steam Power","Heatsinks","Melter"],"picked":"SKIP","floor":8},{"not_picked":["Cold Snap","Gash"],"picked":"Hologram","floor":10},{"not_picked":["Compile Driver","Rebound","Consume"],"picked":"SKIP","floor":11},{"not_picked":["Compile Driver","Rebound","Consume"],"picked":"SKIP","floor":11},{"not_picked":["Loop","Reboot"],"picked":"Gash","floor":12},{"not_picked":["Ball Lightning","Steam","Cold Snap"],"picked":"SKIP","floor":14}],"player_experience":1450560,"relics_obtained":[{"floor":6,"key":"Incense Burner"},{"floor":9,"key":"Pantograph"},{"floor":12,"key":"Potion Belt"}],"event_choices":[{"damage_healed":0,"gold_gain":0,"player_choice":"Left Gold","damage_taken":0,"max_hp_gain":0,"max_hp_loss":0,"event_name":"World of Goop","floor":2,"gold_loss":73},{"damage_healed":0,"gold_gain":0,"cards_transformed":["Strike_B"],"player_choice":"Change","damage_taken":0,"max_hp_gain":0,"max_hp_loss":0,"event_name":"Living Wall","floor":3,"gold_loss":0,"cards_obtained":["Loop"]},{"damage_healed":0,"gold_gain":0,"player_choice":"Success","damage_taken":18,"relics_obtained":["Turnip"],"max_hp_gain":0,"max_hp_loss":0,"event_name":"Scrap Ooze","floor":5,"gold_loss":0}],"is_beta":false,"boss_relics":[],"items_purged_floors":[],"is_endless":false,"potions_floor_spawned":[10,14],"killed_by":"Hexaghost","ascension_level":15}}