{"host":"p4yrwepmrl4g8pul","time":1609244345,"event":{"mods":["Act Like it!","BaseMod","BetterRewards","Colored Map","Custom Start","Gensokyo","Marisa£®ÏF”Í°°ƒß¿Ì…≥£©","Minty Spire (QoL Compilation)","Quick Restart","Rare Cards Sparkle","Reimu£®≤©¿ˆ¡È√Œ£©","Remilia£®¿Ÿ√◊¿Ú—«£©","Remove Card Discount Mod","Shop Mod","StSLib","The Jungle"],"gold_per_floor":[118,18,32,52,52,77,96,96,96,112,112,128,128,76,76,155,155,170,170,4,4,4,4,38,38,63,88,108,108,108,140,140,215,215,228,228,244,73,86,121,121,121,121,149,149,162,175,18,18,18,18,18,18,18,53,53],"floor_reached":57,"playtime":2284,"items_purged":["Strike_G","Strike_G","Defend_G","Defend_G","Defend_G","Strike_G","Strike_G","Defend_G","Strike_G","Defend_G","Clumsy","Sucker Punch","Backflip","Escape Plan","Masterful Stab","Tactician","Deep Breath","Dagger Spray","Eviscerate+1","Forethought+1","Envenom"],"score":4102,"play_id":"0d479073-d18f-47f8-8bc9-15ff56cb9c59","local_time":"20201229201905","is_ascension_mode":true,"campfire_choices":[{"data":"Eviscerate","floor":13.0,"key":"SMITH"},{"data":"Forethought","floor":15.0,"key":"SMITH"},{"data":"Footwork","floor":23,"key":"SMITH"},{"data":"Adrenaline","floor":25,"key":"SMITH"},{"data":"Backflip","floor":30,"key":"SMITH"},{"data":"Grand Finale","floor":32,"key":"SMITH"},{"data":"Prepared","floor":41,"key":"SMITH"},{"floor":45,"key":"RECALL"},{"floor":49,"key":"REST"},{"floor":53,"key":"REST"}],"circlet_count":0,"master_deck":["AscendersBane","Survivor+1","Neutralize+1","Backflip+1","Footwork+1","Adrenaline+1","Prepared+1","Reflex+1","Grand Finale+1","CurseOfTheBell"],"relics":["Ring of the Snake","ClockworkSouvenir","TungstenRod","Eternal Feather","Torii","Lee\u0027s Waffle","Oddly Smooth Stone","Medical Kit","Ancient Tea Set","PreservedInsect","PureWhite:ReiMu","Snake Skull","TheAbacus","Orichalcum","Pantograph","Happy Flower","HornCleat","Gremlin Horn","Gensokyo:NagashiBinaDoll","Runic Pyramid","War Paint","Gensokyo:ConquerorOfFear","Meat on the Bone","Mercury Hourglass","Ginger","Calling Bell","Lantern","Kunai","Prayer Wheel","Mastiff:ReiMu","Bag of Preparation","Darkstone Periapt","Ornamental Fan","Membership Card","Vajra"],"acts_visited":["Gensokyo:Gensokyo","Gensokyo:Gensokyoer","Gensokyo:Gensokyoest","TheEnding"],"potions_floor_usage":[24,27,56],"damage_taken":[{"damage":0.0,"enemies":"Gensokyo:3_Fairies","floor":1.0,"turns":2.0},{"damage":0.0,"enemies":"Gensokyo:Gryphon","floor":3.0,"turns":2.0},{"damage":0.0,"enemies":"Gensokyo:Python","floor":4.0,"turns":1.0},{"damage":0.0,"enemies":"Gensokyo:Mamizou","floor":6.0,"turns":4.0},{"damage":0.0,"enemies":"Gensokyo:CorruptedTreant","floor":7.0,"turns":3.0},{"damage":0.0,"enemies":"Gensokyo:Gryphon_and_Rabbit","floor":10.0,"turns":3.0},{"damage":0.0,"enemies":"Gensokyo:LivingMonolith","floor":12.0,"turns":2.0},{"damage":0.0,"enemies":"Gensokyo:Yukari","floor":16.0,"turns":5.0},{"damage":0.0,"enemies":"Gensokyo:Chomper","floor":18.0,"turns":2.0},{"damage":0,"enemies":"Gensokyo:Tenshi","floor":24,"turns":1},{"damage":0,"enemies":"Gensokyo:Koishi","floor":27,"turns":4},{"damage":0,"enemies":"Gensokyo:3_Dogs","floor":28,"turns":2},{"damage":0,"enemies":"Gensokyo:Tenshi","floor":31,"turns":2},{"damage":0,"enemies":"Gensokyo:Eiki","floor":33,"turns":3},{"damage":0,"enemies":"Gensokyo:3_Boulders","floor":35,"turns":2},{"damage":0,"enemies":"Gensokyo:3_Bats","floor":37,"turns":3},{"damage":0,"enemies":"Gensokyo:AtlasGolem","floor":39,"turns":1},{"damage":0,"enemies":"Gensokyo:Doremy","floor":40,"turns":1},{"damage":0,"enemies":"Gensokyo:Marisa","floor":44,"turns":1},{"damage":0,"enemies":"Gensokyo:Rafflesia","floor":46,"turns":1},{"damage":0,"enemies":"Gensokyo:4_Bats","floor":47,"turns":1},{"damage":0,"enemies":"Gensokyo:Shinki","floor":50,"turns":3},{"damage":0,"enemies":"Gensokyo:Yuyuko","floor":51,"turns":1},{"damage":0,"enemies":"Shield and Spear","floor":55,"turns":1},{"damage":0,"enemies":"The Heart","floor":56,"turns":4}],"seed_played":"566052123712587031","potions_obtained":[{"floor":16.0,"key":"SkillPotion"},{"floor":24,"key":"Energy Potion"},{"floor":27,"key":"Dexterity Potion"},{"floor":40,"key":"Swift Potion"}],"is_trial":false,"path_per_floor":["M","?","M","M","?","E","M","?","T","M","?","M","R","$","R","B",null,"M","?","$","?","?","R","E","R","T","E","M","COS","R","E","R","B",null,"M","?","M","$","M","E","R","?","T","E","R","M","M","$","R","B","B",null,"R","$","E","B",null],"character_chosen":"THE_SILENT","items_purchased":["ClockworkSouvenir","TungstenRod","Eternal Feather","Dagger Spray","Backflip","Torii","Lee\u0027s Waffle","Footwork","Oddly Smooth Stone","Adrenaline","Prepared","Medical Kit","Tactician","Ancient Tea Set","PreservedInsect","Forethought","PureWhite:ReiMu","Sucker Punch","Snake Skull","Eviscerate","TheAbacus","Backflip","Deep Breath","Orichalcum","Backstab","DuplicationPotion","Explosive Potion","Masterful Stab","War Paint","Mastiff:ReiMu","Membership Card"],"campfire_rested":2,"item_purchase_floors":[0,0,0,0,0,0,0,0,0,0,0,0,0,0,0,0,0,0,0,0,0,0,0,0,0,0,0,14,20,38,48],"current_hp_per_floor":[73,73,73,73,73,73,73,73,73,73,73,73,73,73,73,73,73,73,73,73,73,73,73,73,73,73,73,73,73,73,73,73,73,73,73,73,73,73,73,73,73,73,73,73,73,73,73,73,73,73,73,73,73,73,73,73],"gold":53,"neow_bonus":"","is_daily":false,"chose_seed":false,"campfire_upgraded":7,"win_rate":0.0,"timestamp":1609244345,"path_taken":["M","?","M","M","?","E","M","?","T","M","?","M","R","?","R","BOSS","M","?","$","?","?","R","E","R","T","E","M","COS","R","E","R","BOSS","M","?","?","?","M","E","R","?","T","E","R","?","M","$","R","BOSS","BOSS","R","$","E","BOSS"],"items_purchased_type":["Relic","Relic","Relic","Card","Card","Relic","Relic","Card","Relic","Card","Card","Relic","Card","Relic","Relic","Card","Relic","Card","Relic","Card","Relic","Card","Card","Relic","Card","Potion","Potion","Card","Relic","Relic","Relic"],"build_version":"2020-12-22","purchased_purges":21,"victory":true,"max_hp_per_floor":[73,73,73,73,73,73,73,73,73,73,73,73,73,73,73,73,73,73,73,73,73,73,73,73,73,73,73,73,73,73,73,73,73,73,73,73,73,73,73,73,73,73,73,73,73,73,73,73,73,73,73,73,73,73,73,73],"card_choices":[{"not_picked":["Blade Dance","Choke"],"picked":"Escape Plan","floor":1.0},{"not_picked":["Dagger Spray","Accuracy","Dodge and Roll"],"picked":"SKIP","floor":3.0},{"not_picked":["Dagger Spray","Noxious Fumes","Dodge and Roll"],"picked":"SKIP","floor":4.0},{"not_picked":["Choke","PiercingWail"],"picked":"Envenom","floor":6.0},{"not_picked":["Dagger Throw","Blur","Cloak And Dagger"],"picked":"SKIP","floor":7.0},{"not_picked":["Dagger Throw","Blur","Cloak And Dagger"],"picked":"SKIP","floor":7.0},{"not_picked":["Flying Knee","Predator","Acrobatics"],"picked":"SKIP","floor":10.0},{"not_picked":["Dagger Throw","Well Laid Plans","Bane"],"picked":"SKIP","floor":12.0},{"not_picked":["Envenom","Die Die Die"],"picked":"Adrenaline","floor":16.0},{"not_picked":["Sucker Punch+1","Heel Hook","Quick Slash"],"picked":"SKIP","floor":18.0},{"not_picked":["Sucker Punch+1","Heel Hook","Quick Slash"],"picked":"SKIP","floor":18.0},{"not_picked":["Skewer","Phantasmal Killer","Calculated Gamble"],"picked":"SKIP","floor":24},{"not_picked":["Blade Dance+1","Riddle With Holes"],"picked":"Grand Finale","floor":27},{"not_picked":["Deflect","Sucker Punch","Distraction+1"],"picked":"SKIP","floor":28},{"not_picked":["Bane","Cloak And Dagger","Accuracy"],"picked":"SKIP","floor":31},{"not_picked":["Deadly Poison","All Out Attack+1","Leg Sweep"],"picked":"SKIP","floor":35},{"not_picked":["PiercingWail","Endless Agony","Leg Sweep+1"],"picked":"SKIP","floor":35},{"not_picked":["Blade Dance+1","Cloak And Dagger","Poisoned Stab"],"picked":"SKIP","floor":37},{"not_picked":["Cloak And Dagger","Backflip+1","Infinite Blades+1"],"picked":"SKIP","floor":37},{"not_picked":["PiercingWail+1","All Out Attack+1","Terror"],"picked":"SKIP","floor":39},{"not_picked":["Bouncing Flask+1","Infinite Blades","Terror"],"picked":"SKIP","floor":39},{"not_picked":["Corpse Explosion","Cloak And Dagger","Dodge and Roll+1"],"picked":"SKIP","floor":40},{"not_picked":["Acrobatics+1","PiercingWail","All Out Attack+1"],"picked":"SKIP","floor":44},{"not_picked":["Caltrops+1","Reflex","Slice"],"picked":"SKIP","floor":46},{"not_picked":["Bane","Well Laid Plans","Underhanded Strike"],"picked":"SKIP","floor":46},{"not_picked":["Infinite Blades+1","Deflect+1","Cloak And Dagger"],"picked":"SKIP","floor":47},{"not_picked":["Tactician","Prepared","Expertise+1"],"picked":"SKIP","floor":47},{"not_picked":["Heel Hook","Dagger Throw","Deflect"],"picked":"SKIP","floor":55}],"player_experience":734556,"relics_obtained":[{"floor":6.0,"key":"HornCleat"},{"floor":9.0,"key":"Gremlin Horn"},{"floor":24,"key":"Gensokyo:ConquerorOfFear"},{"floor":24,"key":"Meat on the Bone"},{"floor":27,"key":"Mercury Hourglass"},{"floor":31,"key":"Ginger"},{"floor":34,"key":"Lantern"},{"floor":34,"key":"Kunai"},{"floor":34,"key":"Prayer Wheel"},{"floor":40,"key":"Bag of Preparation"},{"floor":43,"key":"Darkstone Periapt"},{"floor":44,"key":"Ornamental Fan"},{"floor":55,"key":"Vajra"}],"event_choices":[],"is_beta":false,"boss_relics":[{"not_picked":["Astrolabe","Sozu"],"picked":"Runic Pyramid"},{"not_picked":["SacredBark","Snecko Eye"],"picked":"Calling Bell"}],"items_purged_floors":[0,0,0,0,0,0,0,0,0,0,14,14,14,14,20,20,38,38,38,38,38],"is_endless":false,"potions_floor_spawned":[1,4,6,16,24,27,37,40,44],"ascension_level":20}}