{"host":"e4wnmsyty9uvvtwf","time":1609249193,"event":{"mods":["Aspiration","BaseMod","Colored Map","Colored Powertips","Marisa£®ÏF”Í°°ƒß¿Ì…≥£©","Minty Spire (QoL Compilation)","Rare Cards Sparkle","Replay The Spire","StSLib"],"gold_per_floor":[109,120,136,148,166,166,201,201,275,294,294,294],"floor_reached":11,"playtime":263,"items_purged":[],"score":146,"play_id":"2ee8a07c-2976-48e5-b5f5-9013a84a97d7","local_time":"20201229213953","is_ascension_mode":true,"campfire_choices":[{"data":"Leg Sweep","floor":6,"key":"SMITH"},{"floor":8,"key":"REST"}],"circlet_count":0,"master_deck":["AscendersBane","Strike_G","Strike_G","Strike_G","Strike_G","Strike_G","Defend_G","Defend_G","Defend_G","Defend_G+1","Defend_G+1","Survivor","Neutralize","Blade Dance","Leg Sweep+1","Deflect","Blade Dance","Deflect","Accuracy","PiercingWail"],"relics":["Ring of the Snake","NeowsBlessing","War Paint","HornCleat"],"acts_visited":["Exordium"],"potions_floor_usage":[7,11],"damage_taken":[{"damage":0,"enemies":"Cultist","floor":1,"turns":1},{"damage":0,"enemies":"Small Slimes","floor":2,"turns":1},{"damage":0,"enemies":"2 Louse","floor":3,"turns":1},{"damage":4,"enemies":"Blue Slaver","floor":4,"turns":7},{"damage":6,"enemies":"2 Fungi Beasts","floor":5,"turns":6},{"damage":30,"enemies":"Lagavulin","floor":7,"turns":7},{"damage":11,"enemies":"Large Slime","floor":10,"turns":6},{"damage":29,"enemies":"Gremlin Nob","floor":11,"turns":3}],"seed_played":"-6006500615521899207","potions_obtained":[{"floor":2,"key":"AttackPotion"},{"floor":4,"key":"Strength Potion"},{"floor":10,"key":"Weak Potion"}],"is_trial":false,"path_per_floor":["M","M","M","M","M","R","E","R","T","M","E"],"character_chosen":"THE_SILENT","items_purchased":[],"campfire_rested":1,"item_purchase_floors":[],"current_hp_per_floor":[59,59,59,55,49,49,19,38,38,27,0,0],"gold":294,"neow_bonus":"THREE_ENEMY_KILL","is_daily":false,"chose_seed":false,"campfire_upgraded":1,"win_rate":0.0,"timestamp":1609249193,"path_taken":["M","?","?","M","?","R","E","R","T","M","E"],"items_purchased_type":[],"build_version":"2020-12-22","purchased_purges":0,"victory":false,"max_hp_per_floor":[66,66,66,66,66,66,66,66,66,66,66,66],"card_choices":[{"not_picked":["Slice","Acrobatics"],"picked":"Blade Dance","floor":1},{"not_picked":["Prepared","Backstab"],"picked":"Leg Sweep","floor":2},{"not_picked":["Eviscerate","Deadly Poison"],"picked":"Deflect","floor":3},{"not_picked":["Tactician","Underhanded Strike"],"picked":"Blade Dance","floor":4},{"not_picked":["Draining Mist","Eviscerate"],"picked":"Deflect","floor":5},{"not_picked":["Replay:Poison Smokescreen","Tactician"],"picked":"Accuracy","floor":7},{"not_picked":["Outmaneuver","Underhanded Strike"],"picked":"PiercingWail","floor":10}],"player_experience":674086,"relics_obtained":[{"floor":7,"key":"War Paint"},{"floor":9,"key":"HornCleat"}],"event_choices":[],"is_beta":false,"boss_relics":[],"items_purged_floors":[],"is_endless":false,"potions_floor_spawned":[2,4,5,10],"killed_by":"Gremlin Nob","ascension_level":18}}