{"host":"qy0m86b6j0qgj9ra","time":1609280228,"event":{"mods":["Act Like it!","Aspiration","Astrologer","Bartender","BaseMod","CCEM","Clockwork Mod","Conspire","Downfall","Duelist Mod","Energized Spire","Friendly Minions","Gensokyo","GifTheSpireLib","Googly Eyes","GungeonMod","Halation","Hallownest","Hermit","Hubris","Infinite Spire","Ironclad Rager","Jorbs\u0027s Wanderer Trilogy","Koishi","KomeijiMod","Lobotomy","LobotomyExtend","Mad Scientist","Marisa????????","Minty Spire (QoL Compilation)","Pale of the Ancients","Quarter Circle Forward PUNCH!","RRrroohrrRGHHhhh!!","Random Character Button","Rare Cards Sparkle","Reimu??????","Replay The Spire","Retaliation","RumiaBox-????????","SCP261 Mod","Slumbering Mod","Spicy Shops","Spikes Relics","StSLib","Stuff the Spire","The Administrix","The Animator","The Bug Knight","The Construct","The Cursed","The Hierophant","The Jungle","The Sage","The Saiyan","The Vixen","TheBandit","TheFirefly","Trackpad","Wandering Minibosses","WarShipGirlsR/????R mod","Yuri Mod","vexMod"],"gold_per_floor":[115,130,205,221,240,240,268,281,281,315,330,341,355,371,371,371,371],"floor_reached":16,"playtime":1534,"items_purged":[],"score":118,"play_id":"b9b26849-aaad-4898-a31f-3fc2874e06eb","local_time":"20201229231708","is_ascension_mode":false,"campfire_choices":[{"floor":6,"key":"RECALL"},{"data":"astrologer:Sunrise","floor":15,"key":"SMITH"}],"circlet_count":0,"master_deck":["astrologer:Strike","astrologer:Strike","astrologer:Strike","astrologer:Strike","astrologer:Defend","astrologer:Defend","astrologer:Defend","astrologer:Defend","astrologer:NorthStar","astrologer:TheFool","astrologer:TheStar","astrologer:StarOfMisfortune","astrologer:Sunrise+1","astrologer:CosmicExpanse","astrologer:Alignment","astrologer:Opposition","astrologer:FadingStar"],"relics":["astrologer:SkyMirror","CCEMRelics:OrganicArmor","trackpad:WritersBlock","vexMod:PlasmaPancake","sagemod:Singing_Vial"],"acts_visited":["Exordium"],"potions_floor_usage":[],"damage_taken":[{"damage":0,"enemies":"Cultist","floor":1,"turns":4},{"damage":0,"enemies":"Jaw Worm","floor":2,"turns":4},{"damage":1,"enemies":"infinitespire:Voidling","floor":4,"turns":3},{"damage":0,"enemies":"2 Fungi Beasts","floor":5,"turns":3},{"damage":3,"enemies":"Replay:BlueRogue","floor":7,"turns":6},{"damage":3,"enemies":"Large Slime","floor":8,"turns":6},{"damage":2,"enemies":"theSlumbering:Adrasteia","floor":10,"turns":5},{"damage":0,"enemies":"theSlumbering:NewSlaver","floor":11,"turns":3},{"damage":10,"enemies":"conspire:2 RoseBushes","floor":12,"turns":3},{"damage":1,"enemies":"Large Slime","floor":13,"turns":4},{"damage":1,"enemies":"Gremlin Gang","floor":14,"turns":2},{"damage":50,"enemies":"Slime Boss","floor":16,"turns":9}],"seed_played":"2031855368682661797","potions_obtained":[{"floor":4,"key":"SpeedPotion"},{"floor":8,"key":"DDmod:CleansePotion"},{"floor":10,"key":"Reflective Coating"},{"floor":12,"key":"Adrenaline Potion"}],"is_trial":false,"path_per_floor":["M","M","T","M","M","R","E","M","T","E","M","M","M","M","R","B"],"character_chosen":"ASTROLOGER","items_purchased":[],"campfire_rested":0,"item_purchase_floors":[],"current_hp_per_floor":[63,63,63,62,62,62,59,56,62,60,60,50,49,48,48,0,0],"gold":371,"neow_bonus":"ONE_RARE_RELIC","is_daily":false,"chose_seed":false,"campfire_upgraded":1,"win_rate":0.0,"timestamp":1609280228,"path_taken":["M","?","?","?","M","R","E","M","T","E","?","M","M","M","R","BOSS"],"items_purchased_type":[],"build_version":"2020-12-22","purchased_purges":0,"victory":false,"max_hp_per_floor":[63,63,63,63,63,63,63,63,69,69,69,69,69,69,69,69,69],"card_choices":[{"not_picked":["astrologer:ReadTheStars","astrologer:Conjunction"],"picked":"astrologer:TheStar","floor":1},{"not_picked":["astrologer:SolarFlare","astrologer:Opposition"],"picked":"astrologer:StarOfMisfortune","floor":2},{"not_picked":["astrologer:RejectReality","astrologer:TheHighPriestess"],"picked":"astrologer:Sunrise","floor":4},{"not_picked":["astrologer:TheEmperor","astrologer:Stardust"],"picked":"astrologer:CosmicExpanse","floor":5},{"not_picked":["astrologer:Novile","astrologer:SpaceDust"],"picked":"astrologer:Alignment","floor":7},{"not_picked":["astrologer:Still","astrologer:Conjunction"],"picked":"astrologer:Opposition","floor":8},{"not_picked":["astrologer:StarOfMisfortune","astrologer:Conjunction","astrologer:Opposition"],"picked":"Singing Bowl","floor":10},{"not_picked":["astrologer:FrozenStar","astrologer:CosmicExpanse","astrologer:Still"],"picked":"Singing Bowl","floor":11},{"not_picked":["astrologer:TheLovers","astrologer:CometStrike","astrologer:ReadTheStars"],"picked":"Singing Bowl","floor":12},{"not_picked":["astrologer:Premeditation","astrologer:Conjunction"],"picked":"astrologer:FadingStar","floor":13},{"not_picked":["astrologer:Opposition","astrologer:Radiance","astrologer:FrozenStar"],"picked":"SKIP","floor":14}],"player_experience":525643,"relics_obtained":[{"floor":7,"key":"trackpad:WritersBlock"},{"floor":9,"key":"vexMod:PlasmaPancake"},{"floor":10,"key":"sagemod:Singing_Vial"}],"event_choices":[],"is_beta":false,"boss_relics":[],"items_purged_floors":[],"is_endless":false,"potions_floor_spawned":[4,8,10,12,14],"killed_by":"Slime Boss","ascension_level":0}}