{"host":"5dk97cf2ubw2v967","time":1609264732,"event":{"mods":["AlwaysNeverKeys","BaseMod","Better Altar","Better Vampires","Block Reminder","Colored Powertips","Downfall","Googly Eyes","Highlight Path","Minty Spire (QoL Compilation)","Permanent Neow","Potion Indicator Mod","Quick Restart","Relic Filter","Relic Stats","Say the Spire","Spicy Shops","StSLib","Waifu the Spire","everything is the same but u backflip on backflip"],"gold_per_floor":[16,16,34,50,50,75,75,139,162,162,181,6,34,46,46,120,120,136,149,199,199,214,214,244,244,244,271,271,298,331,346,346,420,420,437,488,166,166,178,204,204,232,232,232,232,257,308,358,358,358,358],"floor_reached":50,"playtime":1824,"items_purged":["Pain","Strike_R","Strike_R"],"score":1149,"play_id":"d4028752-65f6-4b37-beea-c2b746cf504d","local_time":"20201229175852","is_ascension_mode":true,"campfire_choices":[{"floor":7.0,"key":"REST"},{"floor":10.0,"key":"REST"},{"data":"Armaments","floor":15.0,"key":"SMITH"},{"data":"Seeing Red","floor":23,"key":"SMITH"},{"floor":25,"key":"REST"},{"data":"Battle Trance","floor":28,"key":"SMITH"},{"floor":32,"key":"REST"},{"data":"Bludgeon","floor":41,"key":"SMITH"},{"floor":49,"key":"RECALL"}],"circlet_count":0,"master_deck":["AscendersBane","Strike_R","Defend_R","Defend_R","Defend_R+1","Defend_R","Bash","Bludgeon+1","Uppercut","Armaments+1","Intimidate+1","Anger","Seeing Red+1","Flame Barrier+1","Inflame","Bludgeon+1","CurseOfTheBell","Battle Trance+1","Seeing Red","Dropkick+1","Anger","Demon Form+1","Limit Break","Inflame+1","Bludgeon"],"relics":["Burning Blood","WarpedTongs","Bird Faced Urn","Centennial Puzzle","Bag of Marbles","Regal Pillow","Calling Bell","Kunai","FossilizedHelix","Red Skull","The Courier","Frozen Egg 2","Juzu Bracelet","War Paint","Bottled Flame","Snecko Eye","TungstenRod","OrangePellets","MealTicket","Omamori","Mango","Blood Vial"],"acts_visited":["Exordium","TheCity","TheBeyond"],"potions_floor_usage":[19,22,27,33,33,42,50],"damage_taken":[{"damage":12.0,"enemies":"Jaw Worm","floor":1.0,"turns":2.0},{"damage":1.0,"enemies":"Cultist","floor":3.0,"turns":2.0},{"damage":1.0,"enemies":"Small Slimes","floor":4.0,"turns":2.0},{"damage":29.0,"enemies":"3 Sentries","floor":6.0,"turns":6.0},{"damage":5.0,"enemies":"Gremlin Nob","floor":8.0,"turns":3.0},{"damage":0.0,"enemies":"2 Fungi Beasts","floor":11.0,"turns":2.0},{"damage":15.0,"enemies":"Lagavulin","floor":13.0,"turns":3.0},{"damage":1.0,"enemies":"Exordium Wildlife","floor":14.0,"turns":3.0},{"damage":11.0,"enemies":"Hexaghost","floor":16.0,"turns":5.0},{"damage":0,"enemies":"Chosen","floor":18,"turns":3},{"damage":0,"enemies":"Spheric Guardian","floor":19,"turns":3},{"damage":18,"enemies":"Chosen and Byrds","floor":22,"turns":6},{"damage":42,"enemies":"Book of Stabbing","floor":24,"turns":5},{"damage":21,"enemies":"Slavers","floor":27,"turns":4},{"damage":21,"enemies":"Gremlin Leader","floor":30,"turns":7},{"damage":2,"enemies":"3 Cultists","floor":31,"turns":4},{"damage":53,"enemies":"Collector","floor":33,"turns":8},{"damage":6,"enemies":"3 Darklings","floor":35,"turns":5},{"damage":0,"enemies":"2 Orb Walkers","floor":36,"turns":3},{"damage":0,"enemies":"Orb Walker","floor":39,"turns":1},{"damage":13,"enemies":"Nemesis","floor":40,"turns":5},{"damage":59,"enemies":"Reptomancer","floor":42,"turns":6},{"damage":0,"enemies":"Mind Bloom Boss Battle","floor":46,"turns":3},{"damage":73,"enemies":"Donu and Deca","floor":50,"turns":6}],"seed_played":"-2151865267141422371","potions_obtained":[{"floor":3.0,"key":"Energy Potion"},{"floor":6.0,"key":"EssenceOfSteel"},{"floor":11.0,"key":"Swift Potion"},{"floor":14.0,"key":"SteroidPotion"},{"floor":16.0,"key":"LiquidMemories"},{"floor":18,"key":"BlessingOfTheForge"},{"floor":24,"key":"SkillPotion"},{"floor":27,"key":"Ancient Potion"},{"floor":31,"key":"Guardian:BlockOnCardUsePotion"},{"floor":40,"key":"BloodPotion"},{"floor":46,"key":"SkillPotion"}],"is_trial":false,"path_per_floor":["M","?","M","M","?","E","R","?","T","R","M","$","E","M","R","B",null,"M","M","?","?","M","R","E","R","T","E","R","T","E","M","R","B",null,"M","?","$","?","M","E","R","E","T","?","?","?","T","?","R","B"],"character_chosen":"IRONCLAD","items_purchased":["OrangePellets","CultistPotion"],"campfire_rested":4,"item_purchase_floors":[37,37],"current_hp_per_floor":[62,62,67,72,49,26,48,49,49,71,75,75,66,71,71,68,73,75,75,75,75,63,63,29,66,66,53,53,53,40,46,75,28,63,65,73,73,73,75,68,68,34,34,61,61,75,75,75,75,4,4],"gold":358,"neow_bonus":"THREE_RARE_CARDS","is_daily":false,"chose_seed":false,"campfire_upgraded":4,"win_rate":0.0,"timestamp":1609264732,"path_taken":["M","?","?","M","?","E","R","?","T","R","M","$","E","M","R","BOSS","M","M","?","?","?","R","E","R","T","E","R","?","E","M","R","BOSS","M","?","$","?","M","E","R","E","T","?","?","?","?","?","R","BOSS"],"items_purchased_type":["Relic","Potion"],"build_version":"2020-12-22","purchased_purges":3,"victory":false,"max_hp_per_floor":[75,75,75,75,75,75,75,75,75,75,75,75,75,75,75,75,75,75,75,75,75,75,75,75,75,75,75,75,75,75,75,75,75,75,75,75,75,75,75,75,75,75,75,61,61,75,75,75,75,75,75],"relic_stats":{"Regal Pillow":22,"counters":[24,97],"Juzu Bracelet":1,"War Paint":["Flame Barrier","Intimidate"],"Burning Blood":114,"WarpedTongs":[93],"Blood Vial":0,"OrangePellets":[8],"Centennial Puzzle":[39],"Bird Faced Urn":[22],"Snecko Eye":[32,36,24,34],"MealTicket":0,"Kunai":[19],"obtain_stats":[{"Regal Pillow":13,"Mango":46,"The Courier":24,"Juzu Bracelet":27,"Omamori":42,"Frozen Egg 2":26,"War Paint":29,"Burning Blood":0,"WarpedTongs":2,"Calling Bell":17,"Blood Vial":47,"OrangePellets":37,"Centennial Puzzle":8,"Bottled Flame":30,"Bird Faced Urn":6,"Snecko Eye":34,"MealTicket":40,"Bag of Marbles":9,"Kunai":17,"FossilizedHelix":17,"Red Skull":17,"TungstenRod":36},{"Regal Pillow":7,"Mango":23,"The Courier":13,"Juzu Bracelet":14,"Omamori":22,"Frozen Egg 2":13,"War Paint":14,"Burning Blood":0,"WarpedTongs":1,"Calling Bell":9,"Blood Vial":23,"OrangePellets":19,"Centennial Puzzle":5,"Bottled Flame":15,"Bird Faced Urn":4,"Snecko Eye":17,"MealTicket":21,"Bag of Marbles":5,"Kunai":9,"FossilizedHelix":9,"Red Skull":9,"TungstenRod":19},{"Regal Pillow":20,"Mango":91,"The Courier":45,"Juzu Bracelet":49,"Omamori":88,"Frozen Egg 2":45,"War Paint":49,"Burning Blood":0,"WarpedTongs":2,"Calling Bell":28,"Blood Vial":91,"OrangePellets":76,"Centennial Puzzle":15,"Bottled Flame":56,"Bird Faced Urn":12,"Snecko Eye":68,"MealTicket":82,"Bag of Marbles":15,"Kunai":28,"FossilizedHelix":28,"Red Skull":28,"TungstenRod":76}],"TungstenRod":16},"card_choices":[{"not_picked":["Brutality","Immolate"],"picked":"Bludgeon","floor":0.0},{"not_picked":["Heavy Blade","Iron Wave"],"picked":"Uppercut","floor":1.0},{"not_picked":["Body Slam","Wild Strike","Clash"],"picked":"SKIP","floor":3.0},{"not_picked":["Sever Soul","Twin Strike"],"picked":"Armaments","floor":4.0},{"not_picked":["Thunderclap","Immolate"],"picked":"Intimidate","floor":6.0},{"not_picked":["Heavy Blade","Disarm"],"picked":"Anger","floor":8.0},{"not_picked":["Clash","Rampage"],"picked":"Seeing Red","floor":11.0},{"not_picked":["Flex","Pommel Strike"],"picked":"Flame Barrier","floor":13.0},{"not_picked":["Feel No Pain","Rampage"],"picked":"Inflame","floor":14.0},{"not_picked":["Barricade","Exhume"],"picked":"Bludgeon","floor":16.0},{"not_picked":["Havoc","Hemokinesis+1"],"picked":"Battle Trance","floor":18},{"not_picked":["Pommel Strike","Iron Wave+1"],"picked":"Seeing Red","floor":19},{"not_picked":["Warcry","Berserk"],"picked":"Dropkick+1","floor":22},{"not_picked":["Rampage","Second Wind","Body Slam"],"picked":"SKIP","floor":24},{"not_picked":["Spot Weakness","Body Slam","Pummel"],"picked":"SKIP","floor":27},{"not_picked":["Spot Weakness","Shrug It Off"],"picked":"Anger","floor":30},{"not_picked":["Perfected Strike","Armaments"],"picked":"Demon Form+1","floor":31},{"not_picked":["Brutality+1","Corruption+1"],"picked":"Limit Break","floor":33},{"not_picked":["Body Slam","Thunderclap+1","Heavy Blade"],"picked":"SKIP","floor":35},{"not_picked":["Sentinel","Iron Wave"],"picked":"Inflame+1","floor":36},{"not_picked":["Second Wind+1","Flex","Spot Weakness"],"picked":"SKIP","floor":39},{"not_picked":["Heavy Blade","Headbutt+1","Bloodletting+1"],"picked":"SKIP","floor":40},{"not_picked":["Entrench","Immolate"],"picked":"Bludgeon","floor":42}],"player_experience":1269352,"relics_obtained":[{"floor":6.0,"key":"Bird Faced Urn"},{"floor":8.0,"key":"Centennial Puzzle"},{"floor":9.0,"key":"Bag of Marbles"},{"floor":13.0,"key":"Regal Pillow"},{"floor":17.0,"key":"Kunai"},{"floor":17.0,"key":"FossilizedHelix"},{"floor":17.0,"key":"Red Skull"},{"floor":24,"key":"The Courier"},{"floor":26,"key":"Frozen Egg 2"},{"floor":27,"key":"Juzu Bracelet"},{"floor":29,"key":"War Paint"},{"floor":30,"key":"Bottled Flame"},{"floor":36,"key":"TungstenRod"},{"floor":40,"key":"MealTicket"},{"floor":42,"key":"Omamori"},{"floor":46,"key":"Mango"},{"floor":47,"key":"Blood Vial"}],"event_choices":[{"damage_healed":0.0,"max_hp_gain":0.0,"max_hp_loss":0.0,"gold_gain":0.0,"event_name":"Accursed Blacksmith","player_choice":"Rummage","floor":2.0,"gold_loss":0.0,"damage_taken":0.0,"relics_obtained":["WarpedTongs"],"cards_obtained":["Pain"]},{"damage_healed":0.0,"max_hp_gain":0.0,"max_hp_loss":0.0,"gold_gain":0.0,"event_name":"Shining Light","player_choice":"Entered Light","floor":5.0,"gold_loss":0.0,"damage_taken":23.0,"cards_upgraded":["Defend_R","Bludgeon"]},{"damage_healed":0.0,"max_hp_gain":0.0,"max_hp_loss":0.0,"gold_gain":0.0,"event_name":"Dead Adventurer","player_choice":"Searched \u00271\u0027 times","floor":8.0,"gold_loss":0.0,"damage_taken":0.0},{"damage_healed":0,"gold_gain":50,"player_choice":"Stole From Cult","damage_taken":0,"max_hp_gain":0,"max_hp_loss":0,"event_name":"Nest","floor":20,"gold_loss":0},{"cards_removed":["Strike_R"],"damage_healed":0,"gold_gain":0,"player_choice":"Offered Basic","damage_taken":0,"max_hp_gain":0,"max_hp_loss":0,"event_name":"Bonfire Elementals","floor":21,"gold_loss":0},{"damage_healed":0,"gold_gain":0,"player_choice":"Fight","damage_taken":0,"max_hp_gain":0,"max_hp_loss":0,"event_name":"Mysterious Sphere","floor":36,"gold_loss":0},{"cards_removed":["Strike_R"],"damage_healed":0,"gold_gain":0,"player_choice":"Removed Attack","damage_taken":0,"max_hp_gain":0,"max_hp_loss":0,"event_name":"Falling","floor":38,"gold_loss":0},{"damage_healed":61,"gold_gain":0,"player_choice":"Heal","damage_taken":0,"max_hp_gain":0,"max_hp_loss":14,"event_name":"The Moai Head","floor":44,"gold_loss":0},{"damage_healed":0,"gold_gain":0,"player_choice":"Ignored","damage_taken":0,"max_hp_gain":0,"max_hp_loss":0,"event_name":"SecretPortal","floor":45,"gold_loss":0},{"damage_healed":0,"gold_gain":0,"player_choice":"Fight","damage_taken":0,"max_hp_gain":0,"max_hp_loss":0,"event_name":"MindBloom","floor":46,"gold_loss":0},{"damage_healed":0,"gold_gain":50,"player_choice":"Pray","damage_taken":0,"max_hp_gain":0,"max_hp_loss":0,"event_name":"Golden Shrine","floor":48,"gold_loss":0}],"is_beta":false,"boss_relics":[{"not_picked":["Coffee Dripper","Black Blood"],"picked":"Calling Bell"},{"not_picked":["Black Star","Busted Crown"],"picked":"Snecko Eye"}],"items_purged_floors":[12,12,37],"is_endless":false,"potions_floor_spawned":[3,6,11,14,16,18,24,27,31,40,46],"killed_by":"Donu and Deca","ascension_level":20}}