{"host":"2yqfi47fogfu1ic4","time":1609262710,"event":{"mods":["AchievementEnabler","BaseMod","Colored Map","Colored Powertips","Highlight Path","Minty Spire (QoL Compilation)","Permanent Neow","Relic Stats","StSLib"],"gold_per_floor":[111,111,36,47,60,88,99,99,126,126,176,187,197,213,213,213,213],"floor_reached":16,"playtime":876,"items_purged":["Setup"],"score":208,"play_id":"1efff9c9-117d-4fff-93c3-ba0eee0859c2","local_time":"20201229182510","is_ascension_mode":true,"campfire_choices":[{"data":"Blade Dance","floor":8,"key":"SMITH"},{"floor":10,"key":"REST"},{"data":"Predator","floor":15,"key":"SMITH"}],"circlet_count":0,"master_deck":["AscendersBane","Strike_G","Strike_G","Strike_G","Strike_G","Defend_G","Defend_G","Defend_G","Defend_G","Defend_G","Survivor","Neutralize","Blade Dance+1","Quick Slash","Terror","Acrobatics","Backflip","Blade Dance","Predator+1"],"relics":["Sozu","Lantern"],"acts_visited":["Exordium"],"potions_floor_usage":[],"damage_taken":[{"damage":0,"enemies":"Jaw Worm","floor":1,"turns":5},{"damage":0,"enemies":"Cultist","floor":4,"turns":5},{"damage":1,"enemies":"Small Slimes","floor":5,"turns":3},{"damage":45,"enemies":"3 Sentries","floor":6,"turns":13},{"damage":0,"enemies":"Red Slaver","floor":7,"turns":4},{"damage":12,"enemies":"Gremlin Gang","floor":12,"turns":6},{"damage":0,"enemies":"Exordium Wildlife","floor":13,"turns":2},{"damage":0,"enemies":"Red Slaver","floor":14,"turns":2},{"damage":23,"enemies":"The Guardian","floor":16,"turns":2}],"seed_played":"1292937150589474518","potions_obtained":[],"is_trial":false,"path_per_floor":["M","?","$","M","M","E","M","R","T","R","?","M","M","M","R","B"],"character_chosen":"THE_SILENT","items_purchased":[],"campfire_rested":1,"item_purchase_floors":[],"current_hp_per_floor":[59,59,59,59,58,13,13,13,13,32,32,20,20,20,20,0,0],"gold":213,"neow_bonus":"BOSS_RELIC","is_daily":false,"chose_seed":false,"campfire_upgraded":2,"win_rate":0.0,"timestamp":1609262710,"path_taken":["M","?","$","?","M","E","M","R","T","R","?","M","M","?","R","BOSS"],"items_purchased_type":[],"build_version":"2020-12-22","purchased_purges":1,"victory":false,"max_hp_per_floor":[66,66,66,66,66,66,66,66,66,66,66,66,66,66,66,66,66],"relic_stats":{"Sozu":5,"counters":[9,42],"obtain_stats":[{"Sozu":0,"Lantern":6,"Ring of the Snake":0},{"Sozu":0,"Lantern":4,"Ring of the Snake":0},{"Sozu":0,"Lantern":26,"Ring of the Snake":0}]},"card_choices":[{"not_picked":["Cloak And Dagger","Dodge and Roll"],"picked":"Blade Dance","floor":1},{"not_picked":["Deadly Poison","Flying Knee","Caltrops"],"picked":"SKIP","floor":4},{"not_picked":["Caltrops","Setup"],"picked":"Quick Slash","floor":5},{"not_picked":["Slice","Acrobatics"],"picked":"Terror","floor":6},{"not_picked":["Concentrate","Dodge and Roll"],"picked":"Acrobatics","floor":7},{"not_picked":["Venomology","Acrobatics"],"picked":"Backflip","floor":12},{"not_picked":["Dagger Throw","Riddle With Holes"],"picked":"Blade Dance","floor":13},{"not_picked":["Dagger Spray","Bane"],"picked":"Predator","floor":14}],"player_experience":1944119,"relics_obtained":[{"floor":6,"key":"Lantern"}],"event_choices":[{"damage_healed":0,"gold_gain":0,"cards_transformed":["Strike_G"],"player_choice":"Transformed","damage_taken":0,"max_hp_gain":0,"max_hp_loss":0,"event_name":"Transmorgrifier","floor":2,"gold_loss":0,"cards_obtained":["Setup"]},{"damage_healed":0,"gold_gain":50,"player_choice":"Pray","damage_taken":0,"max_hp_gain":0,"max_hp_loss":0,"event_name":"Golden Shrine","floor":11,"gold_loss":0}],"is_beta":false,"boss_relics":[],"items_purged_floors":[3],"is_endless":false,"potions_floor_spawned":[6,7,12,13,14],"killed_by":"The Guardian","ascension_level":20}}