{"host":"78zdngn0u28jm0pp","time":1609222035,"event":{"mods":["BaseMod","Jorbs\u0027s Wanderer Trilogy","Minty Spire (QoL Compilation)","Permanent Neow","Quick Restart","Relic Stats","StSLib","Unceasing Turn Reminder"],"gold_per_floor":[116,130,110,122,122,122,149,149,149,175,198,198,276,301,301,378,378,397,397,414,4,18,49,49,65,65,75,100,126,142,174,174,246,246,260,272,297,307,307,307,325,325,325,339,355,380,380,414,414,414,414,414],"floor_reached":51,"playtime":3079,"items_purged":["Strike_G"],"score":1745,"play_id":"adfb7a97-933e-4e60-8e0c-361d6195aa70","local_time":"20201228230715","is_ascension_mode":true,"campfire_choices":[{"data":"Bouncing Flask","floor":6.0,"key":"SMITH"},{"floor":8.0,"key":"REST"},{"floor":12.0,"key":"REST"},{"data":"Cloak And Dagger","floor":15.0,"key":"SMITH"},{"floor":24.0,"key":"DIG"},{"floor":32.0,"key":"REST"},{"floor":40.0,"key":"DIG"},{"floor":42.0,"key":"DIG"},{"floor":49.0,"key":"RECALL"}],"circlet_count":0,"master_deck":["AscendersBane","Strike_G","Strike_G","Strike_G","Defend_G","Defend_G","Defend_G","Defend_G","Defend_G","Survivor","Neutralize","After Image","Bouncing Flask+1","Blade Dance","Cloak And Dagger+1","Deflect","Dagger Throw","Finisher","PiercingWail+1","Malaise+1","Flying Knee+1","Blade Dance+1","Cloak And Dagger+1","Backflip+1","Tactician+1","Calculated Gamble+1","Backstab","Acrobatics+1","Burst+1","Corpse Explosion+1","Deflect+1","Backstab+1","Tactician+1","Blur+1","Noxious Fumes","Slice+1","Dark Shackles+1"],"relics":["Ring of the Snake","White Beast Statue","Regal Pillow","Oddly Smooth Stone","Odd Mushroom","Toxic Egg 2","Shovel","WristBlade","Omamori","Lee\u0027s Waffle","Bag of Preparation","Ornamental Fan","Red Mask","Turnip","Philosopher\u0027s Stone","Du-Vu Doll","MealTicket","Molten Egg 2","Gambling Chip","Dream Catcher","Frozen Egg 2"],"acts_visited":["Exordium","TheCity","TheBeyond"],"potions_floor_usage":[],"damage_taken":[{"damage":2.0,"enemies":"2 Louse","floor":1.0,"turns":4.0},{"damage":0.0,"enemies":"Cultist","floor":2.0,"turns":4.0},{"damage":0.0,"enemies":"Jaw Worm","floor":4.0,"turns":4.0},{"damage":7.0,"enemies":"Lagavulin","floor":7.0,"turns":6.0},{"damage":27.0,"enemies":"3 Sentries","floor":10.0,"turns":11.0},{"damage":7.0,"enemies":"The Mushroom Lair","floor":11.0,"turns":5.0},{"damage":0.0,"enemies":"Lagavulin","floor":14.0,"turns":5.0},{"damage":42.0,"enemies":"Hexaghost","floor":16.0,"turns":11.0},{"damage":3.0,"enemies":"Shell Parasite","floor":18.0,"turns":2.0},{"damage":2.0,"enemies":"3 Byrds","floor":20.0,"turns":5.0},{"damage":14.0,"enemies":"Centurion and Healer","floor":22.0,"turns":9.0},{"damage":0.0,"enemies":"Slavers","floor":23.0,"turns":3.0},{"damage":4.0,"enemies":"Snecko","floor":25.0,"turns":5.0},{"damage":0.0,"enemies":"Snake Plant","floor":27.0,"turns":4.0},{"damage":5.0,"enemies":"Masked Bandits","floor":28.0,"turns":4.0},{"damage":0.0,"enemies":"Book of Stabbing","floor":29.0,"turns":5.0},{"damage":0.0,"enemies":"Sentry and Sphere","floor":30.0,"turns":4.0},{"damage":24.0,"enemies":"Gremlin Leader","floor":31.0,"turns":5.0},{"damage":47.0,"enemies":"Collector","floor":33.0,"turns":12.0},{"damage":0.0,"enemies":"3 Darklings","floor":35.0,"turns":2.0},{"damage":0.0,"enemies":"3 Shapes","floor":36.0,"turns":4.0},{"damage":0.0,"enemies":"Mind Bloom Boss Battle","floor":37.0,"turns":6.0},{"damage":15.0,"enemies":"Maw","floor":38.0,"turns":7.0},{"damage":0.0,"enemies":"Writhing Mass","floor":41.0,"turns":5.0},{"damage":0.0,"enemies":"3 Darklings","floor":44.0,"turns":1.0},{"damage":0.0,"enemies":"Jaw Worm Horde","floor":45.0,"turns":1.0},{"damage":0.0,"enemies":"Nemesis","floor":46.0,"turns":1.0},{"damage":0.0,"enemies":"Giant Head","floor":48.0,"turns":4.0},{"damage":21.0,"enemies":"Awakened One","floor":50.0,"turns":16.0},{"damage":37,"enemies":"Donu and Deca","floor":51,"turns":7}],"seed_played":"7542095309598797457","potions_obtained":[{"floor":2.0,"key":"Swift Potion"},{"floor":3.0,"key":"SneckoOil"},{"floor":10.0,"key":"GamblersBrew"},{"floor":11.0,"key":"Dexterity Potion"},{"floor":14.0,"key":"CunningPotion"},{"floor":16.0,"key":"Dexterity Potion"},{"floor":18.0,"key":"Strength Potion"},{"floor":20.0,"key":"LiquidMemories"},{"floor":23.0,"key":"GhostInAJar"},{"floor":25.0,"key":"Fire Potion"},{"floor":27.0,"key":"Strength Potion"},{"floor":28.0,"key":"DistilledChaos"},{"floor":29.0,"key":"DuplicationPotion"},{"floor":30.0,"key":"Fruit Juice"},{"floor":31.0,"key":"Regen Potion"},{"floor":33.0,"key":"FearPotion"},{"floor":35.0,"key":"Dexterity Potion"},{"floor":36.0,"key":"DuplicationPotion"},{"floor":37.0,"key":"PowerPotion"},{"floor":41.0,"key":"AttackPotion"},{"floor":45.0,"key":"LiquidMemories"},{"floor":46.0,"key":"Fruit Juice"},{"floor":48.0,"key":"EntropicBrew"}],"is_trial":false,"path_per_floor":["M","M","?","M","?","R","E","R","T","E","?","R","T","E","R","B",null,"M","?","M","$","M","E","R","M","T","M","?","E","M","E","R","B",null,"M","M","?","M","?","R","M","R","T","M","M","E","?","E","R","B","B"],"character_chosen":"THE_SILENT","items_purchased":["Omamori","Lee\u0027s Waffle"],"campfire_rested":3,"item_purchase_floors":[21,21],"current_hp_per_floor":[42,42,42,42,35,35,28,47,47,20,13,47,47,47,47,5,51,48,42,40,73,59,59,59,55,55,55,50,50,55,31,69,35,67,67,67,67,52,52,52,52,52,52,52,52,57,57,57,57,36,0,0],"gold":414,"neow_bonus":"THREE_RARE_CARDS","is_daily":false,"chose_seed":false,"campfire_upgraded":2,"win_rate":0.0,"timestamp":1609222035,"path_taken":["M","M","?","?","?","R","E","R","T","E","?","R","?","E","R","BOSS","M","?","M","$","M","E","R","?","T","M","?","E","M","E","R","BOSS","M","M","?","M","?","R","M","R","T","M","M","E","?","E","R","BOSS","BOSS"],"items_purchased_type":["Relic","Relic"],"build_version":"2020-12-22","purchased_purges":1,"victory":false,"max_hp_per_floor":[66,66,66,66,66,66,66,66,66,66,66,66,66,66,66,66,66,66,66,66,73,73,73,73,73,73,73,73,73,78,78,78,78,78,78,78,78,78,74,74,74,74,74,74,74,79,79,79,79,79,79,79],"relic_stats":{"Regal Pillow":30,"Lee\u0027s Waffle":33,"Dream Catcher":0,"Shovel":3,"counters":[30,162],"Ornamental Fan":[372],"Gambling Chip":[31],"MealTicket":0,"Turnip":[15],"Bag of Preparation":[36],"obtain_stats":[{"Regal Pillow":9,"Lee\u0027s Waffle":21,"Oddly Smooth Stone":10,"Omamori":21,"Bag of Preparation":23,"Odd Mushroom":11,"Frozen Egg 2":48,"White Beast Statue":7,"Du-Vu Doll":37,"Dream Catcher":46,"Shovel":14,"WristBlade":17,"Ornamental Fan":24,"Gambling Chip":43,"Philosopher\u0027s Stone":34,"MealTicket":40,"Molten Egg 2":42,"Turnip":29,"Red Mask":28,"Toxic Egg 2":13,"Ring of the Snake":0},{"Regal Pillow":4,"Lee\u0027s Waffle":10,"Oddly Smooth Stone":5,"Omamori":10,"Bag of Preparation":12,"Odd Mushroom":6,"Frozen Egg 2":28,"White Beast Statue":4,"Du-Vu Doll":22,"Dream Catcher":27,"Shovel":7,"WristBlade":8,"Ornamental Fan":12,"Gambling Chip":24,"Philosopher\u0027s Stone":19,"MealTicket":23,"Molten Egg 2":24,"Turnip":16,"Red Mask":15,"Toxic Egg 2":6,"Ring of the Snake":0},{"Regal Pillow":18,"Lee\u0027s Waffle":57,"Oddly Smooth Stone":29,"Omamori":57,"Bag of Preparation":69,"Odd Mushroom":34,"Frozen Egg 2":139,"White Beast Statue":18,"Du-Vu Doll":120,"Dream Catcher":135,"Shovel":39,"WristBlade":50,"Ornamental Fan":69,"Gambling Chip":132,"Philosopher\u0027s Stone":108,"MealTicket":127,"Molten Egg 2":132,"Turnip":87,"Red Mask":82,"Toxic Egg 2":34,"Ring of the Snake":0}],"Ring of the Snake":[60]},"card_choices":[{"not_picked":["Malaise","Storm of Steel"],"picked":"After Image","floor":0.0},{"not_picked":["Quick Slash","Blur"],"picked":"Bouncing Flask","floor":1.0},{"not_picked":["PiercingWail","Cloak And Dagger"],"picked":"Blade Dance","floor":2.0},{"not_picked":["Reflex","Prepared"],"picked":"Cloak And Dagger","floor":4.0},{"not_picked":["Prepared","Underhanded Strike"],"picked":"Deflect","floor":7.0},{"not_picked":["Underhanded Strike","Flying Knee"],"picked":"Dagger Throw","floor":10.0},{"not_picked":["Acrobatics","Calculated Gamble"],"picked":"Finisher","floor":11.0},{"not_picked":["Dagger Spray","Blade Dance+1"],"picked":"PiercingWail+1","floor":14.0},{"not_picked":["Envenom","Phantasmal Killer+1"],"picked":"Malaise+1","floor":16.0},{"not_picked":["Poisoned Stab","Underhanded Strike"],"picked":"Flying Knee+1","floor":18.0},{"not_picked":["Sucker Punch","Slice"],"picked":"Blade Dance+1","floor":20.0},{"not_picked":["Quick Slash","Dodge and Roll+1"],"picked":"Cloak And Dagger+1","floor":22.0},{"not_picked":["Masterful Stab","Poisoned Stab+1"],"picked":"Backflip+1","floor":23.0},{"not_picked":["Deadly Poison+1","Deflect+1"],"picked":"Tactician+1","floor":25.0},{"not_picked":["Riddle With Holes","Outmaneuver+1","Dagger Spray"],"picked":"SKIP","floor":27.0},{"not_picked":["Skewer","Dagger Throw"],"picked":"Calculated Gamble+1","floor":28.0},{"not_picked":["Leg Sweep+1","Prepared+1"],"picked":"Backstab","floor":29.0},{"not_picked":["Venomology+1","Prepared+1"],"picked":"Acrobatics+1","floor":30.0},{"not_picked":["Dagger Throw","Bane"],"picked":"Burst+1","floor":31.0},{"not_picked":["Burst+1","Venomology+1"],"picked":"Corpse Explosion+1","floor":33.0},{"not_picked":["Choke+1","Bane+1"],"picked":"Deflect+1","floor":35.0},{"not_picked":["Skewer+1","Distraction+1","Quick Slash"],"picked":"SKIP","floor":36.0},{"not_picked":["Flying Knee+1","Catalyst+1"],"picked":"Backstab+1","floor":37.0},{"not_picked":["Quick Slash","Slice","Predator"],"picked":"SKIP","floor":38.0},{"not_picked":["Slice","Blade Dance+1"],"picked":"Tactician+1","floor":41.0},{"not_picked":["PiercingWail+1","Expertise+1"],"picked":"Blur+1","floor":44.0},{"not_picked":["Accuracy+1","Quick Slash+1"],"picked":"Noxious Fumes","floor":45.0},{"not_picked":["Dash+1","Riddle With Holes+1"],"picked":"Slice+1","floor":46.0},{"not_picked":["Blind+1","Metamorphosis+1"],"picked":"Dark Shackles+1","floor":47.0},{"not_picked":["Dodge and Roll+1","Crippling Poison+1","Flying Knee+1"],"picked":"SKIP","floor":48.0}],"player_experience":704217,"relics_obtained":[{"floor":7.0,"key":"White Beast Statue"},{"floor":9.0,"key":"Regal Pillow"},{"floor":10.0,"key":"Oddly Smooth Stone"},{"floor":11.0,"key":"Odd Mushroom"},{"floor":13.0,"key":"Toxic Egg 2"},{"floor":14.0,"key":"Shovel"},{"floor":23.0,"key":"Bag of Preparation"},{"floor":24.0,"key":"Ornamental Fan"},{"floor":28.0,"key":"Red Mask"},{"floor":29.0,"key":"Turnip"},{"floor":37.0,"key":"Du-Vu Doll"},{"floor":40.0,"key":"MealTicket"},{"floor":42.0,"key":"Molten Egg 2"},{"floor":43.0,"key":"Gambling Chip"},{"floor":46.0,"key":"Dream Catcher"},{"floor":48.0,"key":"Frozen Egg 2"}],"event_choices":[{"damage_healed":0.0,"max_hp_gain":0.0,"max_hp_loss":0.0,"gold_gain":0.0,"event_name":"The Woman in Blue","player_choice":"Bought 1 Potion","floor":3.0,"gold_loss":0.0,"damage_taken":0.0},{"cards_removed":["Strike_G"],"damage_healed":0.0,"max_hp_gain":0.0,"max_hp_loss":0.0,"gold_gain":0.0,"event_name":"Golden Wing","player_choice":"Card Removal","floor":5.0,"gold_loss":0.0,"damage_taken":7.0},{"damage_healed":0.0,"max_hp_gain":0.0,"max_hp_loss":0.0,"gold_gain":0.0,"event_name":"Mushrooms","player_choice":"Fought Mushrooms","floor":11.0,"gold_loss":0.0,"damage_taken":0.0},{"damage_healed":0.0,"max_hp_gain":0.0,"max_hp_loss":0.0,"gold_gain":0.0,"event_name":"Knowing Skull","player_choice":"","floor":19.0,"potions_obtained":[],"gold_loss":0.0,"damage_taken":6.0,"cards_obtained":[]},{"damage_healed":0.0,"max_hp_gain":0.0,"max_hp_loss":0.0,"gold_gain":0.0,"event_name":"Masked Bandits","player_choice":"Fought Bandits","floor":28.0,"gold_loss":0.0,"damage_taken":0.0},{"damage_healed":0.0,"max_hp_gain":0.0,"max_hp_loss":0.0,"gold_gain":0.0,"event_name":"MindBloom","player_choice":"Fight","floor":37.0,"gold_loss":0.0,"damage_taken":0.0},{"damage_healed":0.0,"max_hp_gain":0.0,"max_hp_loss":4.0,"gold_gain":0.0,"event_name":"Winding Halls","player_choice":"Max HP","floor":39.0,"gold_loss":0.0,"damage_taken":0.0},{"damage_healed":0.0,"max_hp_gain":0.0,"max_hp_loss":0.0,"gold_gain":0.0,"event_name":"SensoryStone","player_choice":"Memory 1","floor":47.0,"gold_loss":0.0,"damage_taken":0.0}],"is_beta":false,"boss_relics":[{"not_picked":["SacredBark","Ectoplasm"],"picked":"WristBlade"},{"not_picked":["Empty Cage","Runic Dome"],"picked":"Philosopher\u0027s Stone"}],"items_purged_floors":[21],"is_endless":false,"potions_floor_spawned":[2,10,11,14,16,18,20,22,23,25,27,28,29,30,31,33,35,36,37,38,41,44,45,46,48],"killed_by":"Donu and Deca","ascension_level":20}}