{"host":"mwqnlghgfp5mgeui","time":1609264859,"event":{"mods":["2.2 Compatiblity","BaseMod","DeckTracker","Highlight Path","Minty Spire (QoL Compilation)","SuperFastMode","everything is the same but u backflip on backflip"],"gold_per_floor":[117,136,136,113,128,128,162,162,162,179,193,8,26,41,41,140,140,159,174,194,51,150,150,150],"floor_reached":23,"playtime":479,"items_purged":["Strike_B"],"score":245,"play_id":"37b5f753-413e-42c6-a438-c5976cee9ca4","local_time":"20201230030059","is_ascension_mode":false,"campfire_choices":[{"data":"Auto Shields","floor":6,"key":"SMITH"},{"floor":8,"key":"REST"},{"floor":15,"key":"REST"}],"circlet_count":0,"master_deck":["Strike_B","Strike_B","Strike_B","Defend_B","Defend_B","Defend_B","Zap","Dualcast","Rebound","Leap","Conserve Battery","Auto Shields+1","Ball Lightning+1","Streamline+1","Capacitor","Dramatic Entrance+1","Beam Cell+1","Scrape+1","Sweeping Beam+1","Gash+1","Hyperbeam+1","Glacier","Gash+1","Sunder+1","Self Repair"],"relics":["Cracked Core","NeowsBlessing","Molten Egg 2","Darkstone Periapt","SlaversCollar"],"acts_visited":["Exordium","TheCity"],"potions_floor_usage":[23],"damage_taken":[{"damage":0,"enemies":"Cultist","floor":1,"turns":1},{"damage":0,"enemies":"Jaw Worm","floor":2,"turns":1},{"damage":0,"enemies":"2 Louse","floor":5,"turns":1},{"damage":33,"enemies":"3 Sentries","floor":7,"turns":9},{"damage":0,"enemies":"Blue Slaver","floor":10,"turns":3},{"damage":3,"enemies":"Red Slaver","floor":11,"turns":3},{"damage":2,"enemies":"Large Slime","floor":13,"turns":4},{"damage":0,"enemies":"Blue Slaver","floor":14,"turns":2},{"damage":0,"enemies":"Slime Boss","floor":16,"turns":6},{"damage":13,"enemies":"Shell Parasite","floor":18,"turns":4},{"damage":10,"enemies":"Chosen","floor":19,"turns":4},{"damage":48,"enemies":"Snake Plant","floor":20,"turns":5},{"damage":6,"enemies":"Book of Stabbing","floor":23,"turns":2}],"seed_played":"-4405548959440655678","potions_obtained":[{"floor":5,"key":"SteroidPotion"},{"floor":10,"key":"AttackPotion"},{"floor":13,"key":"AttackPotion"}],"is_trial":false,"path_per_floor":["M","M","?","$","M","R","E","R","T","M","M","$","M","M","R","B",null,"M","M","M","$","?","E"],"character_chosen":"DEFECT","items_purchased":["Conserve Battery","Dramatic Entrance+1","Beam Cell+1","Scrape+1","Self Repair"],"campfire_rested":2,"item_purchase_floors":[4,12,12,12,21],"current_hp_per_floor":[75,75,75,75,75,75,42,64,64,64,61,61,59,59,75,75,75,62,52,4,4,4,0,0],"gold":150,"neow_bonus":"THREE_ENEMY_KILL","is_daily":false,"chose_seed":false,"campfire_upgraded":1,"win_rate":0.0,"timestamp":1609264859,"path_taken":["M","?","?","?","?","R","E","R","T","M","M","$","M","M","R","BOSS","M","M","M","$","?","E"],"items_purchased_type":["Card","Card","Card","Card","Card"],"build_version":"2020-12-22","purchased_purges":1,"victory":false,"max_hp_per_floor":[75,75,75,75,75,75,75,75,75,75,75,75,75,75,75,75,75,75,75,75,75,75,75,75],"card_choices":[{"not_picked":["Coolheaded","Redo"],"picked":"Rebound","floor":1},{"not_picked":["Scrape","Go for the Eyes"],"picked":"Leap","floor":2},{"not_picked":["Gash","Biased Cognition"],"picked":"Auto Shields","floor":5},{"not_picked":["Turbo","Beam Cell+1"],"picked":"Ball Lightning+1","floor":7},{"not_picked":["White Noise","Recycle"],"picked":"Streamline+1","floor":10},{"not_picked":["Cold Snap+1","Sweeping Beam+1"],"picked":"Capacitor","floor":11},{"not_picked":["Chaos","Steam Power"],"picked":"Sweeping Beam+1","floor":13},{"not_picked":["Auto Shields","Leap"],"picked":"Gash+1","floor":14},{"not_picked":["Electrodynamics","Creative AI"],"picked":"Hyperbeam+1","floor":16},{"not_picked":["Consume","Coolheaded"],"picked":"Glacier","floor":18},{"not_picked":["Steam Power","Skim"],"picked":"Gash+1","floor":19},{"not_picked":["Chaos","Cold Snap+1"],"picked":"Sunder+1","floor":20}],"player_experience":135191,"relics_obtained":[{"floor":7,"key":"Molten Egg 2"},{"floor":9,"key":"Darkstone Periapt"}],"event_choices":[{"cards_removed":["Defend_B"],"damage_healed":0,"gold_gain":0,"player_choice":"Purged","damage_taken":0,"max_hp_gain":0,"max_hp_loss":0,"event_name":"Purifier","floor":3,"gold_loss":0},{"damage_healed":0,"gold_gain":99,"player_choice":"Stole From Cult","damage_taken":0,"max_hp_gain":0,"max_hp_loss":0,"event_name":"Nest","floor":22,"gold_loss":0}],"is_beta":false,"boss_relics":[{"not_picked":["Ectoplasm","Cursed Key"],"picked":"SlaversCollar"}],"items_purged_floors":[21],"is_endless":false,"potions_floor_spawned":[5,10,13,18,19],"killed_by":"Book of Stabbing","ascension_level":0}}