{"host":"FirstDane","time":1609210891,"event":{"mods":["BaseMod","Bestiary","Highlight Path","Minty Spire (QoL Compilation)","Relic Stats","Slay the Relics Exporter"],"gold_per_floor":[366,384,384,398,6,6,26,26,52,52,87,100,127,139,139,214,214,214,214,48,48,48,48,48,48,48,48,48,48,48,48,48,48,48,48,48,48,48,48,48,48,48,48,48,48,48,48,48,48,48,48,48,48,48,48,48],"floor_reached":55,"playtime":9935,"items_purged":["Defend_R"],"score":2296,"play_id":"f54db1f1-d96a-4161-ba68-d3e273fe3b88","local_time":"20201228210131","is_ascension_mode":true,"campfire_choices":[{"data":"Inflame","floor":6,"key":"SMITH"},{"data":"Uppercut","floor":8,"key":"SMITH"},{"data":"Pommel Strike","floor":10,"key":"SMITH"},{"data":"Armaments","floor":15,"key":"SMITH"},{"data":"Barricade","floor":25,"key":"SMITH"},{"data":"Dark Embrace","floor":28,"key":"SMITH"},{"data":"Impervious","floor":32,"key":"SMITH"},{"floor":41,"key":"RECALL"},{"data":"Juggernaut","floor":47,"key":"SMITH"},{"data":"Impervious","floor":49,"key":"SMITH"},{"data":"True Grit","floor":53,"key":"SMITH"}],"circlet_count":0,"master_deck":["AscendersBane","Strike_R","Strike_R","Defend_R+1","Defend_R+1","Defend_R","Bash","Anger","Pommel Strike+1","Inflame+1","Twin Strike","Impervious+1","Impervious+1","True Grit+1","Dark Embrace+1","Battle Trance","Uppercut+1","Barricade+1","Burning Pact","Armaments+1","Feed","Entrench+1","Shrug It Off","Ghostly Armor","Juggernaut+1","Demon Form+1","Infernal Blade+1","Pommel Strike+1","Headbutt"],"relics":["Burning Blood","Orrery","MealTicket","Lantern","Gambling Chip","Ectoplasm","Frozen Eye","War Paint","Paper Frog","Red Skull","Tiny Chest","White Beast Statue","Astrolabe","Incense Burner","PreservedInsect","Mercury Hourglass","Boot","Dream Catcher"],"acts_visited":["Exordium","TheCity","TheBeyond","TheEnding"],"potions_floor_usage":[11,13,16,23,23,31,36,40,55,55],"damage_taken":[{"damage":4,"enemies":"Jaw Worm","floor":1,"turns":5},{"damage":2,"enemies":"Cultist","floor":2,"turns":4},{"damage":7,"enemies":"2 Louse","floor":4,"turns":3},{"damage":3,"enemies":"Blue Slaver","floor":7,"turns":4},{"damage":23,"enemies":"3 Sentries","floor":11,"turns":9},{"damage":8,"enemies":"Exordium Thugs","floor":12,"turns":4},{"damage":11,"enemies":"Gremlin Nob","floor":13,"turns":3},{"damage":0,"enemies":"3 Louse","floor":14,"turns":4},{"damage":0,"enemies":"Hexaghost","floor":16,"turns":9},{"damage":0,"enemies":"Chosen","floor":18,"turns":5},{"damage":0,"enemies":"Spheric Guardian","floor":19,"turns":8},{"damage":47,"enemies":"Slavers","floor":23,"turns":10},{"damage":0,"enemies":"Cultist and Chosen","floor":24,"turns":9},{"damage":0,"enemies":"Book of Stabbing","floor":27,"turns":8},{"damage":3,"enemies":"Gremlin Leader","floor":31,"turns":15},{"damage":0,"enemies":"Champ","floor":33,"turns":25},{"damage":0,"enemies":"Orb Walker","floor":35,"turns":2},{"damage":36,"enemies":"Mind Bloom Boss Battle","floor":36,"turns":10},{"damage":30,"enemies":"3 Darklings","floor":38,"turns":10},{"damage":4,"enemies":"Nemesis","floor":40,"turns":12},{"damage":2,"enemies":"Reptomancer","floor":42,"turns":9},{"damage":0,"enemies":"Maw","floor":44,"turns":11},{"damage":15,"enemies":"4 Shapes","floor":45,"turns":10},{"damage":0,"enemies":"Giant Head","floor":46,"turns":7},{"damage":3,"enemies":"Sphere and 2 Shapes","floor":48,"turns":12},{"damage":7,"enemies":"Donu and Deca","floor":50,"turns":17},{"damage":22,"enemies":"Awakened One","floor":51,"turns":48},{"damage":128,"enemies":"Shield and Spear","floor":55,"turns":11}],"seed_played":"1807810679566096996","potions_obtained":[{"floor":2,"key":"Weak Potion"},{"floor":4,"key":"Block Potion"},{"floor":11,"key":"Ancient Potion"},{"floor":13,"key":"DuplicationPotion"},{"floor":14,"key":"PowerPotion"},{"floor":18,"key":"Weak Potion"},{"floor":24,"key":"BloodPotion"},{"floor":27,"key":"ElixirPotion"},{"floor":33,"key":"SteroidPotion"},{"floor":36,"key":"DistilledChaos"},{"floor":40,"key":"Swift Potion"},{"floor":42,"key":"SpeedPotion"},{"floor":48,"key":"PowerPotion"}],"is_trial":false,"path_per_floor":["M","M","?","M","$","R","M","R","T","R","E","M","E","M","R","B",null,"M","M","$","T","$","E","M","R","T","E","R","?","?","E","R","B",null,"M","?","$","M","T","E","R","E","T","M","M","E","R","M","R","B","B",null,"R","$","E"],"character_chosen":"IRONCLAD","items_purchased":["Orrery","Dark Embrace","Battle Trance","Frozen Eye"],"campfire_rested":0,"item_purchase_floors":[5,5,5,20],"current_hp_per_floor":[68,68,68,67,67,67,68,68,68,68,51,49,44,50,50,56,65,71,75,75,75,75,34,44,44,44,54,54,54,54,61,61,71,86,94,86,97,76,76,78,78,86,86,96,90,100,100,107,107,110,97,119,119,126,0,0],"gold":48,"neow_bonus":"TWO_FIFTY_GOLD","is_daily":false,"chose_seed":false,"campfire_upgraded":10,"win_rate":0.0,"timestamp":1609210891,"path_taken":["M","M","?","M","$","R","M","R","T","R","E","M","E","M","R","BOSS","M","M","?","?","?","E","?","R","T","E","R","?","?","E","R","BOSS","M","?","$","M","?","E","R","E","T","M","M","E","R","M","R","BOSS","BOSS","R","$","E"],"items_purchased_type":["Relic","Card","Card","Relic"],"build_version":"2020-12-18","purchased_purges":1,"victory":false,"max_hp_per_floor":[68,68,68,68,68,68,68,68,68,68,68,68,68,68,68,68,68,71,75,75,75,75,75,79,79,79,83,83,83,83,87,87,91,91,94,97,97,100,100,100,100,104,104,108,111,115,115,119,119,123,126,126,126,126,126,126],"relic_stats":{"counters":[28,284],"Astrolabe":["Demon Form","Infernal Blade","Pommel Strike"],"PreservedInsect":267,"War Paint":["Defend_R","Defend_R"],"Boot":[6],"Burning Blood":144,"Mercury Hourglass":[372],"Dream Catcher":0,"Gambling Chip":[61],"MealTicket":18,"Tiny Chest":1,"Ectoplasm":538,"obtain_stats":[{"Lantern":11,"Astrolabe":34,"PreservedInsect":40,"Incense Burner":36,"War Paint":21,"Boot":43,"Burning Blood":0,"White Beast Statue":31,"Mercury Hourglass":42,"Frozen Eye":20,"Dream Catcher":46,"Gambling Chip":13,"Orrery":5,"MealTicket":9,"Tiny Chest":27,"Ectoplasm":17,"Red Skull":26,"Paper Frog":23},{"Lantern":5,"Astrolabe":16,"PreservedInsect":20,"Incense Burner":18,"War Paint":11,"Boot":21,"Burning Blood":0,"White Beast Statue":15,"Mercury Hourglass":21,"Frozen Eye":11,"Dream Catcher":24,"Gambling Chip":7,"Orrery":3,"MealTicket":4,"Tiny Chest":14,"Ectoplasm":9,"Red Skull":13,"Paper Frog":12},{"Lantern":25,"Astrolabe":125,"PreservedInsect":159,"Incense Burner":137,"War Paint":58,"Boot":168,"Burning Blood":0,"White Beast Statue":100,"Mercury Hourglass":168,"Frozen Eye":58,"Dream Catcher":196,"Gambling Chip":32,"Orrery":12,"MealTicket":16,"Tiny Chest":85,"Ectoplasm":45,"Red Skull":77,"Paper Frog":68}]},"card_choices":[{"not_picked":["Wild Strike","Dropkick"],"picked":"Anger","floor":1},{"not_picked":["Body Slam","Shrug It Off"],"picked":"Pommel Strike","floor":2},{"not_picked":["Battle Trance","Second Wind"],"picked":"Twin Strike","floor":4},{"not_picked":["Twin Strike","True Grit"],"picked":"Impervious","floor":5},{"not_picked":["Cleave","Combust"],"picked":"Impervious","floor":5},{"not_picked":["Blood for Blood","Dual Wield"],"picked":"True Grit","floor":5},{"not_picked":["Hemokinesis","Heavy Blade"],"picked":"Uppercut","floor":7},{"not_picked":["Dropkick","Reckless Charge"],"picked":"Barricade","floor":11},{"not_picked":["Warcry","Clothesline"],"picked":"Burning Pact","floor":12},{"not_picked":["Twin Strike","Heavy Blade"],"picked":"Armaments","floor":13},{"not_picked":["Pummel","Rage","Combust"],"picked":"SKIP","floor":14},{"not_picked":["Exhume","Brutality"],"picked":"Feed","floor":16},{"not_picked":["Whirlwind","Metallicize"],"picked":"Entrench+1","floor":18},{"not_picked":["Reckless Charge","Headbutt"],"picked":"Shrug It Off","floor":19},{"not_picked":["Pommel Strike","Bloodletting","Cleave"],"picked":"SKIP","floor":23},{"not_picked":["Sentinel","Combust"],"picked":"Ghostly Armor","floor":24},{"not_picked":["True Grit","Sever Soul","Twin Strike"],"picked":"SKIP","floor":27},{"not_picked":["Dual Wield","Infernal Blade","Armaments"],"picked":"SKIP","floor":31},{"not_picked":["Fiend Fire","Exhume"],"picked":"Juggernaut","floor":33},{"not_picked":["Twin Strike","Cleave","Sword Boomerang"],"picked":"SKIP","floor":35},{"not_picked":["Havoc","Dropkick","Anger"],"picked":"SKIP","floor":38},{"not_picked":["Evolve","Havoc"],"picked":"Headbutt","floor":40},{"not_picked":["Bludgeon","Havoc","Intimidate"],"picked":"SKIP","floor":42},{"not_picked":["Twin Strike+1","Clothesline","Wild Strike"],"picked":"SKIP","floor":44},{"not_picked":["Thunderclap","Cleave","Warcry+1"],"picked":"SKIP","floor":45},{"not_picked":["Clothesline","Second Wind","Armaments"],"picked":"SKIP","floor":46},{"not_picked":["Spot Weakness","True Grit","Rampage"],"picked":"SKIP","floor":48}],"player_experience":3794514,"relics_obtained":[{"floor":9,"key":"MealTicket"},{"floor":11,"key":"Lantern"},{"floor":13,"key":"Gambling Chip"},{"floor":21,"key":"War Paint"},{"floor":23,"key":"Paper Frog"},{"floor":26,"key":"Red Skull"},{"floor":27,"key":"Tiny Chest"},{"floor":31,"key":"White Beast Statue"},{"floor":36,"key":"Incense Burner"},{"floor":40,"key":"PreservedInsect"},{"floor":42,"key":"Mercury Hourglass"},{"floor":43,"key":"Boot"},{"floor":46,"key":"Dream Catcher"}],"event_choices":[{"damage_healed":0,"gold_gain":0,"player_choice":"1 cards matched","damage_taken":0,"max_hp_gain":0,"max_hp_loss":0,"event_name":"Match and Keep!","floor":3,"gold_loss":0,"cards_obtained":["Inflame"]},{"damage_healed":0,"gold_gain":0,"player_choice":"Ignored","damage_taken":0,"max_hp_gain":0,"max_hp_loss":0,"event_name":"Ghosts","floor":29,"gold_loss":0},{"damage_healed":0,"gold_gain":0,"player_choice":"Ignored","damage_taken":0,"max_hp_gain":0,"max_hp_loss":0,"event_name":"Cursed Tome","floor":30,"gold_loss":0},{"damage_healed":0,"gold_gain":0,"player_choice":"Fight","damage_taken":0,"max_hp_gain":0,"max_hp_loss":0,"event_name":"MindBloom","floor":36,"gold_loss":0}],"is_beta":true,"boss_relics":[{"not_picked":["Busted Crown","Sozu"],"picked":"Ectoplasm"},{"not_picked":["SlaversCollar","Pandora\u0027s Box"],"picked":"Astrolabe"}],"items_purged_floors":[5],"is_endless":false,"potions_floor_spawned":[2,4,11,13,14,18,24,27,33,35,36,38,40,42,44,45,46,48],"killed_by":"Shield and Spear","ascension_level":20}}