{"host":"ao2emmq53bfl466s","time":1609204883,"event":{"mods":["Act Like it!","Arknights The Spire","Art Attack!","Bard","BaseMod","Bestiary","Better Note","Better Sensory Stone","Block Reminder","ChefMod","Colored Map","Elementarium","Infinite Spire","Jedi Mod","JesterMod","Jorbs\u0027s Wanderer Trilogy","Minty Spire (QoL Compilation)","Pale of the Ancients","QueenMod","Rare Cards Sparkle","Robot Space Explorer","Spicy Shops","StSLib","The Construct","The Dragon Tamer","The Gatherer","The Judge","The Poker Player","The Showman","The Spell Scribe","TheFirefly","Wandering Minibosses","thorton"],"gold_per_floor":[112,129,146,156,60,77,77,93,117,152,167,199,218,218,218,322,322,342,342,354,373,385,385,416,431,731,731,731,744,744,771,771,875,875,891,422,433,433,478,510,522,534,571,598,621,633,659,721,733,745,775,804,816,210,210,224,224,224,224,224],"floor_reached":61,"playtime":4222,"items_purged":["ats:Strike C","ats:Strike V"],"score":1359,"play_id":"cc4607bb-f5c0-4100-a686-4fcb418bc3b9","local_time":"20201228192123","is_ascension_mode":false,"campfire_choices":[{"data":"ats:Healing Strengthening","floor":7,"key":"SMITH"},{"data":"ats:Healing Strengthening","floor":14,"key":"SMITH"},{"data":"ats:Soul Rend","floor":15,"key":"SMITH"},{"data":"ats:Blood Oath","floor":23,"key":"SMITH"},{"data":"ats:Demon Strength","floor":27,"key":"SMITH"},{"data":"ats:Counter Healing Mode","floor":32,"key":"SMITH"},{"data":"infinitespire:Collect","floor":41,"key":"SMITH"},{"data":"ats:Ambush","floor":46,"key":"SMITH"},{"data":"ats:Healing Strengthening","floor":49,"key":"SMITH"},{"data":"ats:Thorns","floor":55,"key":"SMITH"},{"data":"ats:Thorns","floor":57,"key":"SMITH"}],"circlet_count":0,"master_deck":["ats:Strike G","ats:Strike S","ats:Armor Crushing Shot","ats:Defend","ats:Defend","ats:Defend","ats:Defend","ats:Emotion Absorption","ats:Wolf Pack","ats:Neurotoxin","ats:Thorns+1","ats:Childhood Dance","ats:Healing Strengthening+1","ats:Blood Oath+1","ats:Blood Oath","ats:Soul Rend+1","ats:Counter Healing Mode+1","ats:Curse Doll","ats:Healing Strengthening+1","ats:Explosion Area Strengthen","ats:Wolf Pack","ats:Poison Spread","ats:Demon Strength+1","ats:Hook Shot+1","ats:Charging Defense","ats:True Silver Slash","ats:Assault Order+1","ats:Consecutive Shot Auto","ats:Calcification","ats:Powerful Strike+1","infinitespire:Collect+1","ats:Sword Rain+1","ats:Healing Strengthening+1","ats:Ambush+1","ats:Shell Defense+1","ats:Mental Burst","ats:Very Hot Blade+1","ats:Composite Medical Shells+1","ats:Magnetic Hammer+1","Panache","ats:Thorns+1"],"relics":["ats:Sanity","Blood Vial","ats:Originium","jedi:arcanewood","ats:Originium","PreservedInsect","Black Star","ats:Originium","MealTicket","infinitespire:PuzzleCube","Old Coin","Enchiridion","ats:Special","Philosopher\u0027s Stone","Bag of Preparation","Thread and Needle","SlaversCollar","ats:Industrial Water Cannon","Strange Spoon","Incense Burner","construct:RocketBooster","MawBank","jedi:shrinkray","Vajra","infinitespire:Beetle Shell","Prayer Wheel","paleoftheancients:Timepiece","paleoftheancients:SoulOfTheShowman","Ginger","Happy Flower","wanderingMiniBosses:OtherGremlinHorn"],"acts_visited":["Exordium","TheCity","TheBeyond","TheBeyond"],"potions_floor_usage":[10,11,22,22,31,51,52,56,60],"damage_taken":[{"damage":2,"enemies":"Cultist","floor":1,"turns":5},{"damage":10,"enemies":"2 Louse","floor":2,"turns":5},{"damage":2,"enemies":"Jaw Worm","floor":3,"turns":7},{"damage":10,"enemies":"Large Slime","floor":4,"turns":11},{"damage":4,"enemies":"Exordium Wildlife","floor":6,"turns":5},{"damage":28,"enemies":"2 Fungi Beasts","floor":8,"turns":7},{"damage":31,"enemies":"3 Sentries","floor":10,"turns":7},{"damage":57,"enemies":"3 Louse","floor":11,"turns":6},{"damage":56,"enemies":"Lagavulin","floor":12,"turns":8},{"damage":11,"enemies":"Red Slaver","floor":13,"turns":4},{"damage":78,"enemies":"Hexaghost","floor":16,"turns":11},{"damage":17,"enemies":"Chosen","floor":18,"turns":6},{"damage":50,"enemies":"Spheric Guardian","floor":20,"turns":7},{"damage":26,"enemies":"Snake Plant","floor":21,"turns":4},{"damage":30,"enemies":"3 Cultists","floor":22,"turns":6},{"damage":48,"enemies":"Gremlin Leader","floor":24,"turns":11},{"damage":60,"enemies":"Centurion and Healer","floor":25,"turns":9},{"damage":68,"enemies":"Chosen and Byrds","floor":29,"turns":9},{"damage":17,"enemies":"Book of Stabbing","floor":31,"turns":5},{"damage":46,"enemies":"Champ","floor":33,"turns":12},{"damage":60,"enemies":"3 Shapes","floor":35,"turns":7},{"damage":56,"enemies":"3 Darklings","floor":37,"turns":6},{"damage":88,"enemies":"2 Orb Walkers","floor":39,"turns":8},{"damage":13,"enemies":"Reptomancer","floor":40,"turns":5},{"damage":17,"enemies":"Writhing Mass","floor":44,"turns":5},{"damage":36,"enemies":"Maw","floor":45,"turns":8},{"damage":27,"enemies":"Transient","floor":47,"turns":5},{"damage":10,"enemies":"Mind Bloom Boss Battle","floor":48,"turns":8},{"damage":34,"enemies":"Awakened One","floor":50,"turns":14},{"damage":23,"enemies":"Awakened One","floor":51,"turns":12},{"damage":142,"enemies":"Awakened One","floor":52,"turns":10},{"damage":46,"enemies":"Awakened One","floor":56,"turns":11},{"damage":32,"enemies":"paleoftheancients:N","floor":60,"turns":13}],"seed_played":"144759583102941101","potions_obtained":[{"floor":1,"key":"Ancient Potion"},{"floor":3,"key":"Explosive Potion"},{"floor":8,"key":"Fire Potion"},{"floor":11,"key":"Block Potion"},{"floor":16,"key":"AttackPotion"},{"floor":25,"key":"DuplicationPotion"},{"floor":29,"key":"GamblersBrew"},{"floor":33,"key":"Block Potion"},{"floor":39,"key":"AttackPotion"},{"floor":51,"key":"ColorlessPotion"}],"is_trial":false,"path_per_floor":["M","M","M","M","$","M","R","M","T","E","M","E","M","R","R","B",null,"M","?","M","M","M","R","E","M","T","R","?","M","AVR","E","R","B",null,"M","$","M","AVR","?","E","R","T","T","M","M","R","M","?","R","B","M","M","?","$","R","M","R","T","?","B",null],"character_chosen":"DOCTOR_CLASS","items_purchased":["ats:Blood Oath","ats:Industrial Water Cannon","Strange Spoon","Panache","Ginger","Happy Flower"],"campfire_rested":0,"item_purchase_floors":[5,36,36,54,54,54],"current_hp_per_floor":[70,60,58,48,48,59,59,54,54,70,42,47,62,62,62,70,72,60,60,36,35,22,22,52,42,42,42,26,40,40,56,56,63,72,71,72,62,62,65,72,72,72,72,72,61,61,72,72,72,72,72,72,72,72,72,69,69,69,69,72],"gold":224,"neow_bonus":"ONE_RANDOM_RARE_CARD","is_daily":false,"chose_seed":false,"campfire_upgraded":11,"win_rate":0.0,"timestamp":1609204883,"path_taken":["M","M","M","?","?","M","R","M","T","E","M","E","?","?","R","BOSS","M","?","M","M","M","R","E","M","T","R","?","M","AVR","E","R","BOSS","M","$","M","AVR","?","E","R","?","T","M","M","R","M","?","R","BOSS","M","M","?","$","R","M","R","T","?","BOSS"],"items_purchased_type":["Card","Relic","Relic","Card","Relic","Relic"],"build_version":"2020-12-22","purchased_purges":2,"victory":true,"max_hp_per_floor":[72,72,72,72,72,72,72,72,72,72,72,72,72,72,72,72,72,72,72,72,72,72,72,72,72,72,72,72,72,72,72,72,72,72,72,72,72,72,72,72,72,72,72,72,72,72,72,72,72,72,72,72,72,72,72,72,72,72,72,72],"card_choices":[{"not_picked":["ats:Leaping Hammer","ats:Poison Spread"],"picked":"ats:Neurotoxin","floor":1},{"not_picked":["ats:Childhood Dance","ats:Leaping Hammer"],"picked":"ats:Thorns","floor":2},{"not_picked":["ats:Ignite","ats:Curse Doll"],"picked":"ats:Childhood Dance","floor":3},{"not_picked":["ats:Assault Order","ats:Spore Proliferation"],"picked":"ats:Healing Strengthening","floor":4},{"not_picked":["ats:Beaten Up","ats:Cat Scratch"],"picked":"ats:Blood Oath","floor":6},{"not_picked":["ats:Very Hot Blade","ats:Healing Strengthening"],"picked":"ats:Soul Rend","floor":8},{"not_picked":["ats:Ambush","ats:Ignite"],"picked":"ats:Counter Healing Mode","floor":10},{"not_picked":["ats:Part Time Job","ats:Childhood Dance"],"picked":"ats:Curse Doll","floor":11},{"not_picked":["ats:Rapid Magazine","ats:Ignite"],"picked":"ats:Healing Strengthening","floor":12},{"not_picked":["ats:Childhood Dance","ats:Flexible Camouflage"],"picked":"ats:Explosion Area Strengthen","floor":13},{"not_picked":["ats:Volcano","ats:Dogmatic Field"],"picked":"ats:Wolf Pack","floor":16},{"not_picked":["ats:Curse Doll","ats:Ignite+1"],"picked":"ats:Poison Spread","floor":18},{"not_picked":["ats:Leaping Hammer+1","ats:Ignite"],"picked":"ats:Demon Strength","floor":20},{"not_picked":["ats:Hammer On+1","ats:Sunburst+1"],"picked":"ats:Hook Shot","floor":21},{"not_picked":["ats:Flexible Camouflage","ats:Ignite","ats:Poison Spread"],"picked":"SKIP","floor":22},{"not_picked":["ats:Childhood Dance","ats:Healing Drone"],"picked":"ats:Charging Defense","floor":24},{"not_picked":["ats:Explosion Area Strengthen","ats:Cat Scratch+1"],"picked":"ats:True Silver Slash","floor":25},{"not_picked":["ats:Childhood Dance+1","ats:Thermite Blade+1"],"picked":"ats:Assault Order+1","floor":29},{"not_picked":["ats:Cat Scratch","ats:Hammer On"],"picked":"ats:Consecutive Shot Auto","floor":31},{"not_picked":["ats:Soul Rend","ats:Roar Of Ursus"],"picked":"ats:Calcification","floor":33},{"not_picked":["ats:Revitalization+1","ats:Sunburst","ats:Leaping Hammer"],"picked":"SKIP","floor":35},{"not_picked":["ats:Childhood Dance+1","ats:Explosion Area Strengthen"],"picked":"ats:Powerful Strike+1","floor":37},{"not_picked":["ats:Curse Doll+1","ats:Collapsing Strike+1"],"picked":"ats:Sword Rain+1","floor":39},{"not_picked":["ats:Powerful Strike","ats:Consecutive Shot Auto+1","ats:Hammer On"],"picked":"SKIP","floor":40},{"not_picked":["ats:Burning Ground+1","ats:Assault Order"],"picked":"ats:Healing Strengthening","floor":44},{"not_picked":["ats:Apocalypse","ats:Assault Order+1"],"picked":"ats:Ambush","floor":45},{"not_picked":["ats:Assault Order+1","ats:Explosion Area Strengthen+1"],"picked":"ats:Shell Defense+1","floor":47},{"not_picked":["ats:Hammer On","ats:Directed Diagnosis"],"picked":"ats:Mental Burst","floor":48},{"not_picked":["ats:Assault Order+1","ats:Hammer On"],"picked":"ats:Very Hot Blade+1","floor":51},{"not_picked":["ats:Song Of Battle","ats:Burning Ground"],"picked":"ats:Composite Medical Shells+1","floor":51},{"not_picked":["ats:Flexible Camouflage+1","ats:Overload+1"],"picked":"ats:Magnetic Hammer+1","floor":52},{"not_picked":["ats:Assault Order+1","ats:Automatic Cover","ats:Very Hot Blade"],"picked":"SKIP","floor":52},{"not_picked":["ats:Very Hot Blade","ats:Shell Defense+1"],"picked":"ats:Thorns","floor":56},{"not_picked":["ats:Ignite","ats:Very Hot Blade","ats:Automatic Cover+1"],"picked":"SKIP","floor":56}],"player_experience":757550,"relics_obtained":[{"floor":9,"key":"Blood Vial"},{"floor":10,"key":"ats:Originium"},{"floor":10,"key":"jedi:arcanewood"},{"floor":12,"key":"ats:Originium"},{"floor":12,"key":"PreservedInsect"},{"floor":24,"key":"ats:Originium"},{"floor":24,"key":"MealTicket"},{"floor":24,"key":"infinitespire:PuzzleCube"},{"floor":26,"key":"Old Coin"},{"floor":28,"key":"Enchiridion"},{"floor":31,"key":"Bag of Preparation"},{"floor":31,"key":"Thread and Needle"},{"floor":39,"key":"construct:RocketBooster"},{"floor":40,"key":"MawBank"},{"floor":40,"key":"jedi:shrinkray"},{"floor":42,"key":"Vajra"},{"floor":43,"key":"infinitespire:Beetle Shell"},{"floor":48,"key":"Prayer Wheel"},{"floor":51,"key":"paleoftheancients:SoulOfTheShowman"},{"floor":56,"key":"wanderingMiniBosses:OtherGremlinHorn"}],"event_choices":[{"damage_healed":0,"gold_gain":0,"player_choice":"Ignored","damage_taken":0,"max_hp_gain":0,"max_hp_loss":0,"event_name":"betterNote:BetterNote","floor":19,"gold_loss":0,"cards_obtained":["DTMod:WarmUp"]},{"damage_healed":0,"gold_gain":0,"player_choice":"Obtained Book","damage_taken":16,"max_hp_gain":0,"max_hp_loss":0,"event_name":"Cursed Tome","floor":28,"gold_loss":0},{"damage_healed":0,"gold_gain":0,"player_choice":"Fight","damage_taken":0,"max_hp_gain":0,"max_hp_loss":0,"event_name":"Mysterious Sphere","floor":39,"gold_loss":0},{"damage_healed":0,"gold_gain":0,"player_choice":"Fight","damage_taken":0,"max_hp_gain":0,"max_hp_loss":0,"event_name":"MindBloom","floor":48,"gold_loss":0},{"damage_healed":0,"gold_gain":0,"player_choice":"Ignored","damage_taken":0,"max_hp_gain":0,"max_hp_loss":0,"event_name":"Transmorgrifier","floor":53,"gold_loss":0}],"is_beta":false,"boss_relics":[{"not_picked":["thethorton:GreedFountain","Fusion Hammer"],"picked":"Black Star"},{"not_picked":["Snecko Eye","jedi:paperlyon"],"picked":"SlaversCollar"}],"items_purged_floors":[36,38],"is_endless":false,"potions_floor_spawned":[1,3,8,11,16,25,29,33,37,39,44,45,47,48,51],"ascension_level":0}}