{"host":"nmjik3bzoelmmajy","time":1609238279,"event":{"mods":["BaseMod","Better Third Choice","Colored Map","DeckTracker","Minty Spire (QoL Compilation)","Quick Restart","Say the Spire","StSLib","SuperFastMode"],"gold_per_floor":[111,122,135,152,11,11,29,63,63,63,63,63,83,113,113,187,187,200,200,115,135,145,145,145,145],"floor_reached":24,"playtime":813,"items_purged":[],"score":536,"play_id":"ff7d8972-7c0b-46fe-9752-efd32750d603","local_time":"20201229193759","is_ascension_mode":true,"campfire_choices":[{"data":"Bouncing Flask","floor":6.0,"key":"SMITH"},{"data":"Catalyst","floor":11.0,"key":"SMITH"},{"data":"Backflip","floor":15.0,"key":"SMITH"},{"data":"Blur","floor":23,"key":"SMITH"}],"circlet_count":0,"master_deck":["AscendersBane","Strike_G","Strike_G","Strike_G","Strike_G","Strike_G","Defend_G","Defend_G","Defend_G","Defend_G","Defend_G","Survivor","Neutralize","Noxious Fumes","Catalyst+1","Blade Dance","Backflip+1","Bouncing Flask+1","Dagger Spray","PiercingWail","Reflex","Corpse Explosion","Acrobatics+1","RitualDagger","Blur+1"],"relics":["Ring of the Snake","Pen Nib","Bag of Marbles","Bag of Preparation","Odd Mushroom","Sozu","Oddly Smooth Stone"],"acts_visited":["Exordium","TheCity"],"potions_floor_usage":[],"damage_taken":[{"damage":2.0,"enemies":"2 Louse","floor":1.0,"turns":4.0},{"damage":1.0,"enemies":"Cultist","floor":2.0,"turns":3.0},{"damage":1.0,"enemies":"Small Slimes","floor":3.0,"turns":4.0},{"damage":14.0,"enemies":"Blue Slaver","floor":4.0,"turns":6.0},{"damage":4.0,"enemies":"Red Slaver","floor":7.0,"turns":5.0},{"damage":4.0,"enemies":"Gremlin Nob","floor":8.0,"turns":3.0},{"damage":1.0,"enemies":"2 Fungi Beasts","floor":13.0,"turns":2.0},{"damage":1.0,"enemies":"The Mushroom Lair","floor":14.0,"turns":4.0},{"damage":23.0,"enemies":"The Guardian","floor":16.0,"turns":8.0},{"damage":0.0,"enemies":"3 Byrds","floor":18.0,"turns":2.0},{"damage":12,"enemies":"Shell Parasite","floor":21,"turns":4},{"damage":0,"enemies":"3 Cultists","floor":22,"turns":2},{"damage":34,"enemies":"Gremlin Leader","floor":24,"turns":6}],"seed_played":"5913751295192830494","potions_obtained":[{"floor":1.0,"key":"Block Potion"},{"floor":3.0,"key":"Poison Potion"},{"floor":8.0,"key":"DuplicationPotion"},{"floor":10.0,"key":"PowerPotion"},{"floor":14.0,"key":"Block Potion"}],"is_trial":false,"path_per_floor":["M","M","M","M","$","R","M","E","T","?","R","$","M","?","R","B",null,"M","?","?","M","M","R","E"],"character_chosen":"THE_SILENT","items_purchased":["Bouncing Flask","Dagger Spray"],"campfire_rested":0,"item_purchase_floors":[5,5],"current_hp_per_floor":[57,56,55,41,41,41,37,33,33,33,33,33,32,31,31,8,52,52,46,46,34,34,34,0,0],"gold":145,"neow_bonus":"RANDOM_COMMON_RELIC","is_daily":false,"chose_seed":false,"campfire_upgraded":4,"win_rate":0.0,"timestamp":1609238279,"path_taken":["M","M","M","M","$","R","M","E","T","?","R","$","?","?","R","BOSS","M","?","?","M","M","R","E"],"items_purchased_type":["Card","Card"],"build_version":"2020-12-22","purchased_purges":0,"victory":false,"max_hp_per_floor":[66,66,66,66,66,66,66,66,66,66,66,66,66,66,66,66,66,66,66,66,66,66,66,66,66],"card_choices":[{"not_picked":["Leg Sweep","Reflex"],"picked":"Noxious Fumes","floor":1.0},{"not_picked":["Underhanded Strike","Expertise"],"picked":"Catalyst","floor":2.0},{"not_picked":["Tactician","Deflect"],"picked":"Blade Dance","floor":3.0},{"not_picked":["Quick Slash","Dodge and Roll"],"picked":"Backflip","floor":4.0},{"not_picked":["Distraction","Eviscerate","Dagger Throw"],"picked":"SKIP","floor":7.0},{"not_picked":["Doppelganger","Setup","Underhanded Strike"],"picked":"SKIP","floor":8.0},{"not_picked":["Poisoned Stab","Flying Knee"],"picked":"PiercingWail","floor":13.0},{"not_picked":["Blade Dance","Deadly Poison"],"picked":"Reflex","floor":14.0},{"not_picked":["Tools of the Trade","Adrenaline"],"picked":"Corpse Explosion","floor":16.0},{"not_picked":["Dagger Spray","Skewer"],"picked":"Acrobatics+1","floor":18.0},{"not_picked":["Outmaneuver","Eviscerate","Acrobatics"],"picked":"SKIP","floor":21},{"not_picked":["Bane","Endless Agony"],"picked":"Blur","floor":22}],"player_experience":823913,"relics_obtained":[{"floor":8.0,"key":"Bag of Marbles"},{"floor":9.0,"key":"Bag of Preparation"},{"floor":14.0,"key":"Odd Mushroom"}],"event_choices":[{"damage_healed":0.0,"max_hp_gain":0.0,"max_hp_loss":0.0,"gold_gain":0.0,"event_name":"Lab","player_choice":"Got Potions","floor":10.0,"gold_loss":0.0,"damage_taken":0.0},{"damage_healed":0.0,"max_hp_gain":0.0,"max_hp_loss":0.0,"gold_gain":0.0,"event_name":"Mushrooms","player_choice":"Fought Mushrooms","floor":14.0,"gold_loss":0.0,"damage_taken":0.0},{"damage_healed":0.0,"max_hp_gain":0.0,"max_hp_loss":0.0,"gold_gain":0.0,"event_name":"betterThird:BetterNest","player_choice":"Dagger","floor":19.0,"gold_loss":0.0,"damage_taken":6.0,"cards_obtained":["RitualDagger"]},{"damage_healed":0.0,"max_hp_gain":0.0,"max_hp_loss":0.0,"gold_gain":0.0,"event_name":"Addict","player_choice":"Obtained Relic","floor":20.0,"gold_loss":85.0,"damage_taken":0.0,"relics_obtained":["Oddly Smooth Stone"]}],"is_beta":false,"boss_relics":[{"not_picked":["WristBlade","Pandora\u0027s Box"],"picked":"Sozu"}],"items_purged_floors":[],"is_endless":false,"potions_floor_spawned":[1,3,8,13,14,18,22],"killed_by":"Gremlin Leader","ascension_level":16}}