{"host":"7mrmd33mpx7q5wx9","time":1609209230,"event":{"mods":["AchievementEnabler","BaseMod","BetterRewards","Card Forge","Colored Map","Defuse TimeMaze Blight","Minty Spire (QoL Compilation)","Permanent Neow","Quick Restart","StSLib"],"gold_per_floor":[214,214,214,214,214,214,214,214,214,214,214,214,214,214,214,309,309,309,309,408,408,408,408,408,408,408,408,408,408,408,408,408,513,513,513,513,523,536,536,536,536,536,563,563,563,563,563,563,563,563],"floor_reached":51,"playtime":498,"items_purged":[],"score":951,"play_id":"a6b16155-706e-447e-b532-d8f0367ca403","local_time":"20201228203349","is_ascension_mode":false,"campfire_choices":[{"floor":15,"key":"REST"},{"floor":23,"key":"REST"},{"floor":30,"key":"REST"},{"floor":32,"key":"REST"},{"floor":40,"key":"REST"},{"floor":42,"key":"REST"},{"floor":49,"key":"REST"}],"circlet_count":0,"master_deck":["Strike_R","Strike_R","Strike_R","Strike_R","Strike_R","Defend_R","Defend_R","Defend_R","Defend_R","Bash","Mind Blast+1","Mind Blast+1","Mind Blast+1","Anger","Armaments","Barricade","Bash","Battle Trance","Body Slam","Bludgeon","Bloodletting","Blood for Blood","Berserk","Brutality","Burning Pact","Carnage","Clash","Cleave","Defend_R","Dark Embrace","Corruption","Combust","Clothesline","Demon Form","Disarm","Double Tap","Dropkick","Feel No Pain","Feed","Exhume","Evolve","Entrench","Ghostly Armor","Flex","Flame Barrier","Fire Breathing","Fiend Fire","Havoc","Headbutt","Heavy Blade","Hemokinesis","Immolate","Iron Wave","Intimidate","Inflame","Infernal Blade","Impervious","Juggernaut","Limit Break","Metallicize","Offering","Perfected Strike","Rampage","Rage","Pummel","Power Through","Pommel Strike","Reaper","Reckless Charge","Rupture","Searing Blow","Second Wind","Shrug It Off","Shockwave","Sever Soul","Sentinel","Seeing Red","Spot Weakness","Strike_R","Thunderclap","True Grit","Wild Strike","Whirlwind","Warcry","Uppercut","Twin Strike","A Thousand Cuts","Accuracy","Acrobatics","Adrenaline","After Image","Cloak And Dagger","Choke","Catalyst","Caltrops","Calculated Gamble","Concentrate","Corpse Explosion","Crippling Poison","Dagger Throw","Die Die Die","Deflect","Defend_G","Deadly Poison","Dash","Distraction","Dodge and Roll","Doppelganger","Endless Agony","Envenom","Flechettes","Finisher","Expertise","Eviscerate","Escape Plan","Flying Knee","Footwork","Glass Knife","Grand Finale","Heel Hook","Neutralize","Masterful Stab","Malaise","Leg Sweep","Infinite Blades","Night Terror","Noxious Fumes","Outmaneuver","Phantasmal Killer","PiercingWail"],"relics":["Black Blood","Hammer of Thor","Seething Fire","Anvil of the Gods","CeramicFish","Velvet Choker","Pen Nib"],"acts_visited":["Exordium","TheCity","TheBeyond"],"potions_floor_usage":[50],"damage_taken":[{"damage":0,"enemies":"Cultist","floor":1,"turns":1},{"damage":0,"enemies":"Small Slimes","floor":2,"turns":1},{"damage":0,"enemies":"Jaw Worm","floor":3,"turns":1},{"damage":0,"enemies":"Large Slime","floor":4,"turns":1},{"damage":0,"enemies":"3 Sentries","floor":6,"turns":1},{"damage":0,"enemies":"The Mushroom Lair","floor":7,"turns":1},{"damage":0,"enemies":"Blue Slaver","floor":8,"turns":1},{"damage":0,"enemies":"Exordium Wildlife","floor":10,"turns":1},{"damage":0,"enemies":"2 Fungi Beasts","floor":11,"turns":1},{"damage":15,"enemies":"Lots of Slimes","floor":12,"turns":3},{"damage":0,"enemies":"Blue Slaver","floor":14,"turns":1},{"damage":0,"enemies":"The Guardian","floor":16,"turns":1},{"damage":0,"enemies":"3 Byrds","floor":18,"turns":1},{"damage":0,"enemies":"Spheric Guardian","floor":22,"turns":1},{"damage":0,"enemies":"Gremlin Leader","floor":24,"turns":1},{"damage":0,"enemies":"Chosen and Byrds","floor":25,"turns":1},{"damage":0,"enemies":"Book of Stabbing","floor":27,"turns":1},{"damage":0,"enemies":"Sentry and Sphere","floor":28,"turns":1},{"damage":0,"enemies":"Snecko","floor":31,"turns":1},{"damage":0,"enemies":"Collector","floor":33,"turns":1},{"damage":0,"enemies":"Orb Walker","floor":35,"turns":1},{"damage":3,"enemies":"3 Shapes","floor":37,"turns":1},{"damage":0,"enemies":"Maw","floor":38,"turns":1},{"damage":8,"enemies":"4 Shapes","floor":41,"turns":3},{"damage":32,"enemies":"Transient","floor":44,"turns":5},{"damage":0,"enemies":"Maw","floor":45,"turns":1},{"damage":0,"enemies":"Jaw Worm Horde","floor":46,"turns":1},{"damage":0,"enemies":"Spire Growth","floor":47,"turns":1},{"damage":0,"enemies":"Maw","floor":48,"turns":1},{"damage":57,"enemies":"Donu and Deca","floor":50,"turns":9}],"seed_played":"-7652776345469646862","potions_obtained":[{"floor":16,"key":"Block Potion"}],"is_trial":false,"path_per_floor":["M","M","M","M","?","E","?","M","T","M","M","M","?","M","R","B",null,"M","?","?","T","M","R","E","M","T","E","M","?","R","M","R","B",null,"M","?","M","M","?","R","M","R","T","M","M","M","M","M","R","B",null],"character_chosen":"IRONCLAD","items_purchased":[],"campfire_rested":7,"item_purchase_floors":[],"current_hp_per_floor":[80,80,80,80,80,80,80,80,80,80,80,71,71,77,80,80,80,80,80,80,80,80,80,80,80,80,80,80,80,80,80,80,80,80,80,76,76,76,76,76,76,76,76,56,68,76,76,76,76,35],"gold":563,"neow_bonus":"HUNDRED_GOLD","is_daily":false,"chose_seed":false,"campfire_upgraded":0,"win_rate":0.0,"timestamp":1609209229,"path_taken":["M","?","M","M","?","E","?","M","T","M","M","M","?","?","R","BOSS","M","?","?","?","M","R","E","M","T","E","?","?","R","?","R","BOSS","M","?","M","M","?","R","M","R","T","M","M","M","M","M","R","BOSS"],"items_purchased_type":[],"build_version":"2020-12-22","purchased_purges":0,"victory":true,"max_hp_per_floor":[80,80,80,80,80,80,80,80,80,80,80,80,80,80,80,80,80,80,80,80,80,80,80,80,80,80,80,80,80,80,80,80,80,80,80,76,76,76,76,76,76,76,76,76,76,76,76,76,76,76],"card_choices":[{"not_picked":["Sword Boomerang","Blood for Blood","Disarm"],"picked":"SKIP","floor":1},{"not_picked":["Searing Blow","Carnage","Clothesline"],"picked":"SKIP","floor":2},{"not_picked":["Bloodletting","Havoc","Pommel Strike"],"picked":"SKIP","floor":3},{"not_picked":["Carnage","Flex","Iron Wave"],"picked":"SKIP","floor":4},{"not_picked":["Burning Pact","Sentinel","Body Slam"],"picked":"SKIP","floor":6},{"not_picked":["Pummel","Battle Trance","Sword Boomerang"],"picked":"SKIP","floor":8},{"not_picked":["Shrug It Off","Shockwave","Cleave"],"picked":"SKIP","floor":10},{"not_picked":["Sentinel","Warcry","Fire Breathing"],"picked":"SKIP","floor":11},{"not_picked":["Sword Boomerang","Dark Embrace","True Grit"],"picked":"SKIP","floor":12},{"not_picked":["Reaper","Dual Wield","Cleave"],"picked":"SKIP","floor":14},{"not_picked":["Infernal Blade","Iron Wave+1","Perfected Strike"],"picked":"SKIP","floor":18},{"not_picked":["Body Slam+1","Second Wind+1","Uppercut"],"picked":"SKIP","floor":22},{"not_picked":["Perfected Strike","Intimidate","Combust"],"picked":"SKIP","floor":24},{"not_picked":["Evolve+1","Rampage","Anger+1"],"picked":"SKIP","floor":25},{"not_picked":["Body Slam","Brutality","Fiend Fire"],"picked":"SKIP","floor":27},{"not_picked":["Entrench","Iron Wave","Whirlwind+1"],"picked":"SKIP","floor":28},{"not_picked":["Heavy Blade","Pommel Strike+1","Armaments"],"picked":"SKIP","floor":31},{"not_picked":["Headbutt+1","Cleave","Pummel+1"],"picked":"SKIP","floor":35},{"not_picked":["Sever Soul+1","Twin Strike+1","Havoc+1"],"picked":"SKIP","floor":37},{"not_picked":["Flex","Perfected Strike","Power Through"],"picked":"SKIP","floor":38},{"not_picked":["Sever Soul","Sentinel+1","Anger+1"],"picked":"SKIP","floor":41},{"not_picked":["Perfected Strike","Rage+1","Wild Strike"],"picked":"SKIP","floor":44},{"not_picked":["Rampage","Warcry","Cleave"],"picked":"SKIP","floor":45},{"not_picked":["Pommel Strike+1","Cleave","Heavy Blade"],"picked":"SKIP","floor":46},{"not_picked":["Exhume","Sword Boomerang","Pommel Strike+1"],"picked":"SKIP","floor":47},{"not_picked":["Sword Boomerang","Clash","Havoc"],"picked":"SKIP","floor":48}],"player_experience":380449,"relics_obtained":[{"floor":21,"key":"CeramicFish"},{"floor":43,"key":"Pen Nib"}],"event_choices":[{"damage_healed":0,"gold_gain":0,"player_choice":"Ignored","damage_taken":0,"max_hp_gain":0,"max_hp_loss":0,"event_name":"Shining Light","floor":5,"gold_loss":0},{"damage_healed":0,"gold_gain":0,"player_choice":"Fought Mushrooms","damage_taken":0,"max_hp_gain":0,"max_hp_loss":0,"event_name":"Mushrooms","floor":7,"gold_loss":0},{"damage_healed":0,"gold_gain":0,"player_choice":"Searched \u00270\u0027 times","damage_taken":0,"max_hp_gain":0,"max_hp_loss":0,"event_name":"Dead Adventurer","floor":13,"gold_loss":0},{"damage_healed":0,"gold_gain":99,"player_choice":"Stole From Cult","damage_taken":0,"max_hp_gain":0,"max_hp_loss":0,"event_name":"Nest","floor":20,"gold_loss":0},{"damage_healed":0,"gold_gain":0,"player_choice":"Ignored","damage_taken":0,"max_hp_gain":0,"max_hp_loss":0,"event_name":"NoteForYourself","floor":29,"gold_loss":0},{"damage_healed":0,"gold_gain":0,"player_choice":"Max HP","damage_taken":0,"max_hp_gain":0,"max_hp_loss":4,"event_name":"Winding Halls","floor":36,"gold_loss":0},{"damage_healed":0,"gold_gain":0,"player_choice":"Ignored","damage_taken":0,"max_hp_gain":0,"max_hp_loss":0,"event_name":"Mysterious Sphere","floor":39,"gold_loss":0}],"is_beta":false,"boss_relics":[{"not_picked":["Mark of Pain","Sozu"],"picked":"Black Blood"},{"not_picked":["Coffee Dripper","Philosopher\u0027s Stone"],"picked":"Velvet Choker"}],"items_purged_floors":[],"is_endless":false,"potions_floor_spawned":[2,6,8,10,12,16,18,22,27,35,37,45,47,48],"ascension_level":0}}