{"host":"pfy6u49v5s5r680p","time":1609212449,"event":{"mods":["BaseMod","Colored Map","DeckTracker","Highlight Path","Keyboard Shortcuts","Minty Spire (QoL Compilation)","Permanent Neow","Quick Restart","StSLib","SuperFastMode","everything is the same but u backflip on backflip"],"gold_per_floor":[113,128,188,36,49,49,59,59,135,135,135,35,35,69,69,173,173,188,103,64,78,78,91,126,126,126,141,171,184,194,41,41,141,141,154,154,168,20,38,38,65,65,65,99,114,114,24,34,34,34],"floor_reached":51,"playtime":3079,"items_purged":["Strike_R","Strike_R"],"score":853,"play_id":"70393867-e937-4b78-a1ca-81f88ceab124","local_time":"20201229122729","is_ascension_mode":true,"campfire_choices":[{"data":"Pommel Strike","floor":6.0,"key":"SMITH"},{"data":"Limit Break","floor":8.0,"key":"SMITH"},{"data":"Blood for Blood","floor":10.0,"key":"SMITH"},{"data":"Spot Weakness","floor":13.0,"key":"SMITH"},{"data":"Reaper","floor":15.0,"key":"SMITH"},{"data":"Inflame","floor":25.0,"key":"SMITH"},{"data":"Dual Wield","floor":32.0,"key":"SMITH"},{"data":"Seeing Red","floor":40.0,"key":"SMITH"},{"data":"Fiend Fire","floor":49.0,"key":"SMITH"}],"circlet_count":0,"master_deck":["Defend_R","Defend_R","Bash+1","Blood for Blood+1","Pommel Strike+1","Spot Weakness+1","Pommel Strike+1","Limit Break+1","Reaper+1","Immolate+1","Seeing Red+1","Rampage","Spot Weakness","Inflame+1","Ghostly Armor+1","Sword Boomerang+1","Headbutt","Dual Wield+1","Fiend Fire+1","Seeing Red+1","Bandage Up","Thunderclap+1","Pummel+1","Infernal Blade+1","Sentinel+1","Rage+1","True Grit+1","Flex+1","Shrug It Off+1"],"relics":["Burning Blood","Gremlin Horn","Bag of Marbles","Astrolabe","Darkstone Periapt","Omamori","Prayer Wheel","Sundial","Brimstone","Runic Cube","Sling","Mummified Hand","Thread and Needle","Toxic Egg 2"],"acts_visited":["Exordium","TheCity","TheBeyond"],"potions_floor_usage":[50],"damage_taken":[{"damage":13.0,"enemies":"Small Slimes","floor":1.0,"turns":5.0},{"damage":9.0,"enemies":"2 Louse","floor":2.0,"turns":2.0},{"damage":5.0,"enemies":"Cultist","floor":5.0,"turns":4.0},{"damage":8.0,"enemies":"Large Slime","floor":7.0,"turns":3.0},{"damage":30.0,"enemies":"3 Sentries","floor":14.0,"turns":6.0},{"damage":63.0,"enemies":"Slime Boss","floor":16.0,"turns":11.0},{"damage":7.0,"enemies":"Chosen","floor":18.0,"turns":3.0},{"damage":14.0,"enemies":"Shell Parasite","floor":21.0,"turns":2.0},{"damage":14.0,"enemies":"Centurion and Healer","floor":23.0,"turns":3.0},{"damage":30.0,"enemies":"Gremlin Leader","floor":24.0,"turns":4.0},{"damage":0.0,"enemies":"3 Cultists","floor":27.0,"turns":2.0},{"damage":0.0,"enemies":"Slavers","floor":28.0,"turns":1.0},{"damage":8.0,"enemies":"Snecko","floor":29.0,"turns":3.0},{"damage":12.0,"enemies":"Cultist and Chosen","floor":30.0,"turns":2.0},{"damage":18.0,"enemies":"Automaton","floor":33.0,"turns":4.0},{"damage":22.0,"enemies":"3 Darklings","floor":35.0,"turns":3.0},{"damage":4.0,"enemies":"Orb Walker","floor":37.0,"turns":2.0},{"damage":0.0,"enemies":"Sphere and 2 Shapes","floor":39.0,"turns":2.0},{"damage":41.0,"enemies":"Reptomancer","floor":41.0,"turns":3.0},{"damage":26.0,"enemies":"Giant Head","floor":44.0,"turns":5.0},{"damage":0.0,"enemies":"Jaw Worm Horde","floor":45.0,"turns":1.0},{"damage":34.0,"enemies":"4 Shapes","floor":48.0,"turns":4.0},{"damage":55,"enemies":"Time Eater","floor":50,"turns":6}],"seed_played":"-9147489541056671365","potions_obtained":[{"floor":1.0,"key":"Block Potion"},{"floor":2.0,"key":"GamblersBrew"},{"floor":14.0,"key":"BloodPotion"},{"floor":24.0,"key":"LiquidMemories"},{"floor":27.0,"key":"Weak Potion"},{"floor":28.0,"key":"Ancient Potion"},{"floor":37.0,"key":"Explosive Potion"}],"is_trial":false,"path_per_floor":["M","M","?","$","M","R","M","R","T","R","?","$","R","E","R","B",null,"M","?","$","M","$","M","E","R","T","M","E","M","M","$","R","B",null,"M","?","M","$","M","R","E","$","T","E","M","?","?","M","R","B",null],"character_chosen":"IRONCLAD","items_purchased":["Spot Weakness","Rampage","Brimstone","Sling"],"campfire_rested":0,"item_purchase_floors":[4,20,31,38],"current_hp_per_floor":[73,70,70,70,71,71,69,69,69,69,69,69,69,61,61,14,80,79,79,79,71,71,80,70,70,70,80,80,78,72,72,72,80,80,68,68,70,70,80,80,49,49,49,58,64,64,64,64,64,68],"gold":34,"neow_bonus":"REMOVE_CARD","is_daily":false,"chose_seed":false,"campfire_upgraded":9,"win_rate":0.0,"timestamp":1609212449,"path_taken":["M","M","?","$","M","R","M","R","T","R","?","$","R","E","R","BOSS","M","?","$","M","$","M","E","R","T","M","E","M","M","$","R","BOSS","M","?","?","$","M","R","E","$","T","E","M","?","?","?","R","BOSS"],"items_purchased_type":["Card","Card","Relic","Relic"],"build_version":"2020-12-22","purchased_purges":2,"victory":true,"max_hp_per_floor":[80,80,80,80,80,80,80,80,80,80,80,80,80,80,80,80,80,80,80,80,80,80,80,80,80,80,80,80,80,80,80,80,80,80,80,80,80,80,80,80,80,80,80,80,80,80,80,80,80,80],"card_choices":[{"not_picked":["Warcry","Sword Boomerang"],"picked":"Blood for Blood","floor":1.0},{"not_picked":["Bloodletting","Clash"],"picked":"Pommel Strike","floor":2.0},{"not_picked":["Twin Strike","Clash"],"picked":"Pommel Strike","floor":5.0},{"not_picked":["Feel No Pain","Thunderclap"],"picked":"Limit Break","floor":7.0},{"not_picked":["Body Slam","Iron Wave"],"picked":"Reaper","floor":14.0},{"not_picked":["Wild Strike+1","Rupture","Warcry"],"picked":"SKIP","floor":18.0},{"not_picked":["Metallicize","Dark Embrace"],"picked":"Spot Weakness","floor":21.0},{"not_picked":["Metallicize","Iron Wave+1","Anger"],"picked":"SKIP","floor":23.0},{"not_picked":["Dual Wield","Clothesline"],"picked":"Inflame","floor":24.0},{"not_picked":["Havoc+1","Anger"],"picked":"Ghostly Armor+1","floor":27.0},{"not_picked":["Cleave+1","Perfected Strike"],"picked":"Sword Boomerang+1","floor":27.0},{"not_picked":["Twin Strike","Spot Weakness","Rupture"],"picked":"SKIP","floor":28.0},{"not_picked":["Wild Strike","Feed"],"picked":"Headbutt","floor":29.0},{"not_picked":["Blood for Blood","Sword Boomerang+1"],"picked":"Dual Wield","floor":29.0},{"not_picked":["Headbutt+1","Bloodletting","Twin Strike"],"picked":"SKIP","floor":30.0},{"not_picked":["Reckless Charge+1","Searing Blow","Cleave"],"picked":"SKIP","floor":30.0},{"not_picked":["Bludgeon","Limit Break"],"picked":"Fiend Fire","floor":33.0},{"not_picked":["Sword Boomerang","Metallicize"],"picked":"Seeing Red","floor":35.0},{"not_picked":["Seeing Red","Carnage","Pommel Strike+1"],"picked":"SKIP","floor":35.0},{"not_picked":["Uppercut+1","Fiend Fire"],"picked":"Thunderclap+1","floor":37.0},{"not_picked":["Spot Weakness+1","Clothesline"],"picked":"Pummel+1","floor":37.0},{"not_picked":["Perfected Strike","Combust"],"picked":"Infernal Blade+1","floor":39.0},{"not_picked":["Hemokinesis+1","Fire Breathing","Clash"],"picked":"SKIP","floor":39.0},{"not_picked":["Pummel+1","Flex"],"picked":"Sentinel+1","floor":41.0},{"not_picked":["Flame Barrier+1","Wild Strike+1","Pommel Strike+1"],"picked":"SKIP","floor":44.0},{"not_picked":["Hemokinesis+1","Bloodletting+1"],"picked":"Rage+1","floor":45.0},{"not_picked":["Clash","Evolve"],"picked":"True Grit+1","floor":45.0},{"not_picked":["Rampage","Combust+1"],"picked":"Flex+1","floor":48.0},{"not_picked":["Sword Boomerang","Reckless Charge"],"picked":"Shrug It Off+1","floor":48.0}],"player_experience":43419,"relics_obtained":[{"floor":9.0,"key":"Gremlin Horn"},{"floor":14.0,"key":"Bag of Marbles"},{"floor":24.0,"key":"Omamori"},{"floor":26.0,"key":"Prayer Wheel"},{"floor":28.0,"key":"Sundial"},{"floor":41.0,"key":"Mummified Hand"},{"floor":43.0,"key":"Thread and Needle"},{"floor":44.0,"key":"Toxic Egg 2"}],"event_choices":[{"damage_healed":0.0,"max_hp_gain":0.0,"max_hp_loss":0.0,"gold_gain":60.0,"event_name":"Golden Wing","player_choice":"Gained Gold","floor":3.0,"gold_loss":0.0,"damage_taken":0.0},{"damage_healed":0.0,"max_hp_gain":0.0,"max_hp_loss":0.0,"gold_gain":0.0,"event_name":"Accursed Blacksmith","player_choice":"Forge","floor":11.0,"gold_loss":0.0,"damage_taken":0.0,"cards_upgraded":["Pommel Strike"]},{"damage_healed":0.0,"max_hp_gain":0.0,"max_hp_loss":0.0,"gold_gain":0.0,"event_name":"Addict","player_choice":"Obtained Relic","floor":19.0,"gold_loss":85.0,"damage_taken":0.0,"relics_obtained":["Darkstone Periapt"]},{"damage_healed":0.0,"max_hp_gain":0.0,"max_hp_loss":0.0,"gold_gain":0.0,"event_name":"Match and Keep!","player_choice":"1 cards matched","floor":36.0,"gold_loss":0.0,"damage_taken":0.0,"cards_obtained":["Bandage Up"]},{"cards_removed":["Sword Boomerang"],"damage_healed":0.0,"max_hp_gain":0.0,"max_hp_loss":0.0,"gold_gain":0.0,"event_name":"Falling","player_choice":"Removed Attack","floor":46.0,"gold_loss":0.0,"damage_taken":0.0},{"cards_removed":["Defend_R"],"damage_healed":0.0,"max_hp_gain":0.0,"max_hp_loss":0.0,"gold_gain":0.0,"event_name":"Designer","player_choice":"Upgrade and Remove","floor":47.0,"gold_loss":90.0,"damage_taken":0.0,"cards_upgraded":["Bash"]}],"is_beta":false,"boss_relics":[{"not_picked":["Fusion Hammer","Mark of Pain"],"picked":"Astrolabe"},{"not_picked":["Tiny House","Black Star"],"picked":"Runic Cube"}],"items_purged_floors":[4,12],"is_endless":false,"potions_floor_spawned":[1,2,14,24,27,28,29,37,41,44,45],"ascension_level":3}}