{"host":"grli52lbdph2722t","time":1609223530,"event":{"mods":["AchievementEnabler","BaseMod","Downfall","Minty Spire (QoL Compilation)","Quick Restart","StSLib"],"gold_per_floor":[99,99,99,99,123,48,71,71,112,221,250,250,290,306,335,335,335,335],"floor_reached":16,"playtime":603,"items_purged":[],"score":189,"play_id":"d3e64fa2-72ad-4a32-ad44-b40385de1149","local_time":"20201229073210","is_ascension_mode":true,"campfire_choices":[{"data":"champ:Taunt","floor":1,"key":"SMITH"},{"data":"champ:CalledShot","floor":6,"key":"SMITH"},{"floor":12,"key":"REST"}],"circlet_count":0,"master_deck":["AscendersBane","champ:Strike","champ:Strike","champ:Strike","champ:Strike","champ:Defend","champ:Defend","champ:Defend","champ:Defend","champ:Execute","champ:Taunt+1","champ:CalledShot+1","champ:ArenaPreparation","champ:Haymaker","champ:FanOfKnives","champ:RecklessLeap","champ:Aggression","champ:ViciousMockery","champ:AdrenalArmor"],"relics":["champ:ChampionCrown","downfall:HeartsMalice","downfall:HeartBlessingBlue","Strawberry","CeramicFish","FossilizedHelix","CloakClasp","Blue Candle"],"acts_visited":["Exordium"],"potions_floor_usage":[13,13,16],"damage_taken":[{"damage":0,"enemies":"Cultist","floor":2,"turns":1},{"damage":0,"enemies":"Jaw Worm","floor":3,"turns":1},{"damage":0,"enemies":"Small Slimes","floor":4,"turns":1},{"damage":66,"enemies":"Gremlin Nob","floor":9,"turns":6},{"damage":48,"enemies":"Gremlin Nob","floor":10,"turns":10},{"damage":10,"enemies":"Blue Slaver","floor":11,"turns":2},{"damage":15,"enemies":"3 Sentries","floor":13,"turns":5},{"damage":22,"enemies":"Gremlin Gang","floor":14,"turns":4},{"damage":12,"enemies":"Exordium Wildlife","floor":15,"turns":3},{"damage":44,"enemies":"downfall:Ironclad","floor":16,"turns":3}],"seed_played":"-7391068486054909401","potions_obtained":[{"floor":9,"key":"Fire Potion"},{"floor":11,"key":"hexamod:EctoCoolerPotion"},{"floor":13,"key":"Strength Potion"},{"floor":15,"key":"SneckoOil"}],"is_trial":false,"path_per_floor":["R","M","M","M","T","R","T","?","E","?","M","R","E","M","M","B"],"character_chosen":"THE_CHAMP","items_purchased":[],"campfire_rested":1,"item_purchase_floors":[],"current_hp_per_floor":[81,81,81,81,81,91,98,91,40,11,15,47,37,40,42,0,0,0],"gold":335,"neow_bonus":"THREE_ENEMY_KILL","is_daily":false,"chose_seed":false,"campfire_upgraded":2,"win_rate":0.0,"timestamp":1609223530,"path_taken":["R","M","M","?","?","R","T","?","E","?","M","R","E","M","M","BOSS"],"items_purchased_type":[],"build_version":"2020-12-22","purchased_purges":0,"victory":false,"max_hp_per_floor":[90,90,90,90,90,100,107,107,107,107,107,107,107,107,107,107,107,107],"card_choices":[{"not_picked":["champ:FanOfKnives","champ:RapidStrikes"],"picked":"champ:CalledShot","floor":2},{"not_picked":["champ:FlashCut","champ:FightOn"],"picked":"champ:ArenaPreparation","floor":3},{"not_picked":["champ:ViciousMockery","champ:Backstep"],"picked":"champ:Haymaker","floor":4},{"not_picked":["champ:SkillfulDodge","champ:Riposte"],"picked":"champ:FanOfKnives","floor":9},{"not_picked":["champ:BladeFlurry","champ:GutPunch"],"picked":"champ:RecklessLeap","floor":10},{"not_picked":["champ:RageSigil","champ:Haymaker"],"picked":"champ:Aggression","floor":11},{"not_picked":["champ:Circumvent","champ:CalledShot"],"picked":"champ:ViciousMockery","floor":13},{"not_picked":["champ:BerserkersShout","champ:SkillfulDodge","champ:Haymaker"],"picked":"SKIP","floor":14},{"not_picked":["champ:TornadoPunch","champ:RisingSlash"],"picked":"champ:AdrenalArmor","floor":15}],"player_experience":4927115,"relics_obtained":[{"floor":7,"key":"Strawberry"},{"floor":9,"key":"FossilizedHelix"},{"floor":10,"key":"CloakClasp"},{"floor":13,"key":"Blue Candle"}],"event_choices":[{"damage_healed":0,"gold_gain":0,"player_choice":"Success","damage_taken":7,"relics_obtained":["CeramicFish"],"max_hp_gain":0,"max_hp_loss":0,"event_name":"Scrap Ooze","floor":8,"gold_loss":0}],"is_beta":false,"boss_relics":[],"items_purged_floors":[],"is_endless":false,"potions_floor_spawned":[9,11,13,15],"killed_by":"downfall:Ironclad","ascension_level":11}}