{"host":"BK","time":1609203446,"event":{"mods":["BaseMod","Highlight Path","Minty Spire (QoL Compilation)","StSLib"],"gold_per_floor":[165,315,315,331,62,93,93,93,93],"floor_reached":8,"playtime":264,"items_purged":["Strike_R"],"score":107,"play_id":"de2afc04-095d-41c6-a23c-e3009eed4aaa","local_time":"20201228175726","is_ascension_mode":true,"campfire_choices":[{"floor":7.0,"key":"REST"}],"circlet_count":0,"master_deck":["AscendersBane","Strike_R","Strike_R","Strike_R","Strike_R","Defend_R","Defend_R","Defend_R+1","Defend_R","Bash","Clothesline","Iron Wave","Spot Weakness","Shrug It Off","Flame Barrier"],"relics":["Tiny House","Spirit Poop","Vajra","Dream Catcher"],"acts_visited":["Exordium"],"potions_floor_usage":[8,8],"damage_taken":[{"damage":12.0,"enemies":"Jaw Worm","floor":1.0,"turns":2.0},{"damage":14.0,"enemies":"2 Louse","floor":4.0,"turns":3.0},{"damage":44.0,"enemies":"Gremlin Nob","floor":6.0,"turns":5.0},{"damage":41,"enemies":"Lagavulin","floor":8,"turns":11}],"seed_played":"-7680101266645785897","potions_obtained":[{"floor":0.0,"key":"SpeedPotion"},{"floor":1.0,"key":"SpeedPotion"}],"is_trial":false,"path_per_floor":["M","?","?","M","$","E","R","E"],"character_chosen":"IRONCLAD","items_purchased":["Shrug It Off","Vajra"],"campfire_rested":1,"item_purchase_floors":[5,5],"current_hp_per_floor":[61,61,61,47,47,3,27,0,0],"gold":93,"neow_bonus":"BOSS_RELIC","is_daily":false,"chose_seed":false,"campfire_upgraded":0,"win_rate":0.0,"timestamp":1609203446,"path_taken":["M","?","?","M","$","E","R","E"],"items_purchased_type":["Card","Relic"],"build_version":"2020-12-18","purchased_purges":1,"victory":false,"max_hp_per_floor":[80,80,80,80,80,80,80,80,80],"card_choices":[{"not_picked":["Infernal Blade","Metallicize"],"picked":"Clothesline","floor":0.0},{"not_picked":["Armaments","Second Wind"],"picked":"Iron Wave","floor":1.0},{"not_picked":["Reckless Charge","Ghostly Armor"],"picked":"Spot Weakness","floor":4.0},{"not_picked":["Havoc","Wild Strike"],"picked":"Flame Barrier","floor":6.0}],"player_experience":2464343,"relics_obtained":[{"floor":6.0,"key":"Dream Catcher"}],"event_choices":[{"damage_healed":0.0,"max_hp_gain":0.0,"max_hp_loss":0.0,"gold_gain":150.0,"event_name":"Liars Game","player_choice":"AGREE","floor":2.0,"gold_loss":0.0,"damage_taken":0.0,"cards_obtained":["Doubt"]},{"cards_removed":["Doubt"],"damage_healed":0.0,"max_hp_gain":0.0,"max_hp_loss":0.0,"gold_gain":0.0,"event_name":"Bonfire Elementals","player_choice":"Offered Curse","floor":3.0,"gold_loss":0.0,"damage_taken":0.0,"relics_obtained":["Spirit Poop"]}],"is_beta":true,"boss_relics":[],"items_purged_floors":[5],"is_endless":false,"potions_floor_spawned":[1],"killed_by":"Lagavulin","ascension_level":20}}