{"host":"utqe55yv0jihe4d6","time":1609210583,"event":{"mods":["2.2 Compatiblity","AchievementEnabler","BaseMod","Block Reminder","Colored Map","Colored Powertips","Minty Spire (QoL Compilation)","Quick Restart","Rare Cards Sparkle","Relic Stats","SuperFastMode"],"gold_per_floor":[110,110,129,54,54,54,89,89,89,104,104,122,140,163,163,252,252,276,300,318,318,318],"floor_reached":21,"playtime":865,"items_purged":[],"score":366,"play_id":"6bad4030-b395-42e2-b5b6-a3451cd63259","local_time":"20201228215623","is_ascension_mode":true,"campfire_choices":[{"data":"SashWhip","floor":6.0,"key":"SMITH"},{"floor":8.0,"key":"REST"},{"data":"Consecrate","floor":11.0,"key":"SMITH"},{"data":"Evaluate","floor":15,"key":"SMITH"}],"circlet_count":0,"master_deck":["AscendersBane","Strike_P","Strike_P","Strike_P","Strike_P","Defend_P","Defend_P","Defend_P","Eruption+1","Vigilance","FollowUp","SashWhip+1","Consecrate+1","Evaluate+1","EmptyFist","ThirdEye","Conclude","DevaForm","TalkToTheHand","Wallop","Crescendo"],"relics":["PureWater","Golden Idol","Kunai","White Beast Statue","Gambling Chip","Black Star"],"acts_visited":["Exordium","TheCity"],"potions_floor_usage":[14,16,16,16,20],"damage_taken":[{"damage":0.0,"enemies":"Cultist","floor":1.0,"turns":2.0},{"damage":3.0,"enemies":"2 Louse","floor":3.0,"turns":3.0},{"damage":39.0,"enemies":"Lagavulin","floor":7.0,"turns":6.0},{"damage":0.0,"enemies":"Jaw Worm","floor":10.0,"turns":3.0},{"damage":0.0,"enemies":"Large Slime","floor":12.0,"turns":2.0},{"damage":0.0,"enemies":"Looter","floor":13.0,"turns":4.0},{"damage":5,"enemies":"Gremlin Gang","floor":14,"turns":5},{"damage":11,"enemies":"Hexaghost","floor":16,"turns":11},{"damage":15,"enemies":"2 Thieves","floor":18,"turns":3},{"damage":0,"enemies":"Chosen","floor":19,"turns":3},{"damage":20,"enemies":"Snake Plant","floor":20,"turns":6},{"damage":17,"enemies":"Sentry and Sphere","floor":21,"turns":3}],"seed_played":"6942962777113529061","potions_obtained":[{"floor":7.0,"key":"Dexterity Potion"},{"floor":10.0,"key":"Swift Potion"},{"floor":12.0,"key":"Fire Potion"},{"floor":14,"key":"EntropicBrew"},{"floor":16,"key":"SkillPotion"},{"floor":19,"key":"Strength Potion"},{"floor":20,"key":"FearPotion"}],"is_trial":false,"path_per_floor":["M","?","M","?","?","R","E","R","T","M","R","M","M","M","R","B",null,"M","M","M","M"],"character_chosen":"WATCHER","items_purchased":[],"campfire_rested":1,"item_purchase_floors":[],"current_hp_per_floor":[61,61,58,58,47,47,8,26,26,26,26,26,26,21,21,10,49,34,34,14,0,0],"gold":318,"neow_bonus":"UPGRADE_CARD","is_daily":false,"chose_seed":false,"campfire_upgraded":3,"win_rate":0.0,"timestamp":1609210583,"path_taken":["M","?","M","?","?","R","E","R","T","?","R","M","M","M","R","BOSS","M","M","M","M"],"items_purchased_type":[],"build_version":"2020-12-22","purchased_purges":0,"victory":false,"max_hp_per_floor":[68,62,62,62,62,62,62,62,62,62,62,62,62,62,62,62,62,62,62,62,62,62],"relic_stats":{"counters":[12,51],"Golden Idol":59,"Gambling Chip":[17],"Black Star":0,"Kunai":[19],"obtain_stats":[{"Golden Idol":2,"Gambling Chip":9,"Black Star":17,"Kunai":5,"PureWater":0,"White Beast Statue":7},{"Golden Idol":1,"Gambling Chip":3,"Black Star":8,"Kunai":2,"PureWater":0,"White Beast Statue":3},{"Golden Idol":2,"Gambling Chip":11,"Black Star":36,"Kunai":5,"PureWater":0,"White Beast Statue":11}]},"card_choices":[{"not_picked":["FlurryOfBlows","Swivel"],"picked":"FollowUp","floor":1.0},{"not_picked":["ClearTheMind","JustLucky"],"picked":"SashWhip","floor":3.0},{"not_picked":["PathToVictory","Halt"],"picked":"Consecrate","floor":7.0},{"not_picked":["ClearTheMind","FlyingSleeves"],"picked":"Evaluate","floor":10.0},{"not_picked":["Prostrate","ReachHeaven"],"picked":"EmptyFist","floor":12.0},{"not_picked":["SashWhip","CrushJoints"],"picked":"ThirdEye","floor":13.0},{"not_picked":["CrushJoints","EmptyFist"],"picked":"Conclude","floor":14},{"not_picked":["ConjureBlade","Brilliance"],"picked":"DevaForm","floor":16},{"not_picked":["JustLucky","SandsOfTime"],"picked":"TalkToTheHand","floor":18},{"not_picked":["FollowUp","EmptyFist"],"picked":"Wallop","floor":19},{"not_picked":["Protect","FlyingSleeves"],"picked":"Crescendo","floor":20}],"player_experience":2886868,"relics_obtained":[{"floor":7.0,"key":"White Beast Statue"},{"floor":9.0,"key":"Gambling Chip"}],"event_choices":[{"damage_healed":0.0,"max_hp_gain":0.0,"max_hp_loss":6.0,"gold_gain":0.0,"event_name":"Golden Idol","player_choice":"Lose Max HP","floor":2.0,"gold_loss":0.0,"damage_taken":0.0,"relics_obtained":["Golden Idol"]},{"cards_removed":["Defend_P"],"damage_healed":0.0,"max_hp_gain":0.0,"max_hp_loss":0.0,"gold_gain":0.0,"event_name":"The Cleric","player_choice":"Card Removal","floor":4.0,"gold_loss":75.0,"damage_taken":0.0},{"damage_healed":0.0,"max_hp_gain":0.0,"max_hp_loss":0.0,"gold_gain":0.0,"event_name":"Scrap Ooze","player_choice":"Success","floor":5.0,"gold_loss":0.0,"damage_taken":11.0,"relics_obtained":["Kunai"]}],"is_beta":false,"boss_relics":[{"not_picked":["HolyWater","SacredBark"],"picked":"Black Star"}],"items_purged_floors":[],"is_endless":false,"potions_floor_spawned":[7,10,12,13,14,16,18,19,20],"killed_by":"Sentry and Sphere","ascension_level":20}}