{"host":"yaxsefyig1et0yi2","time":1609210997,"event":{"mods":["Aspiration","BaseMod","BetterRewards","Colored Powertips","Conspire","Displayed Cursed Tome","Halation","Hermit","Hubris","Infinite Spire","Minty Spire (QoL Compilation)","Quick Restart","RatMod","Replay The Spire","Reworked Bosses","Spikes Relics","StSLib","The Jungle"],"gold_per_floor":[111,127,31,31,49,74,87,105,157,173,173,198,198,209,209,209,209],"floor_reached":16,"playtime":783,"items_purged":[],"score":114,"play_id":"843dbc52-b67c-426f-8f52-f61316581f8b","local_time":"20201228220317","is_ascension_mode":false,"campfire_choices":[{"floor":11,"key":"REST"},{"floor":13,"key":"REST"},{"data":"hermit:GoldenBullet","floor":15,"key":"SMITH"}],"circlet_count":0,"master_deck":["hermit:Strike_Hermit","hermit:Strike_Hermit","hermit:Strike_Hermit","hermit:Strike_Hermit","hermit:Defend_Hermit","hermit:Defend_Hermit","hermit:Defend_Hermit","hermit:Defend_Hermit","hermit:Snapshot","hermit:Covet","hermit:Grudge","hermit:TakeAim","hermit:HighCaliber","hermit:Headshot","hermit:Deadeye","hermit:SprayPray","hermit:Glare","hermit:GoldenBullet+1","hermit:PistolWhip","hermit:GoldenBullet"],"relics":["hermit:Momento","NeowsBlessing","Pen Nib","Blue Doll","hubris:DeckOfHolding"],"acts_visited":["Exordium"],"potions_floor_usage":[6,10,12,16],"damage_taken":[{"damage":0,"enemies":"Cultist","floor":1,"turns":1},{"damage":0,"enemies":"Jaw Worm","floor":2,"turns":1},{"damage":0,"enemies":"Small Slimes","floor":5,"turns":1},{"damage":48,"enemies":"Gremlin Nob","floor":6,"turns":5},{"damage":6,"enemies":"2 Fungi Beasts","floor":7,"turns":3},{"damage":4,"enemies":"Blue Slaver","floor":8,"turns":2},{"damage":6,"enemies":"Large Slime","floor":10,"turns":6},{"damage":21,"enemies":"Lagavulin","floor":12,"turns":5},{"damage":12,"enemies":"3 Louse","floor":14,"turns":3},{"damage":26,"enemies":"The Guardian","floor":16,"turns":5}],"seed_played":"-3484384236386894380","potions_obtained":[{"floor":5,"key":"Block Potion"},{"floor":7,"key":"Milkshake"},{"floor":8,"key":"LiquidMemories"},{"floor":10,"key":"Strength Potion"},{"floor":12,"key":"FearPotion"}],"is_trial":false,"path_per_floor":["M","M","$","?","M","E","M","M","T","M","R","E","R","M","R","B"],"character_chosen":"HERMIT","items_purchased":["hermit:HighCaliber","hermit:Headshot"],"campfire_rested":2,"item_purchase_floors":[3,3],"current_hp_per_floor":[75,75,75,75,75,27,21,17,17,11,33,12,34,22,22,0,0],"gold":209,"neow_bonus":"THREE_ENEMY_KILL","is_daily":false,"chose_seed":false,"campfire_upgraded":1,"win_rate":0.0,"timestamp":1609210997,"path_taken":["M","?","$","?","M","E","M","M","T","M","R","E","R","M","R","BOSS"],"items_purchased_type":["Card","Card"],"build_version":"2020-12-22","purchased_purges":0,"victory":false,"max_hp_per_floor":[75,75,75,75,75,75,75,75,75,75,75,75,75,75,75,75,75],"card_choices":[{"not_picked":["hermit:GhostlyPresence","hermit:SprayPray"],"picked":"hermit:Grudge","floor":1},{"not_picked":["hermit:GhostlyPresence","hermit:WideOpen"],"picked":"hermit:TakeAim","floor":2},{"not_picked":["hermit:DeadMansHand","hermit:Vantage"],"picked":"hermit:SprayPray","floor":5},{"not_picked":["hermit:Manifest","hermit:Virtue","hermit:Cheat"],"picked":"SKIP","floor":6},{"not_picked":["hermit:TrackingShot","hermit:Quickdraw"],"picked":"hermit:Glare","floor":7},{"not_picked":["hermit:Misfire","hermit:HoleUp","hermit:Gestalt"],"picked":"SKIP","floor":8},{"not_picked":["hermit:Coalescence","hermit:Glare"],"picked":"hermit:GoldenBullet","floor":10},{"not_picked":["hermit:Manifest","hermit:Cheat"],"picked":"hermit:PistolWhip","floor":12},{"not_picked":["hermit:Gestalt","hermit:DeadMansHand"],"picked":"hermit:GoldenBullet","floor":14}],"player_experience":235518,"relics_obtained":[{"floor":6,"key":"Pen Nib"},{"floor":9,"key":"Blue Doll"},{"floor":12,"key":"hubris:DeckOfHolding"}],"event_choices":[],"is_beta":false,"boss_relics":[],"items_purged_floors":[],"is_endless":false,"potions_floor_spawned":[5,7,8,10,12],"killed_by":"The Guardian","ascension_level":0}}