{"host":"utqe55yv0jihe4d6","time":1609257274,"event":{"mods":["2.2 Compatiblity","AchievementEnabler","BaseMod","Block Reminder","Colored Map","Colored Powertips","Minty Spire (QoL Compilation)","Quick Restart","Rare Cards Sparkle","Relic Stats","SuperFastMode"],"gold_per_floor":[112,112,129,129,143,143,173,173,225,254,254,254,254],"floor_reached":12,"playtime":356,"items_purged":[],"score":172,"play_id":"e9858ee9-a6f0-40e3-afd5-b1f140471ad5","local_time":"20201229105434","is_ascension_mode":true,"campfire_choices":[{"data":"Neutralize","floor":6.0,"key":"SMITH"},{"floor":8.0,"key":"REST"}],"circlet_count":0,"master_deck":["AscendersBane","Strike_G","Strike_G","Strike_G","Defend_G","Defend_G+1","Defend_G+1","Defend_G","Defend_G","Survivor","Neutralize+1","Dagger Spray","Escape Plan","Poisoned Stab","Cloak And Dagger"],"relics":["Ring of the Snake","Gambling Chip","Vajra","Strawberry","War Paint"],"acts_visited":["Exordium"],"potions_floor_usage":[10,10,12],"damage_taken":[{"damage":2.0,"enemies":"Small Slimes","floor":1.0,"turns":7.0},{"damage":0.0,"enemies":"2 Louse","floor":3.0,"turns":2.0},{"damage":1.0,"enemies":"Cultist","floor":5.0,"turns":4.0},{"damage":34.0,"enemies":"3 Sentries","floor":7.0,"turns":10.0},{"damage":15,"enemies":"Gremlin Nob","floor":10,"turns":4},{"damage":24,"enemies":"Lagavulin","floor":12,"turns":8}],"seed_played":"7045818060933765388","potions_obtained":[{"floor":3.0,"key":"Ancient Potion"},{"floor":7.0,"key":"Energy Potion"},{"floor":10,"key":"ColorlessPotion"}],"is_trial":false,"path_per_floor":["M","?","M","?","M","R","E","R","T","E","?","E"],"character_chosen":"THE_SILENT","items_purchased":[],"campfire_rested":1,"item_purchase_floors":[],"current_hp_per_floor":[42,47,47,47,46,46,12,33,40,25,18,0,0],"gold":254,"neow_bonus":"ONE_RARE_RELIC","is_daily":false,"chose_seed":false,"campfire_upgraded":1,"win_rate":0.0,"timestamp":1609257274,"path_taken":["M","?","M","?","?","R","E","R","T","E","?","E"],"items_purchased_type":[],"build_version":"2020-12-22","purchased_purges":0,"victory":false,"max_hp_per_floor":[66,71,71,71,71,71,71,71,78,78,78,78,78],"relic_stats":{"counters":[6,35],"Gambling Chip":[20],"War Paint":["Defend_G","Defend_G"],"obtain_stats":[{"Gambling Chip":0,"Strawberry":9,"Vajra":7,"War Paint":10,"Ring of the Snake":0},{"Gambling Chip":0,"Strawberry":4,"Vajra":4,"War Paint":5,"Ring of the Snake":0},{"Gambling Chip":0,"Strawberry":23,"Vajra":23,"War Paint":27,"Ring of the Snake":0}],"Ring of the Snake":[12]},"card_choices":[{"not_picked":["Underhanded Strike","Quick Slash"],"picked":"Dagger Spray","floor":1.0},{"not_picked":["Acrobatics","Doppelganger"],"picked":"Escape Plan","floor":3.0},{"not_picked":["Deflect","Backflip"],"picked":"Poisoned Stab","floor":5.0},{"not_picked":["Dagger Throw","Bane"],"picked":"Cloak And Dagger","floor":7.0},{"not_picked":["Dagger Throw","Dodge and Roll","Terror"],"picked":"SKIP","floor":10}],"player_experience":2895469,"relics_obtained":[{"floor":7.0,"key":"Vajra"},{"floor":9.0,"key":"Strawberry"},{"floor":10,"key":"War Paint"}],"event_choices":[{"damage_healed":0.0,"max_hp_gain":5.0,"max_hp_loss":0.0,"gold_gain":0.0,"event_name":"Big Fish","player_choice":"Donut","floor":2.0,"gold_loss":0.0,"damage_taken":0.0},{"cards_removed":["Strike_G"],"damage_healed":0.0,"max_hp_gain":0.0,"max_hp_loss":0.0,"gold_gain":0.0,"event_name":"Wheel of Change","player_choice":"Card Removal","floor":4.0,"gold_loss":0.0,"damage_taken":0.0},{"cards_removed":["Strike_G"],"damage_healed":0,"gold_gain":0,"player_choice":"Card Removal","damage_taken":7,"max_hp_gain":0,"max_hp_loss":0,"event_name":"Golden Wing","floor":11,"gold_loss":0}],"is_beta":false,"boss_relics":[],"items_purged_floors":[],"is_endless":false,"potions_floor_spawned":[3,7,10],"killed_by":"Lagavulin","ascension_level":20}}