{"host":"52zmxm0oht7x0uft","time":1609263398,"event":{"mods":["AchievementEnabler","BaseMod","Minty Spire (QoL Compilation)","Quick Restart"],"gold_per_floor":[112,123,142,162,87,87,120,135,135,135,155,105,105,105],"floor_reached":13,"playtime":662,"items_purged":["Strike_R","Strike_R"],"score":104,"play_id":"675d62e0-976b-46d4-a526-d93adc37af7f","local_time":"20201229183638","is_ascension_mode":true,"campfire_choices":[{"data":"Clash","floor":6,"key":"SMITH"},{"data":"Flame Barrier","floor":10,"key":"SMITH"}],"circlet_count":0,"master_deck":["Strike_R","Strike_R","Strike_R","Defend_R","Defend_R","Defend_R","Defend_R","Bash","Clash+1","Flame Barrier+1","Clash"],"relics":["Burning Blood","Smiling Mask","Bottled Lightning"],"acts_visited":["Exordium"],"potions_floor_usage":[13],"damage_taken":[{"damage":4,"enemies":"2 Louse","floor":1,"turns":4},{"damage":6,"enemies":"Cultist","floor":2,"turns":3},{"damage":7,"enemies":"Jaw Worm","floor":3,"turns":3},{"damage":3,"enemies":"Blue Slaver","floor":4,"turns":4},{"damage":48,"enemies":"3 Sentries","floor":7,"turns":13},{"damage":10,"enemies":"Looter","floor":8,"turns":4},{"damage":18,"enemies":"Exordium Thugs","floor":11,"turns":5},{"damage":33,"enemies":"Lagavulin","floor":13,"turns":7}],"seed_played":"-2529014805003366934","potions_obtained":[{"floor":2,"key":"LiquidBronze"},{"floor":3,"key":"SteroidPotion"},{"floor":7,"key":"EssenceOfSteel"}],"is_trial":false,"path_per_floor":["M","M","M","M","$","R","E","M","T","R","M","$","E"],"character_chosen":"IRONCLAD","items_purchased":[],"campfire_rested":0,"item_purchase_floors":[],"current_hp_per_floor":[88,88,87,88,88,88,46,42,42,42,30,30,0,0],"gold":105,"neow_bonus":"TEN_PERCENT_HP_BONUS","is_daily":false,"chose_seed":false,"campfire_upgraded":2,"win_rate":0.0,"timestamp":1609263398,"path_taken":["M","M","M","M","$","R","E","M","T","R","M","$","E"],"items_purchased_type":[],"build_version":"2020-12-22","purchased_purges":2,"victory":false,"max_hp_per_floor":[88,88,88,88,88,88,88,88,88,88,88,88,88,88],"card_choices":[{"not_picked":["Headbutt","Blood for Blood"],"picked":"Clash","floor":1},{"not_picked":["Pommel Strike","Rupture","True Grit"],"picked":"SKIP","floor":2},{"not_picked":["Carnage","Metallicize"],"picked":"Flame Barrier","floor":3},{"not_picked":["Rupture","Anger","Pommel Strike"],"picked":"SKIP","floor":4},{"not_picked":["Sentinel","Exhume","Whirlwind"],"picked":"SKIP","floor":7},{"not_picked":["Whirlwind","Havoc","Body Slam"],"picked":"SKIP","floor":8},{"not_picked":["Feel No Pain","Thunderclap"],"picked":"Clash","floor":11}],"player_experience":327645,"relics_obtained":[{"floor":7,"key":"Smiling Mask"},{"floor":9,"key":"Bottled Lightning"}],"event_choices":[],"is_beta":false,"boss_relics":[],"items_purged_floors":[5,12],"is_endless":false,"potions_floor_spawned":[2,3,7,8,11],"killed_by":"Lagavulin","ascension_level":4}}