{"host":"n9qtmgye2hz5t4ok","time":1609246164,"event":{"mods":["Act Like it!","BaseMod","Colored Map","Downfall","Gensokyo","Infinite Spire","Koishi","Marisa????????","Minty Spire (QoL Compilation)","StSLib","The Jungle","The Servant 0.9.4"],"gold_per_floor":[69000,69000,69020,68131,68148,68148,68150,68150,68174,68210,67132,67151,67151,67163,67163,67271,67271,67289,67303,66402,66417,65935,65968,65980,66026,66120,66161,66173,66197,66238,66265,66277,66396,66408,66431,66459,66495,66507,66531,66570,66582,66626,66638,66650,66682,65756,65773,65288,65288,65398,65398,65411,65411,64713,64728,64736,64736,64736,64763,64790,64801,64801,64850,64850,64859,64859,64937,64937,64940,64936,64936,64938,64497,64513,64505,64505,64557,63969,64295,64295,63530,63542,63542,63611,63611,63613,63613,63263,63269,63269,63278,63286,63294,63343,63367,63398,63398,63364,63362,63362,63434,63434,63434],"floor_reached":102,"playtime":6281,"items_purged":["Regret","Strike_G","Strike_G","Strike_G","Strike_G","Defend_G","Defend_G","Defend_G","Survivor"],"score":2492,"play_id":"af2db4f1-5bcb-40bc-b48f-451e96eae98e","local_time":"20201229134924","is_ascension_mode":true,"campfire_choices":[{"data":"Cloak And Dagger","floor":6.0,"key":"SMITH"},{"data":"Backstab","floor":15.0,"key":"SMITH"},{"data":"After Image","floor":32.0,"key":"SMITH"},{"data":"After Image","floor":41.0,"key":"SMITH"},{"data":"Infinite Blades","floor":44.0,"key":"SMITH"},{"data":"Apotheosis","floor":49.0,"key":"SMITH"},{"data":"Accuracy","floor":57.0,"key":"SMITH"},{"data":"Phantasmal Killer","floor":66.0,"key":"SMITH"},{"data":"infinitespire:Gouge","floor":80.0,"key":"SMITH"},{"data":"infinitespire:Fortify","floor":83.0,"key":"SMITH"},{"data":"Adrenaline","floor":100.0,"key":"SMITH"}],"circlet_count":0,"master_deck":["Neutralize","Blade Dance+1","Blade Dance","Sadistic Nature","Backstab+1","Slice+1","Cloak And Dagger+1","Slice+1","Footwork","expansioncontent:DashGenerateEvil","Deflect","Blade Dance","After Image+1","Infinite Blades","Accuracy+1","Cloak And Dagger","Good Instincts","Backflip","infinitespire:Oblivion","Backflip","Backstab","After Image+1","Finisher+1","A Thousand Cuts+1","Deflect+1","Apotheosis+1","Infinite Blades+1","Deflect+1","Tools of the Trade+1","Infinite Blades+1","Accuracy+1","expansioncontent:Collect+1","Escape Plan","Phantasmal Killer+1","Storm of Steel","infinitespire:Fortify+1","Choke+1","infinitespire:Gouge+1","Accuracy+1","infinitespire:Gouge","A Thousand Cuts+1","Accuracy+1","Adrenaline+1","infinitespire:Gouge+1","Adrenaline"],"relics":["Empty Cage","Blood Vial","infinitespire:Midas Blood","Vajra","ClockworkSouvenir","Omamori","Meat on the Bone","infinitespire:EmpoweringShard","Sling","infinitespire:Bottled Soul","Black Star","Tough Bandages","PreservedInsect","Chemical X","MawBank","Centennial Puzzle","Shuriken","Smiling Mask","Bottled Lightning","Pen Nib","Bird Faced Urn","WarpedTongs","Matryoshka","Pocketwatch","HoveringKite","Happy Flower","White Beast Statue","Mercury Hourglass","Prayer Wheel","Potion Belt","Frozen Egg 2","Eternal Feather","Paper Crane","HandDrill","Gremlin Horn","infinitespire:BottledMercury","SacredBark","WarpedTongs","infinitespire:WardingShard","Whetstone","DollysMirror","Strawberry","Orichalcum","infinitespire:ShieldingShard","Bag of Marbles","Boot","SlaversCollar","Coffee Dripper","Anchor","Pear","Regal Pillow","Tiny Chest","Nunchaku","Kunai","Lantern","Frozen Eye","Bag of Preparation","Old Coin","infinitespire:FocusingShard","Mummified Hand","TwistedFunnel","infinitespire:Cupcake","Dream Catcher","Oddly Smooth Stone","Ancient Tea Set","infinitespire:Lucky Rock","infinitespire:Beetle Shell","Bottled Flame","infinitespire:Satchel","Snake Skull","Peace Pipe","WristBlade"],"acts_visited":["Exordium","Exordium","TheBeyond","Exordium","TheCity","TheBeyond"],"potions_floor_usage":[],"damage_taken":[{"damage":0.0,"enemies":"2 Louse","floor":1.0,"turns":3.0},{"damage":1.0,"enemies":"Jaw Worm","floor":3.0,"turns":3.0},{"damage":0.0,"enemies":"Cultist","floor":5.0,"turns":2.0},{"damage":4.0,"enemies":"Gremlin Nob","floor":10.0,"turns":3.0},{"damage":0.0,"enemies":"Looter","floor":12.0,"turns":2.0},{"damage":0.0,"enemies":"Exordium Thugs","floor":14.0,"turns":2.0},{"damage":24.0,"enemies":"Hexaghost","floor":16.0,"turns":6.0},{"damage":3.0,"enemies":"theJungle:GiantWrat","floor":18.0,"turns":3.0},{"damage":6.0,"enemies":"Shell Parasite","floor":19.0,"turns":3.0},{"damage":0.0,"enemies":"theJungle:2_Snecko_Cultists","floor":21.0,"turns":3.0},{"damage":18.0,"enemies":"Nightmare","floor":23.0,"turns":4.0},{"damage":6.0,"enemies":"theJungle:Cassacara","floor":25.0,"turns":2.0},{"damage":0.0,"enemies":"theJungle:MamaSnecko","floor":27.0,"turns":2.0},{"damage":0.0,"enemies":"theJungle:SlimyTreeVines","floor":29.0,"turns":2.0},{"damage":0.0,"enemies":"theJungle:2_Phrogs","floor":30.0,"turns":3.0},{"damage":0.0,"enemies":"theJungle:Lyon","floor":31.0,"turns":1.0},{"damage":10.0,"enemies":"theJungle:FunGuy","floor":33.0,"turns":7.0},{"damage":0.0,"enemies":"3 Shapes","floor":35.0,"turns":2.0},{"damage":2.0,"enemies":"Orb Walker","floor":36.0,"turns":2.0},{"damage":23.0,"enemies":"3 Darklings","floor":37.0,"turns":3.0},{"damage":0.0,"enemies":"Maw","floor":39.0,"turns":5.0},{"damage":0.0,"enemies":"Reptomancer","floor":40.0,"turns":2.0},{"damage":2.0,"enemies":"Nemesis","floor":42.0,"turns":3.0},{"damage":0.0,"enemies":"Jaw Worm Horde","floor":45.0,"turns":2.0},{"damage":0.0,"enemies":"Spire Growth","floor":47.0,"turns":3.0},{"damage":34.0,"enemies":"Awakened One","floor":50.0,"turns":6.0},{"damage":0.0,"enemies":"Cultist","floor":52.0,"turns":1.0},{"damage":0.0,"enemies":"2 Louse","floor":55.0,"turns":1.0},{"damage":0.0,"enemies":"Small Slimes","floor":56.0,"turns":1.0},{"damage":0.0,"enemies":"Gremlin Nob","floor":59.0,"turns":1.0},{"damage":0.0,"enemies":"Red Slaver","floor":61.0,"turns":1.0},{"damage":0.0,"enemies":"Lagavulin Event","floor":63.0,"turns":1.0},{"damage":0.0,"enemies":"Blue Slaver","floor":65.0,"turns":1.0},{"damage":0.0,"enemies":"Slime Boss","floor":67.0,"turns":3.0},{"damage":0.0,"enemies":"Spheric Guardian","floor":69.0,"turns":1.0},{"damage":0.0,"enemies":"3 Byrds","floor":70.0,"turns":3.0},{"damage":0.0,"enemies":"Snecko","floor":72.0,"turns":2.0},{"damage":0.0,"enemies":"Slavers","floor":74.0,"turns":1.0},{"damage":0.0,"enemies":"Cultist and Chosen","floor":75.0,"turns":2.0},{"damage":25.0,"enemies":"Gremlin Leader","floor":79.0,"turns":2.0},{"damage":0.0,"enemies":"Sentry and Sphere","floor":82.0,"turns":1.0},{"damage":0.0,"enemies":"Champ","floor":84.0,"turns":3.0},{"damage":0.0,"enemies":"3 Shapes","floor":86.0,"turns":1.0},{"damage":0.0,"enemies":"3 Darklings","floor":89.0,"turns":1.0},{"damage":0.0,"enemies":"Reptomancer","floor":91.0,"turns":2.0},{"damage":0.0,"enemies":"Jaw Worm Horde","floor":92.0,"turns":1.0},{"damage":0.0,"enemies":"Nemesis","floor":93.0,"turns":2.0},{"damage":0.0,"enemies":"Mind Bloom Boss Battle","floor":96.0,"turns":2.0},{"damage":0.0,"enemies":"Transient","floor":98.0,"turns":5.0},{"damage":0.0,"enemies":"3 Darklings","floor":99.0,"turns":1.0},{"damage":18.0,"enemies":"Time Eater","floor":101.0,"turns":4.0}],"seed_played":"6708781183877809502","potions_obtained":[{"floor":3.0,"key":"LiquidBronze"},{"floor":5.0,"key":"GamblersBrew"},{"floor":12.0,"key":"Explosive Potion"},{"floor":16.0,"key":"EssenceOfSteel"},{"floor":25.0,"key":"SkillPotion"},{"floor":27.0,"key":"PowerPotion"},{"floor":42.0,"key":"FairyPotion"},{"floor":45.0,"key":"DistilledChaos"},{"floor":50.0,"key":"SteroidPotion"},{"floor":52.0,"key":"FearPotion"},{"floor":55.0,"key":"EssenceOfSteel"},{"floor":65.0,"key":"DistilledChaos"},{"floor":70.0,"key":"EssenceOfSteel"},{"floor":82.0,"key":"CunningPotion"},{"floor":96.0,"key":"PowerPotion"},{"floor":99.0,"key":"PowerPotion"}],"is_trial":false,"path_per_floor":["M","?","M","$","M","R","?","?","T","E","$","M","?","M","R","B",null,"M","M","$","M","?","NM","?","E","T","E","?","M","E","M","R","B",null,"M","M","M","?","M","E","R","E","T","R","M","$","M","$","R","B",null,"M","?","$","M","M","R","T","E","T","M","?","?","AVR","M","R","B",null,"M","M","?","M","$","E","M","AVR","T","$","E","R","$","M","R","B",null,"M","?","$","M","?","E","M","E","T","T","?","?","M","M","R","B",null],"character_chosen":"THE_SILENT","items_purchased":["infinitespire:Midas Blood","Vajra","ClockworkSouvenir","Sadistic Nature","Backstab","Slice","infinitespire:EmpoweringShard","Slice","Sling","Footwork","infinitespire:Bottled Soul","expansioncontent:DashGenerateEvil","Tough Bandages","Accuracy","PreservedInsect","Chemical X","Cloak And Dagger","Good Instincts","Eternal Feather","Paper Crane","HandDrill","Apotheosis","PowerPotion","Gremlin Horn","infinitespire:BottledMercury","infinitespire:WardingShard","Whetstone","DollysMirror","expansioncontent:Collect+1","Anchor","Pear","Kunai","Lantern","Frozen Eye","infinitespire:FocusingShard","Mummified Hand","TwistedFunnel","Accuracy+1","Dream Catcher","Oddly Smooth Stone"],"campfire_rested":0,"item_purchase_floors":[4,4,4,4,4,4,11,11,11,11,11,11,20,20,20,20,20,20,46,46,46,46,46,48,48,54,54,54,54,73,73,78,78,78,81,81,81,81,88,88],"current_hp_per_floor":[70,70,69,69,70,70,56,56,56,54,54,56,56,58,58,36,70,67,63,63,65,65,49,49,45,45,47,47,49,59,61,61,60,70,70,68,49,49,63,69,69,68,68,68,70,70,70,70,70,48,70,70,70,70,70,70,70,77,77,77,77,77,77,77,77,77,77,77,77,77,77,77,87,87,87,87,87,87,62,86,86,87,87,87,87,87,87,87,87,83,83,83,83,83,83,83,83,83,83,83,69,83,83],"gold":63434,"neow_bonus":"BOSS_RELIC","is_daily":false,"chose_seed":false,"campfire_upgraded":11,"win_rate":0.0,"timestamp":1609246164,"path_taken":["M","?","M","$","M","R","?","?","T","E","$","?","?","M","R","BOSS","M","M","$","M","?","NM","?","E","T","E","?","M","E","M","R","BOSS","M","?","M","?","M","E","R","E","T","R","M","$","?","$","R","BOSS","M","?","$","M","?","R","?","E","T","?","?","?","AVR","M","R","BOSS","M","M","?","M","$","E","M","AVR","T","?","E","R","$","M","R","BOSS","M","?","$","M","?","E","M","E","T","?","?","?","?","M","R","BOSS"],"items_purchased_type":["Relic","Relic","Relic","Card","Card","Card","Relic","Card","Relic","Card","Relic","Card","Relic","Card","Relic","Relic","Card","Card","Relic","Relic","Relic","Card","Potion","Relic","Relic","Relic","Relic","Relic","Card","Relic","Relic","Relic","Relic","Relic","Relic","Relic","Relic","Card","Relic","Relic"],"build_version":"2020-12-22","purchased_purges":9,"victory":false,"max_hp_per_floor":[70,70,70,70,70,70,70,70,70,70,70,70,70,70,70,70,70,70,70,70,70,70,70,70,70,70,70,70,70,70,70,70,70,70,70,70,70,70,70,70,70,70,70,70,70,70,70,70,70,70,70,70,70,70,70,70,70,77,77,77,77,77,77,77,77,77,77,77,77,77,77,77,87,87,87,87,87,87,87,87,87,87,87,87,87,87,87,87,87,83,83,83,83,83,83,83,83,83,83,83,83,83,83],"card_choices":[{"not_picked":["Underhanded Strike","Deadly Poison"],"picked":"Blade Dance","floor":1.0},{"not_picked":["Calculated Gamble","Quick Slash"],"picked":"Blade Dance","floor":3.0},{"not_picked":["Outmaneuver","Well Laid Plans"],"picked":"Cloak And Dagger","floor":5.0},{"not_picked":["PiercingWail","Wraith Form v2","All Out Attack"],"picked":"SKIP","floor":10.0},{"not_picked":["Acrobatics","Dagger Throw"],"picked":"Deflect","floor":12.0},{"not_picked":["Terror","Deflect"],"picked":"Blade Dance","floor":14.0},{"not_picked":["Venomology","Malaise"],"picked":"After Image","floor":16.0},{"not_picked":["Acrobatics","Tactician"],"picked":"Infinite Blades","floor":18.0},{"not_picked":["Dagger Spray+1","Predator","Dagger Throw"],"picked":"SKIP","floor":19.0},{"not_picked":["Calculated Gamble","Underhanded Strike"],"picked":"Backflip","floor":21.0},{"not_picked":["infinitespire:FinalStrike","infinitespire:Starlight"],"picked":"infinitespire:Oblivion","floor":22.0},{"not_picked":["Prepared","Riddle With Holes","Acrobatics"],"picked":"SKIP","floor":23.0},{"not_picked":["Blur+1","Catalyst+1","Deadly Poison"],"picked":"SKIP","floor":25.0},{"not_picked":["Endless Agony+1","Dodge and Roll"],"picked":"Backflip","floor":27.0},{"not_picked":["Wraith Form v2","Backflip"],"picked":"Infinite Blades","floor":29.0},{"not_picked":["Catalyst","Glass Knife"],"picked":"Backstab","floor":30.0},{"not_picked":["Sucker Punch","Tactician","Slice"],"picked":"SKIP","floor":31.0},{"not_picked":["Glass Knife","Die Die Die"],"picked":"After Image","floor":33.0},{"not_picked":["Dash+1","Leg Sweep","Dagger Spray+1"],"picked":"SKIP","floor":35.0},{"not_picked":["Noxious Fumes","Distraction","Dodge and Roll"],"picked":"SKIP","floor":36.0},{"not_picked":["Sucker Punch+1","Noxious Fumes+1","Distraction"],"picked":"SKIP","floor":37.0},{"not_picked":["Deadly Poison+1","Crippling Poison","Eviscerate"],"picked":"SKIP","floor":39.0},{"not_picked":["Prepared+1","Blade Dance+1"],"picked":"Finisher+1","floor":40.0},{"not_picked":["Quick Slash+1","Slice","Deadly Poison+1"],"picked":"SKIP","floor":42.0},{"not_picked":["Slice+1","Dagger Throw"],"picked":"A Thousand Cuts+1","floor":45.0},{"not_picked":["Reflex+1","Dagger Spray+1"],"picked":"Deflect+1","floor":45.0},{"not_picked":["Blur+1","Reflex+1"],"picked":"Infinite Blades+1","floor":47.0},{"not_picked":["Sucker Punch","Expertise"],"picked":"Deflect+1","floor":47.0},{"not_picked":["Venomology","Burst"],"picked":"Tools of the Trade+1","floor":50.0},{"not_picked":["Dagger Throw","Bane"],"picked":"Infinite Blades+1","floor":52.0},{"not_picked":["Dodge and Roll","Underhanded Strike","Poisoned Stab"],"picked":"SKIP","floor":52.0},{"not_picked":["Tactician","Reflex"],"picked":"Escape Plan","floor":55.0},{"not_picked":["Tactician","Acrobatics","Cloak And Dagger"],"picked":"SKIP","floor":55.0},{"not_picked":["Riddle With Holes","Skewer","Flying Knee"],"picked":"SKIP","floor":56.0},{"not_picked":["Underhanded Strike","Deadly Poison","Acrobatics"],"picked":"SKIP","floor":56.0},{"not_picked":["Blur","Well Laid Plans+1"],"picked":"Phantasmal Killer","floor":59.0},{"not_picked":["Deadly Poison","Sucker Punch","Footwork+1"],"picked":"SKIP","floor":61.0},{"not_picked":["Distraction","Outmaneuver","Bane"],"picked":"SKIP","floor":61.0},{"not_picked":["All Out Attack","Poisoned Stab"],"picked":"Storm of Steel","floor":63.0},{"not_picked":["Reflex","Acrobatics","Footwork+1"],"picked":"SKIP","floor":65.0},{"not_picked":["Sucker Punch","Outmaneuver","Reflex"],"picked":"SKIP","floor":65.0},{"not_picked":["Flechettes","Deflect"],"picked":"Choke+1","floor":69.0},{"not_picked":["Deflect+1","Blade Dance+1","Dodge and Roll"],"picked":"SKIP","floor":69.0},{"not_picked":["Reflex+1","Bane+1","Dagger Spray+1"],"picked":"SKIP","floor":70.0},{"not_picked":["Deflect+1","Prepared","Dagger Throw+1"],"picked":"SKIP","floor":70.0},{"not_picked":["Expertise","Well Laid Plans+1","Underhanded Strike"],"picked":"SKIP","floor":72.0},{"not_picked":["All Out Attack+1","Dash+1","Backflip"],"picked":"SKIP","floor":72.0},{"not_picked":["PiercingWail+1","After Image+1","Prepared+1"],"picked":"SKIP","floor":74.0},{"not_picked":["Footwork+1","All Out Attack","Deflect+1"],"picked":"SKIP","floor":75.0},{"not_picked":["Riddle With Holes","Dagger Spray","Outmaneuver+1"],"picked":"SKIP","floor":75.0},{"not_picked":["Flying Knee+1","Dodge and Roll","Doppelganger"],"picked":"SKIP","floor":79.0},{"not_picked":["Dodge and Roll","Poisoned Stab+1","Dagger Spray"],"picked":"SKIP","floor":82.0},{"not_picked":["Bane","Deadly Poison+1","Terror+1"],"picked":"SKIP","floor":82.0},{"not_picked":["infinitespire:SevenWalls","infinitespire:DeathsTouch"],"picked":"infinitespire:Gouge","floor":84.0},{"not_picked":["Envenom+1","infinitespire:Neurotoxin"],"picked":"A Thousand Cuts+1","floor":84.0},{"not_picked":["Flying Knee+1","Deadly Poison","Bane"],"picked":"SKIP","floor":86.0},{"not_picked":["Flying Knee+1","Dagger Throw+1","Prepared+1"],"picked":"SKIP","floor":86.0},{"not_picked":["Dodge and Roll+1","Bane"],"picked":"Accuracy+1","floor":89.0},{"not_picked":["Poisoned Stab+1","Blade Dance+1","Acrobatics"],"picked":"SKIP","floor":89.0},{"not_picked":["Underhanded Strike","Deflect+1"],"picked":"Adrenaline","floor":91.0},{"not_picked":["Distraction","Backflip+1","Terror"],"picked":"SKIP","floor":92.0},{"not_picked":["Sucker Punch+1","Deflect","Quick Slash+1"],"picked":"SKIP","floor":92.0},{"not_picked":["Blur","Backstab+1","Flying Knee+1"],"picked":"SKIP","floor":93.0},{"not_picked":["Deadly Poison+1","Heel Hook","Underhanded Strike"],"picked":"SKIP","floor":98.0},{"not_picked":["Corpse Explosion","Bane+1","Dagger Throw+1"],"picked":"SKIP","floor":98.0},{"not_picked":["Reflex+1","Dodge and Roll+1","Quick Slash"],"picked":"SKIP","floor":99.0},{"not_picked":["Sucker Punch+1","Underhanded Strike","Slice"],"picked":"SKIP","floor":99.0},{"not_picked":["Die Die Die","Envenom+1"],"picked":"Adrenaline","floor":101.0}],"player_experience":76368,"relics_obtained":[{"floor":9.0,"key":"Omamori"},{"floor":10.0,"key":"Meat on the Bone"},{"floor":23.0,"key":"MawBank"},{"floor":23.0,"key":"Centennial Puzzle"},{"floor":25.0,"key":"Shuriken"},{"floor":25.0,"key":"Smiling Mask"},{"floor":26.0,"key":"Bottled Lightning"},{"floor":27.0,"key":"Pen Nib"},{"floor":27.0,"key":"Bird Faced Urn"},{"floor":30.0,"key":"Matryoshka"},{"floor":30.0,"key":"Pocketwatch"},{"floor":40.0,"key":"Happy Flower"},{"floor":40.0,"key":"White Beast Statue"},{"floor":42.0,"key":"Mercury Hourglass"},{"floor":42.0,"key":"Prayer Wheel"},{"floor":43.0,"key":"Potion Belt"},{"floor":43.0,"key":"Frozen Egg 2"},{"floor":58.0,"key":"Strawberry"},{"floor":59.0,"key":"Orichalcum"},{"floor":59.0,"key":"infinitespire:ShieldingShard"},{"floor":60.0,"key":"Bag of Marbles"},{"floor":74.0,"key":"Regal Pillow"},{"floor":74.0,"key":"Tiny Chest"},{"floor":77.0,"key":"Nunchaku"},{"floor":79.0,"key":"Bag of Preparation"},{"floor":79.0,"key":"Old Coin"},{"floor":91.0,"key":"Ancient Tea Set"},{"floor":91.0,"key":"infinitespire:Lucky Rock"},{"floor":93.0,"key":"infinitespire:Beetle Shell"},{"floor":93.0,"key":"Bottled Flame"},{"floor":94.0,"key":"infinitespire:Satchel"},{"floor":95.0,"key":"Snake Skull"},{"floor":96.0,"key":"Peace Pipe"}],"event_choices":[{"damage_healed":0.0,"max_hp_gain":0.0,"max_hp_loss":0.0,"gold_gain":0.0,"event_name":"Big Fish","player_choice":"Box","floor":2.0,"gold_loss":0.0,"damage_taken":0.0,"relics_obtained":["Blood Vial"],"cards_obtained":["Regret"]},{"damage_healed":0.0,"max_hp_gain":0.0,"max_hp_loss":0.0,"gold_gain":0.0,"event_name":"Shining Light","player_choice":"Entered Light","floor":7.0,"gold_loss":0.0,"damage_taken":14.0,"cards_upgraded":["Defend_G","Blade Dance"]},{"damage_healed":0.0,"max_hp_gain":0.0,"max_hp_loss":0.0,"gold_gain":0.0,"event_name":"Golden Shrine","player_choice":"Ignored","floor":8.0,"gold_loss":0.0,"damage_taken":0.0},{"cards_removed":["Defend_G"],"damage_healed":0.0,"max_hp_gain":0.0,"max_hp_loss":0.0,"gold_gain":0.0,"event_name":"Bonfire Elementals","player_choice":"Offered Basic","floor":13.0,"gold_loss":0.0,"damage_taken":0.0},{"damage_healed":0.0,"max_hp_gain":0.0,"max_hp_loss":0.0,"gold_gain":0.0,"event_name":"Accursed Blacksmith","player_choice":"Rummage","floor":28.0,"gold_loss":0.0,"damage_taken":0.0,"relics_obtained":["WarpedTongs"],"cards_obtained":["Pain"]},{"damage_healed":0.0,"max_hp_gain":0.0,"max_hp_loss":0.0,"gold_gain":0.0,"event_name":"Golden Shrine","player_choice":"Ignored","floor":38.0,"gold_loss":0.0,"damage_taken":0.0},{"damage_healed":0.0,"max_hp_gain":0.0,"max_hp_loss":0.0,"gold_gain":0.0,"event_name":"Accursed Blacksmith","player_choice":"Rummage","floor":53.0,"gold_loss":0.0,"damage_taken":0.0,"relics_obtained":["WarpedTongs"],"cards_obtained":["Pain"]},{"damage_healed":0.0,"max_hp_gain":0.0,"max_hp_loss":0.0,"gold_gain":0.0,"event_name":"Golden Idol","player_choice":"Ignored","floor":62.0,"gold_loss":0.0,"damage_taken":0.0},{"damage_healed":0.0,"max_hp_gain":0.0,"max_hp_loss":0.0,"gold_gain":30.0,"event_name":"Dead Adventurer","player_choice":"Searched \u00273\u0027 times","floor":63.0,"gold_loss":0.0,"damage_taken":0.0,"relics_obtained":["Boot"]},{"damage_healed":0.0,"max_hp_gain":0.0,"max_hp_loss":0.0,"gold_gain":0.0,"event_name":"Ghosts","player_choice":"Ignored","floor":71.0,"gold_loss":0.0,"damage_taken":0.0},{"cards_removed":["Infinite Blades"],"damage_healed":0.0,"max_hp_gain":0.0,"max_hp_loss":0.0,"gold_gain":0.0,"event_name":"Falling","player_choice":"Removed Power","floor":87.0,"gold_loss":0.0,"damage_taken":0.0},{"damage_healed":0.0,"max_hp_gain":0.0,"max_hp_loss":4.0,"gold_gain":0.0,"event_name":"Winding Halls","player_choice":"Max HP","floor":90.0,"gold_loss":0.0,"damage_taken":0.0},{"damage_healed":0.0,"max_hp_gain":0.0,"max_hp_loss":0.0,"gold_gain":0.0,"event_name":"MindBloom","player_choice":"Fight","floor":96.0,"gold_loss":0.0,"damage_taken":0.0},{"damage_healed":0.0,"max_hp_gain":0.0,"max_hp_loss":0.0,"gold_gain":0.0,"event_name":"Duplicator","player_choice":"Copied","floor":97.0,"gold_loss":0.0,"damage_taken":0.0,"cards_obtained":["infinitespire:Gouge"]}],"is_beta":false,"boss_relics":[{"not_picked":["Calling Bell","SlaversCollar"],"picked":"Black Star"},{"not_picked":["Velvet Choker","Runic Dome"],"picked":"HoveringKite"},{"not_picked":["Fusion Hammer","Busted Crown"],"picked":"SacredBark"},{"not_picked":["Fusion Hammer","Calling Bell"],"picked":"Coffee Dripper"},{"not_picked":["Runic Pyramid","Sozu"],"picked":"infinitespire:Cupcake"},{"not_picked":["Runic Dome","Philosopher\u0027s Stone"],"picked":"WristBlade"}],"items_purged_floors":[4,11,20,46,54,73,78,81,88],"is_endless":true,"potions_floor_spawned":[3,5,12,16,25,27,31,33,37,42,45,47,50,52,55,56,59,61,63,65,67,69,70,72,74,75,79,82,84,86,89,92,93,96,98,99,101],"ascension_level":1}}