{"host":"1c52r9kaxdyo25eq","time":1609278494,"event":{"mods":["AchievementEnabler","BaseMod","Minty Spire (QoL Compilation)","Rare Cards Sparkle","SuperFastMode","everything is the same but u backflip on backflip"],"gold_per_floor":[110,127,127,127,138,138,155,155,155,95,95,106,4,21,21,98,98,108,124,124,124],"floor_reached":20,"playtime":478,"items_purged":["Strike_G","Defend_G"],"score":332,"play_id":"14f528b3-be13-4c64-a1a7-75a06ea618a7","local_time":"20201230064814","is_ascension_mode":true,"campfire_choices":[{"data":"Poisoned Stab","floor":6,"key":"SMITH"},{"data":"Quick Slash","floor":8,"key":"SMITH"},{"data":"Crippling Poison","floor":15,"key":"SMITH"}],"circlet_count":0,"master_deck":["AscendersBane","Strike_G","Strike_G","Strike_G","Defend_G+1","Defend_G","Defend_G","Survivor","Neutralize+1","Blur+1","Quick Slash+1","Poisoned Stab+1","Reflex","Crippling Poison+1","Acrobatics","Malaise","Bouncing Flask","Escape Plan"],"relics":["Ring of the Snake","The Courier","SacredBark"],"acts_visited":["Exordium","TheCity"],"potions_floor_usage":[16,16],"damage_taken":[{"damage":7,"enemies":"Small Slimes","floor":1,"turns":4},{"damage":1,"enemies":"2 Louse","floor":2,"turns":4},{"damage":0,"enemies":"Cultist","floor":5,"turns":3},{"damage":0,"enemies":"2 Fungi Beasts","floor":7,"turns":4},{"damage":1,"enemies":"3 Louse","floor":12,"turns":4},{"damage":1,"enemies":"Gremlin Gang","floor":14,"turns":5},{"damage":3,"enemies":"Hexaghost","floor":16,"turns":9},{"damage":21,"enemies":"Chosen","floor":18,"turns":5},{"damage":17,"enemies":"Shell Parasite","floor":19,"turns":6},{"damage":4,"enemies":"Cultist and Chosen","floor":20,"turns":3}],"seed_played":"-3642365488376217881","potions_obtained":[{"floor":2,"key":"Fire Potion"},{"floor":12,"key":"Poison Potion"}],"is_trial":false,"path_per_floor":["M","M","?","?","M","R","M","R","T","$","?","M","$","M","R","B",null,"M","M","M"],"character_chosen":"THE_SILENT","items_purchased":["Acrobatics"],"campfire_rested":0,"item_purchase_floors":[13],"current_hp_per_floor":[52,51,51,33,33,33,33,33,33,33,33,32,32,31,31,28,52,31,14,10,10],"gold":124,"neow_bonus":"REMOVE_TWO","is_daily":false,"chose_seed":false,"campfire_upgraded":3,"win_rate":0.0,"timestamp":1609278494,"path_taken":["M","M","?","?","M","R","M","R","T","$","?","M","$","M","R","BOSS","M","M","M"],"items_purchased_type":["Card"],"build_version":"2020-12-22","purchased_purges":2,"victory":false,"max_hp_per_floor":[60,60,60,60,60,60,60,60,60,60,60,60,60,60,60,60,60,60,60,60,60],"card_choices":[{"not_picked":["Dagger Throw","Outmaneuver"],"picked":"Blur","floor":1},{"not_picked":["Prepared","Dagger Spray"],"picked":"Quick Slash","floor":2},{"not_picked":["Quick Slash","Infinite Blades"],"picked":"Poisoned Stab","floor":5},{"not_picked":["Dagger Throw","PiercingWail"],"picked":"Reflex","floor":7},{"not_picked":["Flying Knee","Sucker Punch"],"picked":"Crippling Poison","floor":12},{"not_picked":["Slice","Reflex","Well Laid Plans"],"picked":"SKIP","floor":14},{"not_picked":["Tools of the Trade","Storm of Steel"],"picked":"Malaise","floor":16},{"not_picked":["Blade Dance","Backflip"],"picked":"Bouncing Flask","floor":18},{"not_picked":["Cloak And Dagger","Escape Plan","Bouncing Flask"],"picked":"SKIP","floor":19},{"not_picked":["Cloak And Dagger","Bouncing Flask"],"picked":"Escape Plan","floor":19}],"player_experience":528985,"relics_obtained":[{"floor":9,"key":"The Courier"}],"event_choices":[{"damage_healed":0,"gold_gain":0,"player_choice":"Ignored","damage_taken":0,"max_hp_gain":0,"max_hp_loss":0,"event_name":"Liars Game","floor":3,"gold_loss":0},{"damage_healed":0,"gold_gain":0,"player_choice":"Entered Light","damage_taken":18,"max_hp_gain":0,"max_hp_loss":0,"event_name":"Shining Light","floor":4,"gold_loss":0,"cards_upgraded":["Blur","Defend_G"]},{"damage_healed":0,"gold_gain":0,"player_choice":"Forge","damage_taken":0,"max_hp_gain":0,"max_hp_loss":0,"event_name":"Accursed Blacksmith","floor":11,"gold_loss":0,"cards_upgraded":["Neutralize"]}],"is_beta":false,"boss_relics":[{"not_picked":["Philosopher\u0027s Stone","Busted Crown"],"picked":"SacredBark"}],"items_purged_floors":[10,13],"is_endless":false,"potions_floor_spawned":[2,12,14],"killed_by":"Cultist and Chosen","ascension_level":20}}