{"host":"wwo1kwxjf4eyz37q","time":1609243576,"event":{"mods":["AchievementEnabler","BaseMod","Colored Map","Minty Spire (QoL Compilation)","Quick Restart","SuperFastMode"],"gold_per_floor":[110,160,171,187,59,59,89,89,89,107,107,133,149,15,15,91,91,108,119,119,130,150,150,181,181,181,181,181,56,73,123,123,123,123],"floor_reached":33,"playtime":3023,"items_purged":["Strike_R","Strike_R","Strike_R"],"score":481,"play_id":"8e7e73aa-2614-4460-b113-46e254ed69fc","local_time":"20201229210616","is_ascension_mode":true,"campfire_choices":[{"data":"Body Slam","floor":6.0,"key":"SMITH"},{"data":"Bash","floor":8.0,"key":"SMITH"},{"data":"Battle Trance","floor":15.0,"key":"SMITH"},{"data":"True Grit","floor":23.0,"key":"SMITH"},{"data":"Exhume","floor":25.0,"key":"SMITH"},{"data":"Double Tap","floor":27.0,"key":"SMITH"},{"floor":32.0,"key":"REST"}],"circlet_count":0,"master_deck":["AscendersBane","Defend_R","Defend_R","Defend_R","Defend_R","Bash+1","Offering","Body Slam+1","Battle Trance+1","Shrug It Off","Second Wind+1","Shrug It Off","Sentinel","Exhume+1","True Grit+1","Double Tap+1","Evolve+1"],"relics":["Burning Blood","Frozen Egg 2","Pear","Self Forming Clay","Mark of Pain","Ornamental Fan","Boot","Molten Egg 2"],"acts_visited":["Exordium","TheCity"],"potions_floor_usage":[],"damage_taken":[{"damage":6.0,"enemies":"Cultist","floor":1.0,"turns":4.0},{"damage":9.0,"enemies":"Small Slimes","floor":3.0,"turns":3.0},{"damage":14.0,"enemies":"2 Louse","floor":4.0,"turns":3.0},{"damage":36.0,"enemies":"Lagavulin","floor":7.0,"turns":8.0},{"damage":6.0,"enemies":"Red Slaver","floor":10.0,"turns":1.0},{"damage":9.0,"enemies":"3 Sentries","floor":12.0,"turns":9.0},{"damage":0.0,"enemies":"3 Louse","floor":13.0,"turns":3.0},{"damage":17.0,"enemies":"Hexaghost","floor":16.0,"turns":8.0},{"damage":12.0,"enemies":"2 Thieves","floor":18.0,"turns":3.0},{"damage":6.0,"enemies":"Spheric Guardian","floor":19.0,"turns":4.0},{"damage":15.0,"enemies":"Snake Plant","floor":21.0,"turns":4.0},{"damage":30.0,"enemies":"Sentry and Sphere","floor":22.0,"turns":8.0},{"damage":15.0,"enemies":"Slavers","floor":24.0,"turns":8.0},{"damage":12.0,"enemies":"Centurion and Healer","floor":30.0,"turns":3.0},{"damage":31,"enemies":"Collector","floor":33,"turns":9}],"seed_played":"-7731453142563391521","potions_obtained":[{"floor":1.0,"key":"EssenceOfSteel"},{"floor":7.0,"key":"Dexterity Potion"},{"floor":10.0,"key":"ColorlessPotion"},{"floor":16.0,"key":"SkillPotion"},{"floor":21.0,"key":"DistilledChaos"}],"is_trial":false,"path_per_floor":["M","?","M","M","$","R","E","R","T","M","?","E","M","$","R","B",null,"M","M","?","M","M","R","E","R","T","R","?","$","M","?","R","B"],"character_chosen":"IRONCLAD","items_purchased":["Shrug It Off","Sentinel"],"campfire_rested":1,"item_purchase_floors":[5,14],"current_hp_per_floor":[68,68,65,57,57,57,27,27,37,37,37,34,40,40,40,29,71,65,65,65,56,32,32,23,23,23,23,23,23,17,17,42,11,11],"gold":123,"neow_bonus":"TRANSFORM_CARD","is_daily":false,"chose_seed":false,"campfire_upgraded":6,"win_rate":0.0,"timestamp":1609243576,"path_taken":["M","?","M","M","$","R","E","R","T","?","?","E","?","$","R","BOSS","M","M","?","M","?","R","E","R","T","R","?","$","M","?","R","BOSS"],"items_purchased_type":["Card","Card"],"build_version":"2020-12-22","purchased_purges":3,"victory":false,"max_hp_per_floor":[75,75,75,75,75,75,75,75,85,85,85,85,85,85,85,85,85,85,85,85,85,85,85,85,85,85,85,85,85,85,85,85,85,85],"card_choices":[{"not_picked":["Uppercut","Havoc"],"picked":"Body Slam","floor":1.0},{"not_picked":["Thunderclap","Rage"],"picked":"Battle Trance","floor":3.0},{"not_picked":["Thunderclap","Headbutt","Dual Wield"],"picked":"SKIP","floor":4.0},{"not_picked":["Havoc","True Grit"],"picked":"Second Wind","floor":7.0},{"not_picked":["Uppercut","Havoc","Flex"],"picked":"SKIP","floor":10.0},{"not_picked":["Combust+1","Clash"],"picked":"Shrug It Off","floor":12.0},{"not_picked":["Feed","Havoc","Anger"],"picked":"SKIP","floor":13.0},{"not_picked":["Limit Break","Demon Form+1"],"picked":"Exhume","floor":16.0},{"not_picked":["Wild Strike","Anger"],"picked":"True Grit","floor":18.0},{"not_picked":["Flex","True Grit","Seeing Red"],"picked":"SKIP","floor":19.0},{"not_picked":["Headbutt","Burning Pact"],"picked":"Double Tap","floor":21.0},{"not_picked":["Battle Trance","Havoc","Flex"],"picked":"SKIP","floor":22.0},{"not_picked":["Flame Barrier","Rage"],"picked":"Evolve+1","floor":24.0},{"not_picked":["Anger+1","Clothesline+1","Wild Strike+1"],"picked":"SKIP","floor":30.0}],"player_experience":159973,"relics_obtained":[{"floor":7.0,"key":"Frozen Egg 2"},{"floor":9.0,"key":"Pear"},{"floor":12.0,"key":"Self Forming Clay"},{"floor":24.0,"key":"Boot"},{"floor":26.0,"key":"Molten Egg 2"}],"event_choices":[{"damage_healed":0.0,"max_hp_gain":0.0,"max_hp_loss":0.0,"gold_gain":50.0,"event_name":"Golden Shrine","player_choice":"Pray","floor":2.0,"gold_loss":0.0,"damage_taken":0.0},{"damage_healed":0.0,"max_hp_gain":0.0,"max_hp_loss":0.0,"gold_gain":0.0,"event_name":"Accursed Blacksmith","player_choice":"Forge","floor":11.0,"gold_loss":0.0,"damage_taken":0.0,"cards_upgraded":["Second Wind"]},{"damage_healed":0.0,"max_hp_gain":0.0,"max_hp_loss":0.0,"gold_gain":0.0,"event_name":"WeMeetAgain","player_choice":"Gave Potion","floor":20.0,"gold_loss":0.0,"damage_taken":0.0,"relics_obtained":["Ornamental Fan"]},{"cards_removed":["Strike_R"],"damage_healed":0.0,"max_hp_gain":0.0,"max_hp_loss":0.0,"gold_gain":0.0,"event_name":"Back to Basics","player_choice":"Elegance","floor":28.0,"gold_loss":0.0,"damage_taken":0.0},{"damage_healed":0.0,"max_hp_gain":0.0,"max_hp_loss":0.0,"gold_gain":50.0,"event_name":"Nest","player_choice":"Stole From Cult","floor":31.0,"gold_loss":0.0,"damage_taken":0.0}],"is_beta":false,"boss_relics":[{"not_picked":["Velvet Choker","Coffee Dripper"],"picked":"Mark of Pain"}],"items_purged_floors":[5,14,29],"is_endless":false,"potions_floor_spawned":[1,7,10,16,18,21],"killed_by":"Collector","ascension_level":15}}