{"host":"bq4pt811tk9yrmjl","time":1609279015,"event":{"mods":["AchievementEnabler","BaseMod","Colored Map","Colored Powertips","Defuse TimeMaze Blight","Hermit","Minty Spire (QoL Compilation)","StSLib","SuperFastMode"],"gold_per_floor":[119,119,137,137,137,167,167,179,179,206,206,261,261,275,275,371,371,391,391,391,410,509,509,509,509,532,532,532],"floor_reached":27,"playtime":428,"items_purged":[],"score":254,"play_id":"ad16da21-5b7a-4193-9693-5c03f5624df8","local_time":"20201229195655","is_ascension_mode":true,"campfire_choices":[{"data":"hermit:Shortfuse","floor":7.0,"key":"SMITH"},{"floor":11.0,"key":"REST"},{"data":"hermit:Maintenance","floor":13.0,"key":"SMITH"},{"data":"hermit:Shortfuse","floor":15,"key":"SMITH"},{"floor":23,"key":"REST"},{"floor":25,"key":"RECALL"}],"circlet_count":0,"master_deck":["hermit:Strike_Hermit","hermit:Strike_Hermit","hermit:Strike_Hermit","hermit:Strike_Hermit","hermit:Defend_Hermit","hermit:Defend_Hermit","hermit:Defend_Hermit","hermit:Defend_Hermit","hermit:Snapshot","hermit:Covet","hermit:Shortfuse+1","hermit:ItchyTrigger","hermit:Shortfuse+1","hermit:Dive","hermit:Desperado","hermit:Maintenance+1","CurseOfTheBell"],"relics":["hermit:Momento","NeowsBlessing","Turnip","Ginger","Sundial","Shovel","Calling Bell","MealTicket","HornCleat","WingedGreaves","Pantograph"],"acts_visited":["Exordium","TheCity"],"potions_floor_usage":[16,21],"damage_taken":[{"damage":0.0,"enemies":"Small Slimes","floor":1.0,"turns":1.0},{"damage":0.0,"enemies":"Cultist","floor":3.0,"turns":1.0},{"damage":0.0,"enemies":"Lagavulin","floor":6.0,"turns":1.0},{"damage":0.0,"enemies":"2 Louse","floor":8.0,"turns":1.0},{"damage":35.0,"enemies":"3 Sentries","floor":10.0,"turns":7.0},{"damage":17.0,"enemies":"Gremlin Nob","floor":12.0,"turns":4.0},{"damage":3.0,"enemies":"Lots of Slimes","floor":14.0,"turns":4.0},{"damage":17,"enemies":"Hexaghost","floor":16,"turns":10},{"damage":40,"enemies":"3 Byrds","floor":18,"turns":8},{"damage":7,"enemies":"Chosen","floor":21,"turns":4},{"damage":0,"enemies":"Slavers","floor":27,"turns":1}],"seed_played":"-4065863668986373572","potions_obtained":[{"floor":1.0,"key":"SteroidPotion"},{"floor":10.0,"key":"Weak Potion"},{"floor":12.0,"key":"SkillPotion"},{"floor":18,"key":"Fire Potion"}],"is_trial":false,"path_per_floor":["M","?","M","?","$","E","R","M","T","E","R","?","R","M","R","B",null,"M","?","?","M","?","R","?","R","T","E"],"character_chosen":"HERMIT","items_purchased":[],"campfire_rested":2,"item_purchase_floors":[],"current_hp_per_floor":[75,75,75,75,75,75,75,75,75,40,62,45,45,42,42,25,75,35,35,35,28,28,50,50,50,50,50,50],"gold":532,"neow_bonus":"THREE_ENEMY_KILL","is_daily":false,"chose_seed":false,"campfire_upgraded":3,"win_rate":0.0,"timestamp":1609279015,"path_taken":["M","?","?","?","$","E","R","?","T","E","R","?","R","M","R","BOSS","M","?","?","?","?","R","?","R","T","E"],"items_purchased_type":[],"build_version":"2020-12-22","purchased_purges":0,"victory":false,"max_hp_per_floor":[75,75,75,75,75,75,75,75,75,75,75,75,75,75,75,75,75,75,75,75,75,75,75,75,75,75,75,75],"card_choices":[{"not_picked":["hermit:Malice","hermit:Glare"],"picked":"hermit:Shortfuse","floor":1.0},{"not_picked":["hermit:Ricochet","hermit:Snipe"],"picked":"hermit:ItchyTrigger","floor":3.0},{"not_picked":["hermit:Ricochet","hermit:FinalCanter"],"picked":"hermit:Shortfuse","floor":6.0},{"not_picked":["hermit:Coalescence","hermit:Combo"],"picked":"hermit:Dive","floor":8.0},{"not_picked":["hermit:EternalForm","hermit:Misfire"],"picked":"hermit:Desperado","floor":10.0},{"not_picked":["hermit:SprayPray","hermit:WideOpen"],"picked":"hermit:Maintenance","floor":12.0},{"not_picked":["hermit:Vantage","hermit:Misfire","hermit:CalledShot"],"picked":"SKIP","floor":14.0},{"not_picked":["hermit:Snipe","hermit:Feint","hermit:Coalescence"],"picked":"SKIP","floor":18},{"not_picked":["hermit:Gestalt","hermit:HighCaliber","hermit:Dive"],"picked":"SKIP","floor":21}],"player_experience":138492,"relics_obtained":[{"floor":6.0,"key":"Turnip"},{"floor":9.0,"key":"Ginger"},{"floor":10.0,"key":"Sundial"},{"floor":12.0,"key":"Shovel"},{"floor":17,"key":"MealTicket"},{"floor":17,"key":"HornCleat"},{"floor":17,"key":"WingedGreaves"}],"event_choices":[{"damage_healed":0.0,"max_hp_gain":0.0,"max_hp_loss":0.0,"gold_gain":0.0,"event_name":"Purifier","player_choice":"Ignored","floor":2.0,"gold_loss":0.0,"damage_taken":0.0},{"damage_healed":0.0,"max_hp_gain":0.0,"max_hp_loss":0.0,"gold_gain":0.0,"event_name":"Transmorgrifier","player_choice":"Ignored","floor":4.0,"gold_loss":0.0,"damage_taken":0.0},{"damage_healed":0.0,"max_hp_gain":0.0,"max_hp_loss":0.0,"gold_gain":0.0,"event_name":"Dead Adventurer","player_choice":"Searched \u00271\u0027 times","floor":12.0,"gold_loss":0.0,"damage_taken":0.0},{"damage_healed":0,"gold_gain":0,"player_choice":"Ignored","damage_taken":0,"max_hp_gain":0,"max_hp_loss":0,"event_name":"Beggar","floor":19,"gold_loss":0},{"damage_healed":0,"gold_gain":0,"player_choice":"Ignored","damage_taken":0,"max_hp_gain":0,"max_hp_loss":0,"event_name":"Transmorgrifier","floor":20,"gold_loss":0},{"damage_healed":0,"gold_gain":99,"player_choice":"Stole From Cult","damage_taken":0,"max_hp_gain":0,"max_hp_loss":0,"event_name":"Nest","floor":22,"gold_loss":0},{"damage_healed":0,"gold_gain":0,"player_choice":"Opened","damage_taken":0,"relics_obtained":["Pantograph"],"max_hp_gain":0,"max_hp_loss":0,"event_name":"The Mausoleum","floor":24,"gold_loss":0}],"is_beta":false,"boss_relics":[{"not_picked":["hermit:ClaspedLocket","hermit:BartenderGlass"],"picked":"Calling Bell"}],"items_purged_floors":[],"is_endless":false,"potions_floor_spawned":[1,10,12,18],"killed_by":"Slavers","ascension_level":1}}