{"host":"w5ovz9boloi14a0g","time":1609272855,"event":{"mods":["BaseMod","Googly Eyes","Minty Spire (QoL Compilation)","StSLib","SuperFastMode"],"gold_per_floor":[118,118,130,140,140,170,185,200,200,200,200,200,43,68,68,68,68],"floor_reached":16,"playtime":292,"items_purged":[],"score":110,"play_id":"579937ec-2c93-4bda-ad04-cddaa35619c9","local_time":"20201229141415","is_ascension_mode":false,"campfire_choices":[{"floor":10,"key":"REST"},{"floor":12,"key":"REST"},{"floor":15,"key":"REST"}],"circlet_count":0,"master_deck":["Strike_B","Strike_B","Strike_B","Strike_B","Defend_B","Defend_B","Defend_B","Defend_B","Zap","Dualcast","Self Repair","Capacitor","Sweeping Beam","Conserve Battery","White Noise"],"relics":["Cracked Core","NeowsBlessing","Darkstone Periapt","TungstenRod","HandDrill","Question Card"],"acts_visited":["Exordium"],"potions_floor_usage":[],"damage_taken":[{"damage":0.0,"enemies":"2 Louse","floor":1.0,"turns":1.0},{"damage":0.0,"enemies":"Cultist","floor":3.0,"turns":1.0},{"damage":0.0,"enemies":"Small Slimes","floor":4.0,"turns":1.0},{"damage":50,"enemies":"Lagavulin","floor":6,"turns":8},{"damage":3,"enemies":"Exordium Thugs","floor":7,"turns":5},{"damage":21,"enemies":"Lots of Slimes","floor":8,"turns":5},{"damage":32,"enemies":"3 Sentries","floor":14,"turns":8},{"damage":10,"enemies":"Slime Boss","floor":16,"turns":8}],"seed_played":"-3518524211622201889","potions_obtained":[{"floor":6,"key":"Block Potion"},{"floor":14,"key":"FearPotion"}],"is_trial":false,"path_per_floor":["M","?","M","M","?","E","M","M","T","R","$","R","$","E","R","B"],"character_chosen":"DEFECT","items_purchased":["HandDrill"],"campfire_rested":3,"item_purchase_floors":[13],"current_hp_per_floor":[75,75,75,75,68,25,29,15,15,37,37,59,59,34,56,46,46],"gold":68,"neow_bonus":"THREE_ENEMY_KILL","is_daily":false,"chose_seed":false,"campfire_upgraded":0,"win_rate":0.0,"timestamp":1609272855,"path_taken":["M","?","M","?","?","E","M","M","T","R","?","R","$","E","R","BOSS"],"items_purchased_type":["Relic"],"build_version":"2020-12-22","purchased_purges":0,"victory":false,"max_hp_per_floor":[75,75,75,75,75,75,75,75,75,75,75,75,75,75,75,75,75],"card_choices":[{"not_picked":["Ball Lightning","Gash"],"picked":"Self Repair","floor":1.0},{"not_picked":["Ball Lightning","Genetic Algorithm"],"picked":"Capacitor","floor":3.0},{"not_picked":["BootSequence","Gash"],"picked":"Sweeping Beam","floor":4.0},{"not_picked":["Buffer","Sunder"],"picked":"Conserve Battery","floor":6},{"not_picked":["Conserve Battery","Compile Driver"],"picked":"White Noise","floor":7},{"not_picked":["Tempest","Rebound","Conserve Battery"],"picked":"SKIP","floor":8},{"not_picked":["Compile Driver","Darkness","Turbo"],"picked":"SKIP","floor":14}],"player_experience":29315,"relics_obtained":[{"floor":6,"key":"Darkstone Periapt"},{"floor":9,"key":"TungstenRod"},{"floor":14,"key":"Question Card"}],"event_choices":[{"damage_healed":0.0,"max_hp_gain":0.0,"max_hp_loss":0.0,"gold_gain":0.0,"event_name":"Wheel of Change","player_choice":"Cursed","floor":2.0,"gold_loss":0.0,"damage_taken":0.0,"cards_obtained":["Decay"]},{"cards_removed":["Decay"],"damage_healed":0,"gold_gain":0,"player_choice":"Card Removal","damage_taken":7,"max_hp_gain":0,"max_hp_loss":0,"event_name":"Golden Wing","floor":5,"gold_loss":0}],"is_beta":false,"boss_relics":[],"items_purged_floors":[],"is_endless":false,"potions_floor_spawned":[6,14],"killed_by":"Slime Boss","ascension_level":0}}