{"host":"wukdhyb91avklb3w","time":1609225992,"event":{"mods":["BaseMod","Colored Map","Colored Powertips","Highlight Path","Minty Spire (QoL Compilation)","Relic Stats"],"gold_per_floor":[114,114,131,56,69,89,89,102,102,128,128,140,155,167,167,167,167],"floor_reached":16,"playtime":2515,"items_purged":["Decay"],"score":154,"play_id":"e9f7bb22-2516-4605-81a9-fb1fd9dea35c","local_time":"20201228231312","is_ascension_mode":true,"campfire_choices":[{"data":"Doom and Gloom","floor":7,"key":"SMITH"},{"floor":11,"key":"REST"},{"data":"Streamline","floor":15,"key":"SMITH"}],"circlet_count":0,"master_deck":["Strike_B","Strike_B","Strike_B","Strike_B","Defend_B","Defend_B","Defend_B","Defend_B","Zap","Dualcast","Doom and Gloom+1","Seek","Streamline+1","Fusion"],"relics":["Snecko Eye","Oddly Smooth Stone","Bronze Scales"],"acts_visited":["Exordium"],"potions_floor_usage":[14],"damage_taken":[{"damage":11,"enemies":"Small Slimes","floor":1,"turns":4},{"damage":10,"enemies":"Cultist","floor":3,"turns":4},{"damage":6,"enemies":"2 Louse","floor":5,"turns":2},{"damage":0,"enemies":"Exordium Wildlife","floor":6,"turns":3},{"damage":4,"enemies":"Red Slaver","floor":8,"turns":2},{"damage":22,"enemies":"Lagavulin","floor":10,"turns":5},{"damage":8,"enemies":"Blue Slaver","floor":12,"turns":3},{"damage":0,"enemies":"3 Louse","floor":13,"turns":2},{"damage":4,"enemies":"Exordium Thugs","floor":14,"turns":3},{"damage":0,"enemies":"Hexaghost","floor":16,"turns":2}],"seed_played":"-293212890362994106","potions_obtained":[{"floor":1,"key":"DuplicationPotion"},{"floor":6,"key":"BlessingOfTheForge"},{"floor":10,"key":"Regen Potion"},{"floor":14,"key":"FearPotion"}],"is_trial":false,"path_per_floor":["M","?","M","$","M","M","R","M","T","E","R","M","M","M","R","B"],"character_chosen":"DEFECT","items_purchased":[],"campfire_rested":1,"item_purchase_floors":[],"current_hp_per_floor":[57,57,47,47,41,41,41,37,37,15,37,29,29,34,34,34,34],"gold":167,"neow_bonus":"BOSS_RELIC","is_daily":false,"chose_seed":false,"campfire_upgraded":2,"win_rate":0.0,"timestamp":1609225992,"path_taken":["M","?","?","$","M","M","R","M","T","E","R","M","M","M","R","BOSS"],"items_purchased_type":[],"build_version":"2020-12-22","purchased_purges":1,"victory":false,"max_hp_per_floor":[75,75,75,75,75,75,75,75,75,75,75,75,75,75,75,75,75],"relic_stats":{"counters":[10,30],"Bronze Scales":[15],"Snecko Eye":[46,60,60,40],"obtain_stats":[{"Bronze Scales":10,"Snecko Eye":0,"Oddly Smooth Stone":9,"Cracked Core":0},{"Bronze Scales":6,"Snecko Eye":0,"Oddly Smooth Stone":5,"Cracked Core":0},{"Bronze Scales":20,"Snecko Eye":0,"Oddly Smooth Stone":15,"Cracked Core":0}]},"card_choices":[{"not_picked":["Blizzard","Loop","Beam Cell"],"picked":"SKIP","floor":1},{"not_picked":["Double Energy","Redo"],"picked":"Doom and Gloom","floor":3},{"not_picked":["Conserve Battery","Reprogram","Stack"],"picked":"SKIP","floor":5},{"not_picked":["Hello World","Barrage","Stack"],"picked":"SKIP","floor":6},{"not_picked":["Heatsinks","Coolheaded","Barrage"],"picked":"SKIP","floor":8},{"not_picked":["Storm","Ball Lightning"],"picked":"Seek","floor":10},{"not_picked":["Coolheaded","Compile Driver","Double Energy"],"picked":"SKIP","floor":12},{"not_picked":["Go for the Eyes","Sweeping Beam"],"picked":"Streamline","floor":13},{"not_picked":["Steam","Conserve Battery"],"picked":"Fusion","floor":14}],"player_experience":911621,"relics_obtained":[{"floor":9,"key":"Oddly Smooth Stone"},{"floor":10,"key":"Bronze Scales"}],"event_choices":[{"damage_healed":0,"gold_gain":0,"player_choice":"Cursed","damage_taken":0,"max_hp_gain":0,"max_hp_loss":0,"event_name":"Wheel of Change","floor":2,"gold_loss":0,"cards_obtained":["Decay"]}],"is_beta":false,"boss_relics":[],"items_purged_floors":[4],"is_endless":false,"potions_floor_spawned":[1,6,10,14],"killed_by":"Hexaghost","ascension_level":9}}