{"host":"w5ovz9boloi14a0g","time":1609275652,"event":{"mods":["BaseMod","Googly Eyes","Minty Spire (QoL Compilation)","StSLib","SuperFastMode"],"gold_per_floor":[111,126,142,153,153,153,172,198,250,263,294,312,340,357,357,453,453,464,563,576,576,576,601,601,636,636,636,651,661,673,673,673,769,769,782,796,624,641,641,641,654,667,667,667,667,679,729,428,428,428],"floor_reached":51,"playtime":1391,"items_purged":[],"score":713,"play_id":"e3e06b95-b4f1-44cd-8bac-63e883520703","local_time":"20201229150052","is_ascension_mode":false,"campfire_choices":[{"data":"Barrage","floor":6.0,"key":"SMITH"},{"floor":15.0,"key":"REST"},{"floor":27.0,"key":"REST"},{"floor":32.0,"key":"REST"},{"floor":40.0,"key":"REST"},{"floor":49.0,"key":"REST"}],"circlet_count":0,"master_deck":["Strike_B+1","Strike_B+1","Strike_B+1","Strike_B+1","Defend_B+1","Defend_B+1","Defend_B+1","Defend_B+1","Zap","Dualcast","Cold Snap","Beam Cell","Barrage+1","Compile Driver","Consume","Ball Lightning","Chill","Redo+1","Tempest+1","Apotheosis","Doom and Gloom+1","Madness","Madness","Parasite"],"relics":["Busted Crown","Pear","Mummified Hand","Vajra","Regal Pillow","Turnip","Nuclear Battery","MutagenicStrength","InkBottle","StoneCalendar","Boot","Blue Candle","Inserter","Meat on the Bone","Ginger","ClockworkSouvenir","Happy Flower"],"acts_visited":["Exordium","TheCity","TheBeyond"],"potions_floor_usage":[50,50],"damage_taken":[{"damage":7.0,"enemies":"Small Slimes","floor":1.0,"turns":4.0},{"damage":0.0,"enemies":"Cultist","floor":2.0,"turns":4.0},{"damage":1.0,"enemies":"Jaw Worm","floor":3.0,"turns":2.0},{"damage":2.0,"enemies":"Blue Slaver","floor":4.0,"turns":4.0},{"damage":1.0,"enemies":"3 Louse","floor":7.0,"turns":4.0},{"damage":9.0,"enemies":"Lagavulin","floor":8.0,"turns":5.0},{"damage":1.0,"enemies":"Looter","floor":10.0,"turns":3.0},{"damage":17.0,"enemies":"3 Sentries","floor":11.0,"turns":6.0},{"damage":23.0,"enemies":"Exordium Thugs","floor":12.0,"turns":3.0},{"damage":16.0,"enemies":"Gremlin Nob","floor":13.0,"turns":3.0},{"damage":6.0,"enemies":"Large Slime","floor":14.0,"turns":4.0},{"damage":16.0,"enemies":"Slime Boss","floor":16.0,"turns":5.0},{"damage":8.0,"enemies":"Chosen","floor":18.0,"turns":3.0},{"damage":5.0,"enemies":"Shell Parasite","floor":20.0,"turns":5.0},{"damage":18.0,"enemies":"Slavers","floor":23.0,"turns":4.0},{"damage":23.0,"enemies":"Gremlin Leader","floor":25.0,"turns":6.0},{"damage":13.0,"enemies":"Snecko","floor":28.0,"turns":5.0},{"damage":0.0,"enemies":"3 Cultists","floor":29.0,"turns":4.0},{"damage":12.0,"enemies":"Snake Plant","floor":30.0,"turns":4.0},{"damage":68.0,"enemies":"Automaton","floor":33.0,"turns":12.0},{"damage":11.0,"enemies":"3 Shapes","floor":35.0,"turns":7.0},{"damage":1.0,"enemies":"Orb Walker","floor":36.0,"turns":3.0},{"damage":64.0,"enemies":"Writhing Mass","floor":38.0,"turns":6.0},{"damage":13.0,"enemies":"Maw","floor":41.0,"turns":7.0},{"damage":3.0,"enemies":"3 Darklings","floor":42.0,"turns":3.0},{"damage":14.0,"enemies":"Writhing Mass","floor":46.0,"turns":7.0},{"damage":0.0,"enemies":"Mind Bloom Boss Battle","floor":47.0,"turns":5.0},{"damage":67,"enemies":"Time Eater","floor":50,"turns":8}],"seed_played":"2114470959079396424","potions_obtained":[{"floor":2.0,"key":"Ancient Potion"},{"floor":7.0,"key":"FairyPotion"},{"floor":10.0,"key":"CultistPotion"}],"is_trial":false,"path_per_floor":["M","M","M","M","?","R","M","E","T","M","E","M","E","M","R","B",null,"M","?","M","?","?","E","T","E","T","R","M","M","M","?","R","B",null,"M","M","$","M","?","R","M","M","T","?","?","M","?","$","R","B",null],"character_chosen":"DEFECT","items_purchased":["Apotheosis","ClockworkSouvenir","Happy Flower"],"campfire_rested":5,"item_purchase_floors":[37,48,48],"current_hp_per_floor":[68,68,67,65,75,75,74,65,65,64,47,24,8,2,42,26,85,77,77,72,72,72,54,54,31,31,71,58,58,46,46,85,17,85,74,73,73,9,9,49,36,33,33,33,22,20,32,32,72,17],"gold":428,"neow_bonus":"BOSS_RELIC","is_daily":false,"chose_seed":false,"campfire_upgraded":1,"win_rate":0.0,"timestamp":1609275652,"path_taken":["M","M","M","M","?","R","M","E","T","M","E","?","E","M","R","BOSS","M","?","M","?","?","E","?","E","T","R","M","M","?","?","R","BOSS","M","M","$","M","?","R","M","M","T","?","?","M","?","$","R","BOSS"],"items_purchased_type":["Card","Relic","Relic"],"build_version":"2020-12-22","purchased_purges":0,"victory":true,"max_hp_per_floor":[75,75,75,75,85,85,85,85,85,85,85,85,85,85,85,85,85,85,85,85,85,85,85,85,85,85,85,85,85,85,85,85,85,85,85,85,85,85,85,85,85,85,85,85,85,85,85,85,85,85],"card_choices":[{"not_picked":["Cold Snap"],"picked":"SKIP","floor":1.0},{"not_picked":[],"picked":"Cold Snap","floor":1.0},{"not_picked":[],"picked":"Beam Cell","floor":2.0},{"not_picked":["Turbo"],"picked":"SKIP","floor":3.0},{"not_picked":[],"picked":"Barrage","floor":4.0},{"not_picked":[],"picked":"Compile Driver","floor":7.0},{"not_picked":[],"picked":"Consume","floor":8.0},{"not_picked":["Beam Cell"],"picked":"SKIP","floor":10.0},{"not_picked":[],"picked":"Ball Lightning","floor":11.0},{"not_picked":[],"picked":"Sweeping Beam","floor":12.0},{"not_picked":["Stack"],"picked":"SKIP","floor":13.0},{"not_picked":[],"picked":"Chill","floor":14.0},{"not_picked":[],"picked":"Redo+1","floor":18.0},{"not_picked":["Steam Power"],"picked":"SKIP","floor":20.0},{"not_picked":["Coolheaded"],"picked":"SKIP","floor":23.0},{"not_picked":["Stack"],"picked":"SKIP","floor":25.0},{"not_picked":["Rebound"],"picked":"SKIP","floor":28.0},{"not_picked":["Undo"],"picked":"SKIP","floor":29.0},{"not_picked":["Thunder Strike"],"picked":"SKIP","floor":30.0},{"not_picked":[],"picked":"Tempest+1","floor":35.0},{"not_picked":["Streamline+1"],"picked":"SKIP","floor":36.0},{"not_picked":["Go for the Eyes"],"picked":"SKIP","floor":38.0},{"not_picked":["Ball Lightning"],"picked":"SKIP","floor":41.0},{"not_picked":[],"picked":"Doom and Gloom+1","floor":42.0},{"not_picked":["Steam"],"picked":"SKIP","floor":46.0}],"player_experience":30875,"relics_obtained":[{"floor":5.0,"key":"Pear"},{"floor":8.0,"key":"Mummified Hand"},{"floor":9.0,"key":"Vajra"},{"floor":11.0,"key":"Regal Pillow"},{"floor":13.0,"key":"Turnip"},{"floor":23.0,"key":"InkBottle"},{"floor":24.0,"key":"StoneCalendar"},{"floor":25.0,"key":"Boot"},{"floor":26.0,"key":"Blue Candle"},{"floor":43.0,"key":"Meat on the Bone"},{"floor":47.0,"key":"Ginger"}],"event_choices":[{"damage_healed":0.0,"max_hp_gain":0.0,"max_hp_loss":0.0,"gold_gain":0.0,"event_name":"Wheel of Change","player_choice":"Relic","floor":5.0,"gold_loss":0.0,"damage_taken":0.0},{"damage_healed":0.0,"max_hp_gain":0.0,"max_hp_loss":0.0,"gold_gain":99.0,"event_name":"Nest","player_choice":"Stole From Cult","floor":19.0,"gold_loss":0.0,"damage_taken":0.0},{"damage_healed":0.0,"max_hp_gain":0.0,"max_hp_loss":0.0,"gold_gain":0.0,"event_name":"Back to Basics","player_choice":"Simplicity","floor":21.0,"gold_loss":0.0,"damage_taken":0.0,"cards_upgraded":["Strike_B","Strike_B","Strike_B","Strike_B","Defend_B","Defend_B","Defend_B","Defend_B"]},{"damage_healed":0.0,"max_hp_gain":0.0,"max_hp_loss":0.0,"gold_gain":0.0,"event_name":"Drug Dealer","player_choice":"Inject Mutagens","floor":22.0,"gold_loss":0.0,"damage_taken":0.0,"relics_obtained":["MutagenicStrength"]},{"damage_healed":0.0,"max_hp_gain":0.0,"max_hp_loss":0.0,"gold_gain":0.0,"event_name":"Ghosts","player_choice":"Ignored","floor":31.0,"gold_loss":0.0,"damage_taken":0.0},{"damage_healed":0.0,"max_hp_gain":0.0,"max_hp_loss":0.0,"gold_gain":0.0,"event_name":"The Moai Head","player_choice":"Ignored","floor":39.0,"gold_loss":0.0,"damage_taken":0.0},{"cards_removed":["Sweeping Beam"],"damage_healed":0.0,"max_hp_gain":0.0,"max_hp_loss":0.0,"gold_gain":0.0,"event_name":"Falling","player_choice":"Removed Attack","floor":44.0,"gold_loss":0.0,"damage_taken":0.0},{"damage_healed":0.0,"max_hp_gain":0.0,"max_hp_loss":0.0,"gold_gain":0.0,"event_name":"Winding Halls","player_choice":"Embrace Madness","floor":45.0,"gold_loss":0.0,"damage_taken":11.0,"cards_obtained":["Madness","Madness"]},{"damage_healed":0.0,"max_hp_gain":0.0,"max_hp_loss":0.0,"gold_gain":0.0,"event_name":"MindBloom","player_choice":"Fight","floor":47.0,"gold_loss":0.0,"damage_taken":0.0}],"is_beta":false,"boss_relics":[{"not_picked":["Fusion Hammer","SacredBark"],"picked":"Nuclear Battery"},{"not_picked":["Coffee Dripper","Velvet Choker"],"picked":"Inserter"}],"items_purged_floors":[],"is_endless":false,"potions_floor_spawned":[2,7,10,12,16,25,28,35,38,42,46],"ascension_level":0}}