{"host":"vpxex9ryma3s0oll","time":1609213445,"event":{"mods":["AchievementEnabler","BaseMod","Bestiary","Minty Spire (QoL Compilation)","Quick Restart","Shop Mod","StSLib"],"gold_per_floor":[114,114,39,57,77,103,3,3,3,3,29,29,44,44,44,145,145,161,36,36,53,64,64,76,88,88,0,0,0,32,50,50,50,50],"floor_reached":33,"playtime":1289,"items_purged":["Strike_B","Defend_B","Strike_B"],"score":341,"play_id":"ad299614-526f-4d1f-9730-3059d2839566","local_time":"20201228224405","is_ascension_mode":true,"campfire_choices":[{"data":"Streamline","floor":8.0,"key":"SMITH"},{"data":"Cold Snap","floor":10.0,"key":"SMITH"},{"data":"Beam Cell","floor":12.0,"key":"SMITH"},{"floor":15.0,"key":"RECALL"},{"floor":23.0,"key":"REST"},{"floor":28.0,"key":"REST"},{"floor":32.0,"key":"REST"}],"circlet_count":0,"master_deck":["Strike_B","Strike_B","Defend_B","Defend_B","Zap","Dualcast","Gash","Gash","Streamline+1","Electrodynamics","Cold Snap+1","Beam Cell+1","Multi-Cast","Coolheaded","Leap","Defragment","Turbo+1","FTL","Biased Cognition"],"relics":["Cracked Core","NeowsBlessing","Sundial","Lizard Tail","Matryoshka","Nuclear Battery","Regal Pillow"],"acts_visited":["Exordium","TheCity"],"potions_floor_usage":[],"damage_taken":[{"damage":0.0,"enemies":"2 Louse","floor":1.0,"turns":1.0},{"damage":0.0,"enemies":"Cultist","floor":4.0,"turns":1.0},{"damage":0.0,"enemies":"Jaw Worm","floor":5.0,"turns":1.0},{"damage":9.0,"enemies":"Lagavulin","floor":6.0,"turns":5.0},{"damage":11.0,"enemies":"3 Sentries","floor":11.0,"turns":3.0},{"damage":0.0,"enemies":"Large Slime","floor":13.0,"turns":3.0},{"damage":0.0,"enemies":"Slime Boss","floor":16.0,"turns":5.0},{"damage":21.0,"enemies":"Shell Parasite","floor":18.0,"turns":4.0},{"damage":16.0,"enemies":"2 Thieves","floor":21.0,"turns":3.0},{"damage":10.0,"enemies":"Chosen and Byrds","floor":22.0,"turns":4.0},{"damage":9.0,"enemies":"Snecko","floor":24.0,"turns":6.0},{"damage":18.0,"enemies":"Snake Plant","floor":25.0,"turns":4.0},{"damage":51.0,"enemies":"Book of Stabbing","floor":30.0,"turns":7.0},{"damage":12.0,"enemies":"Centurion and Healer","floor":31.0,"turns":4.0},{"damage":84,"enemies":"Champ","floor":33,"turns":10}],"seed_played":"525775404451347666","potions_obtained":[{"floor":2.0,"key":"Strength Potion"},{"floor":2.0,"key":"LiquidBronze"},{"floor":2.0,"key":"AttackPotion"},{"floor":5.0,"key":"Block Potion"},{"floor":6.0,"key":"EssenceOfDarkness"},{"floor":13.0,"key":"Ancient Potion"},{"floor":21.0,"key":"ColorlessPotion"},{"floor":22.0,"key":"FocusPotion"}],"is_trial":false,"path_per_floor":["M","?","$","M","M","E","$","R","T","R","E","R","M","$","R","B",null,"M","$","?","M","M","R","M","M","T","?","R","?","E","M","R","B"],"character_chosen":"DEFECT","items_purchased":[],"campfire_rested":3,"item_purchase_floors":[],"current_hp_per_floor":[75,75,75,75,75,66,66,66,66,66,55,55,55,55,55,55,75,54,54,54,38,28,50,41,23,23,23,45,70,19,7,44,0,0],"gold":50,"neow_bonus":"THREE_ENEMY_KILL","is_daily":false,"chose_seed":false,"campfire_upgraded":3,"win_rate":0.0,"timestamp":1609213445,"path_taken":["M","?","$","?","M","E","$","R","T","R","E","R","M","$","R","BOSS","M","$","?","M","M","R","M","M","T","?","R","?","E","M","R","BOSS"],"items_purchased_type":[],"build_version":"2020-12-22","purchased_purges":3,"victory":false,"max_hp_per_floor":[75,75,75,75,75,75,75,75,75,75,75,75,75,75,75,75,75,75,75,75,75,75,75,75,75,75,75,75,75,75,75,75,75,75],"card_choices":[{"not_picked":["Redo","Hologram"],"picked":"Gash","floor":1.0},{"not_picked":["Redo","Hologram"],"picked":"Gash","floor":1.0},{"not_picked":["Loop","Stack"],"picked":"Streamline","floor":4.0},{"not_picked":["Barrage","Steam Power"],"picked":"Electrodynamics","floor":5.0},{"not_picked":["Beam Cell","Stack"],"picked":"Cold Snap","floor":6.0},{"not_picked":["Redo","Coolheaded"],"picked":"Beam Cell","floor":11.0},{"not_picked":["Chaos","Conserve Battery","Hologram"],"picked":"SKIP","floor":13.0},{"not_picked":["Meteor Strike","Fission"],"picked":"Multi-Cast","floor":16.0},{"not_picked":["Beam Cell+1","Steam Power"],"picked":"Coolheaded","floor":18.0},{"not_picked":["Force Field+1","Beam Cell"],"picked":"Leap","floor":21.0},{"not_picked":["Barrage","Hologram"],"picked":"Defragment","floor":22.0},{"not_picked":["White Noise","Aggregate"],"picked":"Turbo+1","floor":24.0},{"not_picked":["Conserve Battery","Go for the Eyes","Darkness"],"picked":"SKIP","floor":25.0},{"not_picked":["Hologram+1","Sweeping Beam+1"],"picked":"FTL","floor":30.0},{"not_picked":["Melter+1","Cold Snap"],"picked":"Biased Cognition","floor":31.0}],"player_experience":36599,"relics_obtained":[{"floor":6.0,"key":"Sundial"},{"floor":9.0,"key":"Lizard Tail"},{"floor":11.0,"key":"Matryoshka"},{"floor":30.0,"key":"Regal Pillow"}],"event_choices":[{"damage_healed":0.0,"max_hp_gain":0.0,"max_hp_loss":0.0,"gold_gain":0.0,"event_name":"Lab","player_choice":"Got Potions","floor":2.0,"gold_loss":0.0,"damage_taken":0.0},{"cards_removed":["Defend_B"],"damage_healed":0.0,"max_hp_gain":0.0,"max_hp_loss":0.0,"gold_gain":0.0,"event_name":"Back to Basics","player_choice":"Elegance","floor":20.0,"gold_loss":0.0,"damage_taken":0.0},{"damage_healed":0.0,"max_hp_gain":0.0,"max_hp_loss":0.0,"gold_gain":0.0,"event_name":"Masked Bandits","player_choice":"Paid Fearfully","floor":27.0,"gold_loss":88.0,"damage_taken":0.0},{"damage_healed":25.0,"max_hp_gain":0.0,"max_hp_loss":0.0,"gold_gain":0.0,"event_name":"The Library","player_choice":"Heal","floor":29.0,"gold_loss":0.0,"damage_taken":0.0}],"is_beta":false,"boss_relics":[{"not_picked":["Inserter","Sozu"],"picked":"Nuclear Battery"}],"items_purged_floors":[3,7,19],"is_endless":false,"potions_floor_spawned":[5,6,13,21,22],"killed_by":"Champ","ascension_level":1}}