{"host":"kh1j1cf337zr4nij","time":1609227989,"event":{"mods":["2.2 Compatiblity","AchievementEnabler","Act Like it!","Aspiration","BaseMod","Beaked The Cultist","Bestiary","CCEM","Colored Map","Colored Powertips","Conspire","Downfall","Energized Spire","Fireblade Mod","Friendly Minions","FruityMod","GifTheSpireLib","Glutton Mod","Halation","Hermit","Highlight Path","Hubris","Jedi Mod","JesterMod","Mad Scientist","Marisa????????","Melee Mod","Minty Spire (QoL Compilation)","Quick Restart","Random Character Button","Relic Stats","Replay The Spire","Shade Mod","Slumbering Mod","Spikes Relics","StSLib","Stuff the Spire","SuperFastMode","Synergy Search","The Blackbeard","The Clintock","The Construct","The Cursed","The Disciple","The Druid","The Forsaken","The Hierophant","The Judge","The Juggle","The Mystic","The Necromancer","The Runesmith","The Servant 0.9.4","The Spell Scribe","The Valiant","TheFirefly","Trackpad","vexMod"],"gold_per_floor":[99,110,129,129,146,159,159,184,203,15,29,53,53,53,70,70,70],"floor_reached":16,"playtime":1015,"items_purged":["Defend_Br"],"score":104,"play_id":"7cd408aa-2681-4872-ac4a-3755be36d153","local_time":"20201229024629","is_ascension_mode":false,"campfire_choices":[{"floor":1,"key":"RECALL"},{"data":"BiteCommand","floor":13,"key":"SMITH"}],"circlet_count":0,"master_deck":["Strike_Br","Strike_Br","Strike_Br","Defend_Br","Defend_Br","Defend_Br","SecondHand","PatternShift","Keepsakes","BiteCommand+1","BlueShift","WindUp","ShortSighted","AlternateTimeline","PrimeTime","HandsUpC","LockedWarPaint"],"relics":["Chronometer","conspire:DeflatedDodgeball","CCEMRelics:Barrel","vexMod:MemoryStick","Paper Turtyl"],"acts_visited":["Exordium"],"potions_floor_usage":[9,9,16,16],"damage_taken":[{"damage":0,"enemies":"2 Louse","floor":2,"turns":5},{"damage":0,"enemies":"Cultist","floor":3,"turns":3},{"damage":1,"enemies":"Jaw Worm","floor":5,"turns":4},{"damage":0,"enemies":"Red Slaver","floor":6,"turns":4},{"damage":15,"enemies":"Replay:BlueRogue","floor":8,"turns":7},{"damage":6,"enemies":"Exordium Wildlife","floor":9,"turns":5},{"damage":5,"enemies":"downfall:FleeingMerchant","floor":10,"turns":4},{"damage":12,"enemies":"3 Louse","floor":11,"turns":3},{"damage":0,"enemies":"Red Slaver","floor":15,"turns":3},{"damage":97,"enemies":"downfall:Defect","floor":16,"turns":8}],"seed_played":"-2654247378151914556","potions_obtained":[{"floor":2,"key":"Reflective Coating"},{"floor":3,"key":"WardPotion"},{"floor":9,"key":"Swift Potion"},{"floor":11,"key":"Weak Potion"}],"is_trial":false,"path_per_floor":["R","M","M","?","M","M","T","E","M","$","M","T","R","?","M","B"],"character_chosen":"CHRONO_CLASS","items_purchased":["PrimeTime","HandsUpC"],"campfire_rested":0,"item_purchase_floors":[10,10],"current_hp_per_floor":[71,71,71,71,70,70,70,55,55,56,58,58,58,58,68,0,0],"gold":70,"neow_bonus":"TEN_PERCENT_HP_BONUS","is_daily":false,"chose_seed":false,"campfire_upgraded":1,"win_rate":0.0,"timestamp":1609227989,"path_taken":["R","M","M","?","M","?","T","E","M","?","?","?","R","?","M","BOSS"],"items_purchased_type":["Card","Card"],"build_version":"2020-12-22","purchased_purges":1,"victory":false,"max_hp_per_floor":[71,71,71,71,71,71,71,71,71,71,71,71,71,71,71,71,71],"relic_stats":{"counters":[10,46],"obtain_stats":[{"CCEMRelics:Barrel":8,"vexMod:MemoryStick":12,"Chronometer":0,"conspire:DeflatedDodgeball":7,"Paper Turtyl":14},{"CCEMRelics:Barrel":5,"vexMod:MemoryStick":8,"Chronometer":0,"conspire:DeflatedDodgeball":4,"Paper Turtyl":8},{"CCEMRelics:Barrel":23,"vexMod:MemoryStick":35,"Chronometer":0,"conspire:DeflatedDodgeball":16,"Paper Turtyl":35}]},"card_choices":[{"not_picked":["ReapSow","Tempo"],"picked":"Keepsakes","floor":2},{"not_picked":["LockedTornado","LockedUrn"],"picked":"BiteCommand","floor":3},{"not_picked":["Engulf","MasterKey"],"picked":"BlueShift","floor":5},{"not_picked":["LockedAnchor","BiteCommand"],"picked":"WindUp","floor":6},{"not_picked":["LockedWhetstone","LockedBlood"],"picked":"ShortSighted","floor":8},{"not_picked":["Break","LockedMedicine"],"picked":"AlternateTimeline","floor":9},{"not_picked":["ShortSighted","LockedThread","LockedTurtyl"],"picked":"SKIP","floor":10},{"not_picked":["LockedMedicine","LockedBlood"],"picked":"LockedWarPaint","floor":11},{"not_picked":["HandsUpB","Recurrance","LockedFlame"],"picked":"SKIP","floor":15}],"player_experience":29698,"relics_obtained":[{"floor":7,"key":"conspire:DeflatedDodgeball"},{"floor":8,"key":"CCEMRelics:Barrel"},{"floor":12,"key":"vexMod:MemoryStick"},{"floor":14,"key":"Paper Turtyl"}],"event_choices":[{"cards_removed":["Strike_Br"],"damage_healed":0,"gold_gain":0,"player_choice":"Offered Basic","damage_taken":0,"max_hp_gain":0,"max_hp_loss":0,"event_name":"Bonfire Elementals","floor":4,"gold_loss":0},{"damage_healed":0,"gold_gain":0,"player_choice":"Relic","damage_taken":0,"max_hp_gain":0,"max_hp_loss":0,"event_name":"Wheel of Change","floor":14,"gold_loss":0}],"is_beta":false,"boss_relics":[],"items_purged_floors":[10],"is_endless":false,"potions_floor_spawned":[2,3,9,11],"killed_by":"downfall:Defect","ascension_level":0}}