{"host":"1c52r9kaxdyo25eq","time":1609240029,"event":{"mods":["AchievementEnabler","BaseMod","Minty Spire (QoL Compilation)","Rare Cards Sparkle","SuperFastMode","everything is the same but u backflip on backflip"],"gold_per_floor":[119,138,63,77,77,77,98,17,17,17,32,72,107,121,121,217,217,217,32,32,0,0,0],"floor_reached":22,"playtime":538,"items_purged":["Defend_G","Strike_G"],"score":422,"play_id":"69d7c07a-97dc-4cba-ad5d-9fac6d628131","local_time":"20201229200709","is_ascension_mode":true,"campfire_choices":[{"data":"Grand Finale","floor":6.0,"key":"SMITH"},{"data":"Caltrops","floor":10.0,"key":"SMITH"},{"data":"Tactician","floor":15.0,"key":"SMITH"}],"circlet_count":0,"master_deck":["AscendersBane","Strike_G","Strike_G","Strike_G","Defend_G","Defend_G","Defend_G","Survivor","Neutralize","Grand Finale+1","Escape Plan","Acrobatics","Leg Sweep","Caltrops+1","Tactician+1","Venomology","Bouncing Flask","Footwork","Tactician","Well Laid Plans"],"relics":["Ring of the Snake","Golden Idol","Kunai","Shuriken","Odd Mushroom","Ectoplasm"],"acts_visited":["Exordium","TheCity"],"potions_floor_usage":[21,22,22],"damage_taken":[{"damage":1.0,"enemies":"2 Louse","floor":1.0,"turns":3.0},{"damage":9.0,"enemies":"Jaw Worm","floor":2.0,"turns":8.0},{"damage":4.0,"enemies":"Small Slimes","floor":4.0,"turns":4.0},{"damage":0.0,"enemies":"Looter","floor":7.0,"turns":2.0},{"damage":13.0,"enemies":"Large Slime","floor":11.0,"turns":2.0},{"damage":0.0,"enemies":"Gremlin Nob","floor":12.0,"turns":2.0},{"damage":3.0,"enemies":"The Mushroom Lair","floor":13.0,"turns":4.0},{"damage":6.0,"enemies":"Exordium Thugs","floor":14.0,"turns":4.0},{"damage":4.0,"enemies":"Hexaghost","floor":16.0,"turns":8.0},{"damage":16.0,"enemies":"Chosen","floor":18.0,"turns":6.0},{"damage":7,"enemies":"2 Thieves","floor":21,"turns":3},{"damage":14,"enemies":"Shelled Parasite and Fungi","floor":22,"turns":2}],"seed_played":"5768435556761762298","potions_obtained":[{"floor":4.0,"key":"Fire Potion"},{"floor":11.0,"key":"CunningPotion"},{"floor":13.0,"key":"GamblersBrew"},{"floor":18.0,"key":"FearPotion"}],"is_trial":false,"path_per_floor":["M","M","$","M","?","R","M","$","T","R","M","E","?","M","R","B",null,"M","$","?","M","M"],"character_chosen":"THE_SILENT","items_purchased":["Caltrops","Well Laid Plans"],"campfire_rested":0,"item_purchase_floors":[8,19],"current_hp_per_floor":[58,49,49,45,45,45,45,45,45,45,32,32,29,23,23,19,45,29,29,29,22,8,8],"gold":0,"neow_bonus":"TRANSFORM_TWO_CARDS","is_daily":false,"chose_seed":false,"campfire_upgraded":3,"win_rate":0.0,"timestamp":1609240029,"path_taken":["M","M","$","M","?","R","M","$","T","R","M","E","?","M","R","BOSS","M","$","?","M","M"],"items_purchased_type":["Card","Card"],"build_version":"2020-12-22","purchased_purges":2,"victory":false,"max_hp_per_floor":[60,60,60,60,54,54,54,54,54,54,54,54,54,54,54,54,54,54,54,54,54,54,54],"card_choices":[{"not_picked":["Dodge and Roll","Slice","Deflect"],"picked":"SKIP","floor":1.0},{"not_picked":["Flying Knee","Blade Dance"],"picked":"Acrobatics","floor":2.0},{"not_picked":["Dash","Underhanded Strike","Escape Plan"],"picked":"SKIP","floor":4.0},{"not_picked":["Dagger Spray","Dodge and Roll"],"picked":"Leg Sweep","floor":7.0},{"not_picked":["PiercingWail","Deflect"],"picked":"Tactician","floor":11.0},{"not_picked":["Glass Knife","Sucker Punch"],"picked":"Venomology","floor":12.0},{"not_picked":["Underhanded Strike","Flying Knee"],"picked":"Bouncing Flask","floor":13.0},{"not_picked":["Deflect","Flying Knee"],"picked":"Footwork","floor":14.0},{"not_picked":["Sucker Punch","Cloak And Dagger+1"],"picked":"Tactician","floor":18.0},{"not_picked":["Poisoned Stab","Concentrate","Crippling Poison"],"picked":"SKIP","floor":21}],"player_experience":527328,"relics_obtained":[{"floor":9.0,"key":"Kunai"},{"floor":12.0,"key":"Shuriken"},{"floor":13.0,"key":"Odd Mushroom"}],"event_choices":[{"damage_healed":0.0,"max_hp_gain":0.0,"max_hp_loss":6.0,"gold_gain":0.0,"event_name":"Golden Idol","player_choice":"Lose Max HP","floor":5.0,"gold_loss":0.0,"damage_taken":0.0,"relics_obtained":["Golden Idol"]},{"damage_healed":0.0,"max_hp_gain":0.0,"max_hp_loss":0.0,"gold_gain":0.0,"event_name":"Mushrooms","player_choice":"Fought Mushrooms","floor":13.0,"gold_loss":0.0,"damage_taken":0.0},{"damage_healed":0.0,"max_hp_gain":0.0,"max_hp_loss":0.0,"gold_gain":0.0,"event_name":"The Mausoleum","player_choice":"Ignored","floor":20.0,"gold_loss":0.0,"damage_taken":0.0}],"is_beta":false,"boss_relics":[{"not_picked":["Black Star","Snecko Eye"],"picked":"Ectoplasm"}],"items_purged_floors":[3,19],"is_endless":false,"potions_floor_spawned":[4,11,13,18],"killed_by":"Shelled Parasite and Fungi","ascension_level":20}}