{"host":"sc0o2qwpf9j16a4i","time":1609245137,"event":{"mods":["AchievementEnabler","BaseMod","BetterRewards","Block Reminder","Colored Map","Colored Powertips","Custom Start","Highlight Path","Minty Spire (QoL Compilation)","Relic Stats"],"gold_per_floor":[112,128,143,68,81,81,111,111,183,217,217,40,140,152,152,229,229,246,265,278,168,181,81,92,123,123,151,151,182,182,192,192,267,267,309,309,46,46,63,63,63,88,88,88],"floor_reached":43,"playtime":1792,"items_purged":["Strike_P","Defend_P"],"score":1332,"play_id":"398c7626-8694-4193-bd66-5be085e23501","local_time":"20201229143217","is_ascension_mode":true,"campfire_choices":[{"floor":6,"key":"REST"},{"floor":8,"key":"REST"},{"data":"FlurryOfBlows","floor":15,"key":"SMITH"},{"floor":28,"key":"REST"},{"floor":32,"key":"REST"},{"floor":40,"key":"REST"}],"circlet_count":0,"master_deck":["AscendersBane","Defend_P+1","Eruption","Vigilance","Wallop+1","Meditate","FollowUp","TalkToTheHand","LikeWater","FearNoEvil","FlurryOfBlows+1","CrushJoints","Conclude+1","CutThroughFate","Crescendo","Consecrate","LessonLearned+1","InnerPeace+1","Wallop+1","FlurryOfBlows","MentalFortress+1","DeceiveReality","DevaForm","SpiritShield+1","Wish","Halt","Dark Shackles","Dark Shackles","Meditate+1"],"relics":["PureWater","Question Card","Gremlin Horn","Lantern","CloakClasp","Pantograph","MealTicket","Thread and Needle","SlaversCollar","TeardropLocket","Mummified Hand","Ornamental Fan","Centennial Puzzle","Empty Cage","Shuriken","Bag of Marbles","Letter Opener"],"acts_visited":["Exordium","TheCity","TheBeyond"],"potions_floor_usage":[27,33,35],"damage_taken":[{"damage":0,"enemies":"Jaw Worm","floor":1,"turns":2},{"damage":0,"enemies":"2 Louse","floor":2,"turns":2},{"damage":0,"enemies":"Cultist","floor":3,"turns":4},{"damage":1,"enemies":"3 Louse","floor":5,"turns":4},{"damage":0,"enemies":"Lagavulin","floor":7,"turns":6},{"damage":23,"enemies":"Gremlin Nob","floor":10,"turns":5},{"damage":0,"enemies":"Red Slaver","floor":14,"turns":2},{"damage":8,"enemies":"Slime Boss","floor":16,"turns":4},{"damage":7,"enemies":"Shell Parasite","floor":18,"turns":3},{"damage":0,"enemies":"Spheric Guardian","floor":19,"turns":3},{"damage":21,"enemies":"Shelled Parasite and Fungi","floor":20,"turns":4},{"damage":1,"enemies":"Centurion and Healer","floor":22,"turns":6},{"damage":5,"enemies":"Snake Plant","floor":24,"turns":4},{"damage":19,"enemies":"Book of Stabbing","floor":25,"turns":5},{"damage":19,"enemies":"Slavers","floor":27,"turns":7},{"damage":0,"enemies":"Gremlin Leader","floor":29,"turns":6},{"damage":9,"enemies":"Shelled Parasite and Fungi","floor":31,"turns":5},{"damage":21,"enemies":"Champ","floor":33,"turns":12},{"damage":15,"enemies":"Orb Walker","floor":35,"turns":5},{"damage":33,"enemies":"3 Darklings","floor":39,"turns":6},{"damage":29,"enemies":"Nemesis","floor":42,"turns":11}],"seed_played":"-865459501242494662","potions_obtained":[{"floor":3,"key":"BottledMiracle"},{"floor":10,"key":"Ancient Potion"},{"floor":20,"key":"Explosive Potion"},{"floor":24,"key":"Strength Potion"},{"floor":27,"key":"BlessingOfTheForge"},{"floor":33,"key":"Fire Potion"},{"floor":39,"key":"LiquidBronze"}],"is_trial":false,"path_per_floor":["M","M","M","?","M","R","E","R","T","E","?","$","?","M","R","B",null,"M","M","M","?","M","$","M","E","T","E","R","E","?","M","R","B",null,"M","?","$","?","M","R","?","E","T"],"character_chosen":"WATCHER","items_purchased":["Question Card","Wallop","Gremlin Horn","Lantern","Meditate","FollowUp","CutThroughFate","Crescendo","Shuriken"],"campfire_rested":5,"item_purchase_floors":[0,0,0,0,0,0,12,12,37],"current_hp_per_floor":[30,30,30,30,29,49,49,68,68,45,45,60,60,60,60,60,66,59,59,38,38,37,52,47,28,28,9,29,29,29,20,40,44,62,47,37,52,52,19,38,38,9,9,9],"gold":88,"neow_bonus":"","is_daily":false,"chose_seed":false,"campfire_upgraded":1,"win_rate":0.0,"timestamp":1609245137,"path_taken":["M","M","M","?","M","R","E","R","T","E","?","$","?","M","R","BOSS","M","?","M","?","M","$","?","E","T","E","R","E","?","M","R","BOSS","M","?","$","?","M","R","?","E","T"],"items_purchased_type":["Relic","Card","Relic","Relic","Card","Card","Card","Card","Relic"],"build_version":"2020-12-22","purchased_purges":2,"victory":false,"max_hp_per_floor":[68,68,68,68,68,68,68,68,68,68,68,68,68,68,68,68,68,68,68,68,68,68,68,68,68,68,68,68,68,68,68,68,68,68,68,68,68,65,65,65,65,65,65,65],"relic_stats":{"Centennial Puzzle":[15],"Gremlin Horn":[25,25],"counters":[145,750],"Mummified Hand":[22],"Ornamental Fan":[116],"Shuriken":[9],"Pantograph":33,"MealTicket":45,"CloakClasp":[192],"Letter Opener":[0],"Question Card":31,"obtain_stats":[{"TwistedFunnel":0,"Gremlin Horn":0,"CeramicFish":9,"Vajra":7,"Runic Capacitor":37,"Whetstone":13,"Bottled Tornado":44,"Boot":10,"Old Coin":40,"Blood Vial":43,"Centennial Puzzle":40,"Strawberry":8,"Prayer Wheel":7,"MealTicket":10,"Necronomicon":20,"Toxic Egg 2":6,"Pear":38,"Happy Flower":19,"Blue Candle":30,"Velvet Choker":17,"Eternal Feather":47,"Pen Nib":9,"Letter Opener":43,"War Paint":41,"Question Card":0,"Akabeko":0,"Cables":12,"WarpedTongs":2,"SlaversCollar":34,"Shuriken":37,"Snecko Eye":17,"Pandora\u0027s Box":17,"Molten Egg 2":5,"Symbiotic Virus":27,"Regal Pillow":0,"Lantern":23,"Singing Bowl":0,"Torii":38,"Yang":11,"Bag of Preparation":9,"CloakClasp":7,"TeardropLocket":25,"Cursed Key":0,"Smiling Mask":30,"Empty Cage":34,"ClockworkSouvenir":46,"Dream Catcher":8,"Tough Bandages":0,"Mummified Hand":26,"Pantograph":24,"Gambling Chip":6,"Tiny Chest":13,"Red Mask":21,"Ring of the Snake":0,"Potion Belt":11,"Lee\u0027s Waffle":0,"Inserter":34,"Golden Idol":5,"Thread and Needle":11,"PreservedInsect":6,"The Courier":7,"Frozen Egg 2":0,"Orichalcum":47,"White Beast Statue":0,"Calling Bell":34,"CaptainsWheel":9,"Busted Crown":34,"Ornamental Fan":9,"Bloody Idol":20,"Turnip":34,"Bag of Marbles":46,"Bottled Lightning":31,"Membership Card":12,"PureWater":0,"FossilizedHelix":45,"Toy Ornithopter":0},{"TwistedFunnel":43,"Gremlin Horn":124,"CeramicFish":48,"Vajra":71,"Runic Capacitor":97,"Whetstone":112,"Bottled Tornado":100,"Boot":23,"Old Coin":39,"Blood Vial":39,"Centennial Puzzle":63,"Strawberry":48,"Prayer Wheel":83,"MealTicket":130,"Necronomicon":89,"Toxic Egg 2":21,"Pear":122,"Happy Flower":115,"Blue Candle":120,"Velvet Choker":87,"Eternal Feather":41,"Pen Nib":71,"Letter Opener":145,"War Paint":99,"Question Card":124,"Akabeko":43,"Cables":85,"WarpedTongs":105,"SlaversCollar":59,"Shuriken":143,"Snecko Eye":14,"Pandora\u0027s Box":27,"Molten Egg 2":46,"Symbiotic Virus":93,"Regal Pillow":67,"Lantern":91,"Singing Bowl":43,"Torii":98,"Yang":110,"Bag of Preparation":11,"CloakClasp":129,"TeardropLocket":138,"Cursed Key":0,"Smiling Mask":57,"Empty Cage":142,"ClockworkSouvenir":40,"Dream Catcher":22,"Tough Bandages":43,"Mummified Hand":138,"Pantograph":31,"Gambling Chip":108,"Tiny Chest":49,"Red Mask":116,"Ring of the Snake":0,"Potion Belt":72,"Lee\u0027s Waffle":67,"Inserter":95,"Golden Idol":3,"Thread and Needle":130,"PreservedInsect":4,"The Courier":11,"Frozen Egg 2":67,"Orichalcum":102,"White Beast Statue":43,"Calling Bell":121,"CaptainsWheel":109,"Busted Crown":35,"Ornamental Fan":22,"Bloody Idol":15,"Turnip":121,"Bag of Marbles":40,"Bottled Lightning":34,"Membership Card":72,"PureWater":0,"FossilizedHelix":64,"Toy Ornithopter":67},{"TwistedFunnel":217,"Gremlin Horn":644,"CeramicFish":232,"Vajra":389,"Runic Capacitor":513,"Whetstone":594,"Bottled Tornado":530,"Boot":119,"Old Coin":192,"Blood Vial":192,"Centennial Puzzle":347,"Strawberry":232,"Prayer Wheel":443,"MealTicket":667,"Necronomicon":470,"Toxic Egg 2":110,"Pear":637,"Happy Flower":605,"Blue Candle":623,"Velvet Choker":459,"Eternal Feather":203,"Pen Nib":389,"Letter Opener":750,"War Paint":523,"Question Card":644,"Akabeko":217,"Cables":449,"WarpedTongs":561,"SlaversCollar":315,"Shuriken":733,"Snecko Eye":84,"Pandora\u0027s Box":131,"Molten Egg 2":222,"Symbiotic Virus":494,"Regal Pillow":372,"Lantern":484,"Singing Bowl":217,"Torii":517,"Yang":585,"Bag of Preparation":65,"CloakClasp":662,"TeardropLocket":698,"Cursed Key":0,"Smiling Mask":296,"Empty Cage":728,"ClockworkSouvenir":197,"Dream Catcher":116,"Tough Bandages":217,"Mummified Hand":698,"Pantograph":146,"Gambling Chip":573,"Tiny Chest":236,"Red Mask":608,"Ring of the Snake":0,"Potion Belt":393,"Lee\u0027s Waffle":372,"Inserter":506,"Golden Idol":13,"Thread and Needle":667,"PreservedInsect":21,"The Courier":65,"Frozen Egg 2":372,"Orichalcum":544,"White Beast Statue":217,"Calling Bell":632,"CaptainsWheel":578,"Busted Crown":169,"Ornamental Fan":116,"Bloody Idol":90,"Turnip":632,"Bag of Marbles":197,"Bottled Lightning":161,"Membership Card":393,"PureWater":0,"FossilizedHelix":356,"Toy Ornithopter":372}]},"card_choices":[{"not_picked":["BowlingBash","FlyingSleeves","Protect"],"picked":"TalkToTheHand","floor":1},{"not_picked":["Halt","BowlingBash","Prostrate"],"picked":"LikeWater","floor":2},{"not_picked":["Evaluate","Scrawl","WheelKick"],"picked":"FearNoEvil","floor":3},{"not_picked":["Pray","SignatureMove","PathToVictory"],"picked":"FlurryOfBlows","floor":5},{"not_picked":["WreathOfFlame","WindmillStrike","Meditate"],"picked":"CrushJoints","floor":7},{"not_picked":["Meditate","Vengeance","BowlingBash"],"picked":"Conclude","floor":10},{"not_picked":["EmptyFist","ClearTheMind","Blasphemy"],"picked":"Consecrate","floor":14},{"not_picked":["Ragnarok","DeusExMachina","Brilliance"],"picked":"LessonLearned","floor":16},{"not_picked":["Halt","ThirdEye+1","Weave"],"picked":"InnerPeace","floor":18},{"not_picked":["FlurryOfBlows","Evaluate","Halt"],"picked":"Wallop+1","floor":19},{"not_picked":["FollowUp","DeusExMachina","ReachHeaven"],"picked":"FlurryOfBlows","floor":20},{"not_picked":["Prostrate","TalkToTheHand","Evaluate"],"picked":"MentalFortress+1","floor":22},{"not_picked":["PathToVictory","WindmillStrike","EmptyBody"],"picked":"DeceiveReality","floor":24},{"not_picked":["SashWhip","SandsOfTime","FlurryOfBlows"],"picked":"DevaForm","floor":25},{"not_picked":["Weave","JustLucky","CrushJoints","BowlingBash"],"picked":"SKIP","floor":27},{"not_picked":["Weave","WaveOfTheHand","FlyingSleeves"],"picked":"SpiritShield","floor":29},{"not_picked":["CutThroughFate","Wireheading","ClearTheMind","InnerPeace"],"picked":"SKIP","floor":31},{"not_picked":["DevaForm","Scrawl","Vault"],"picked":"Wish","floor":33},{"not_picked":["PathToVictory","Prostrate","BowlingBash+1"],"picked":"Halt","floor":35},{"not_picked":["Dramatic Entrance","Thinking Ahead","Mind Blast"],"picked":"Dark Shackles","floor":36},{"not_picked":["Flash of Steel","Dramatic Entrance","Bandage Up"],"picked":"Dark Shackles","floor":36},{"not_picked":["Protect","TalkToTheHand","Consecrate","BattleHymn"],"picked":"SKIP","floor":39},{"not_picked":["EmptyMind","SashWhip+1","BowlingBash"],"picked":"Meditate+1","floor":42}],"player_experience":388401,"relics_obtained":[{"floor":7,"key":"CloakClasp"},{"floor":9,"key":"Pantograph"},{"floor":10,"key":"MealTicket"},{"floor":25,"key":"TeardropLocket"},{"floor":26,"key":"Mummified Hand"},{"floor":27,"key":"Ornamental Fan"},{"floor":29,"key":"Centennial Puzzle"},{"floor":42,"key":"Bag of Marbles"},{"floor":43,"key":"Letter Opener"}],"event_choices":[{"cards_removed":["Strike_P"],"damage_healed":0,"gold_gain":0,"player_choice":"Card Removal","damage_taken":0,"max_hp_gain":0,"max_hp_loss":0,"event_name":"The Cleric","floor":4,"gold_loss":75},{"damage_healed":0,"gold_gain":0,"player_choice":"Searched \u00271\u0027 times","damage_taken":0,"relics_obtained":["Thread and Needle"],"max_hp_gain":0,"max_hp_loss":0,"event_name":"Dead Adventurer","floor":11,"gold_loss":0},{"damage_healed":0,"gold_gain":100,"player_choice":"Gold","damage_taken":0,"max_hp_gain":0,"max_hp_loss":0,"event_name":"Wheel of Change","floor":13,"gold_loss":0},{"cards_removed":["Strike_P"],"damage_healed":0,"gold_gain":0,"player_choice":"Upgrade and Remove","damage_taken":0,"max_hp_gain":0,"max_hp_loss":0,"event_name":"Designer","floor":21,"gold_loss":110,"cards_upgraded":["Strike_P"]},{"damage_healed":0,"gold_gain":0,"player_choice":"Ignored","damage_taken":0,"max_hp_gain":0,"max_hp_loss":0,"event_name":"Vampires","floor":30,"gold_loss":0},{"damage_healed":0,"gold_gain":0,"player_choice":"Memory 3","damage_taken":10,"max_hp_gain":0,"max_hp_loss":0,"event_name":"SensoryStone","floor":36,"gold_loss":0},{"damage_healed":0,"gold_gain":0,"player_choice":"Max HP","damage_taken":0,"max_hp_gain":0,"max_hp_loss":3,"event_name":"Winding Halls","floor":38,"gold_loss":0},{"cards_removed":["Defend_P"],"damage_healed":0,"gold_gain":0,"player_choice":"Removed Skill","damage_taken":0,"max_hp_gain":0,"max_hp_loss":0,"event_name":"Falling","floor":41,"gold_loss":0}],"is_beta":false,"boss_relics":[{"not_picked":["Velvet Choker","Busted Crown"],"picked":"SlaversCollar"},{"not_picked":["HolyWater","Calling Bell"],"picked":"Empty Cage"}],"items_purged_floors":[12,23],"is_endless":false,"potions_floor_spawned":[3,10,16,20,22,24,27,29,33,39],"ascension_level":18}}