{"host":"71akxjf7cjo3bhmj","time":1609262565,"event":{"mods":["AchievementEnabler","BaseMod","Colored Powertips","Minty Spire (QoL Compilation)"],"gold_per_floor":[110,125,143,143,143,143,156,185,232,242,257,277,290,119,119,219,219,229,189,34,234,245,280,280,314,314,66,166,176,8,8,8,111,111,125,0,13,25,79,79,92,118,118,153,3,3,3,18,18,18],"floor_reached":51,"playtime":4455,"items_purged":["Strike_B","Defend_B","Pain","Defend_B"],"score":872,"play_id":"e854c65d-bfe3-448f-ab13-a2c4ddd6f86c","local_time":"20201229182245","is_ascension_mode":false,"campfire_choices":[{"data":"Auto Shields","floor":6.0,"key":"SMITH"},{"data":"Creative AI","floor":15.0,"key":"SMITH"},{"floor":24.0,"key":"REST"},{"floor":32,"key":"REST"},{"floor":40,"key":"REST"},{"data":"Biased Cognition","floor":49,"key":"SMITH"}],"circlet_count":0,"master_deck":["Strike_B","Defend_B","Zap+1","Dualcast","Auto Shields+1","Creative AI+1","Auto Shields","BootSequence","Ball Lightning","Rebound","Biased Cognition+1","Chaos+1","Consume+1","Rip and Tear+1","Auto Shields+1","Ball Lightning","Ball Lightning","Leap","Biased Cognition+1","Conserve Battery+1","Conserve Battery","Steam+1","Redo+1","Buffer+1","Biased Cognition+1","Capacitor+1","Ball Lightning+1","Core Surge","Madness","Madness","Conserve Battery+1"],"relics":["Cracked Core","GremlinMask","Question Card","MealTicket","Astrolabe","Runic Capacitor","Oddly Smooth Stone","Frozen Egg 2","Cables","Orrery","Incense Burner","Ornamental Fan","WarpedTongs","Runic Pyramid","CaptainsWheel","Bird Faced Urn","Bottled Flame","Pocketwatch"],"acts_visited":["Exordium","TheCity","TheBeyond"],"potions_floor_usage":[28,30,33,33,38,42,50,50],"damage_taken":[{"damage":0.0,"enemies":"Cultist","floor":1.0,"turns":3.0},{"damage":0.0,"enemies":"Small Slimes","floor":2.0,"turns":2.0},{"damage":0.0,"enemies":"Jaw Worm","floor":3.0,"turns":3.0},{"damage":1.0,"enemies":"Red Slaver","floor":7.0,"turns":3.0},{"damage":25.0,"enemies":"Gremlin Nob","floor":8.0,"turns":6.0},{"damage":7.0,"enemies":"Lots of Slimes","floor":10.0,"turns":6.0},{"damage":11.0,"enemies":"Large Slime","floor":11.0,"turns":5.0},{"damage":0.0,"enemies":"2 Fungi Beasts","floor":12.0,"turns":4.0},{"damage":5.0,"enemies":"Lots of Slimes","floor":13.0,"turns":3.0},{"damage":0.0,"enemies":"Slime Boss","floor":16.0,"turns":6.0},{"damage":25.0,"enemies":"2 Thieves","floor":18.0,"turns":4.0},{"damage":19.0,"enemies":"Spheric Guardian","floor":22.0,"turns":4.0},{"damage":31.0,"enemies":"Slavers","floor":23.0,"turns":6.0},{"damage":13.0,"enemies":"Book of Stabbing","floor":25.0,"turns":5.0},{"damage":4,"enemies":"Colosseum Slavers","floor":28,"turns":4},{"damage":26,"enemies":"Colosseum Nobs","floor":28,"turns":4},{"damage":0,"enemies":"Centurion and Healer","floor":29,"turns":5},{"damage":16,"enemies":"Collector","floor":33,"turns":6},{"damage":0,"enemies":"3 Shapes","floor":35,"turns":3},{"damage":0,"enemies":"Orb Walker","floor":37,"turns":4},{"damage":0,"enemies":"Spire Growth","floor":38,"turns":4},{"damage":47,"enemies":"2 Orb Walkers","floor":39,"turns":5},{"damage":0,"enemies":"4 Shapes","floor":41,"turns":5},{"damage":0,"enemies":"Giant Head","floor":42,"turns":6},{"damage":0,"enemies":"Nemesis","floor":44,"turns":5},{"damage":0,"enemies":"Maw","floor":48,"turns":6},{"damage":50,"enemies":"Time Eater","floor":50,"turns":8}],"seed_played":"-445095752591170219","potions_obtained":[{"floor":2.0,"key":"Block Potion"},{"floor":8.0,"key":"EssenceOfSteel"},{"floor":10.0,"key":"DuplicationPotion"},{"floor":12.0,"key":"Fire Potion"},{"floor":19.0,"key":"FairyPotion"},{"floor":19.0,"key":"EntropicBrew"},{"floor":19.0,"key":"Energy Potion"},{"floor":25.0,"key":"SkillPotion"},{"floor":28,"key":"Block Potion"},{"floor":33,"key":"EssenceOfDarkness"},{"floor":35,"key":"PowerPotion"},{"floor":38,"key":"Regen Potion"},{"floor":41,"key":"DistilledChaos"},{"floor":44,"key":"DuplicationPotion"}],"is_trial":false,"path_per_floor":["M","M","M","?","?","R","M","E","T","M","M","M","M","$","R","B",null,"M","?","$","?","M","E","R","E","T","$","?","M","$","?","R","B",null,"M","$","M","M","?","R","M","E","T","E","$","?","$","M","R","B",null],"character_chosen":"DEFECT","items_purchased":["PowerPotion","Weak Potion","Runic Capacitor","Orrery","Fruit Juice","DistilledChaos"],"campfire_rested":3,"item_purchase_floors":[14,14,20,27,30,30],"current_hp_per_floor":[75,75,75,80,80,80,79,54,54,47,36,36,31,46,46,46,80,55,55,70,70,51,20,44,31,31,46,16,16,36,36,61,45,85,85,85,85,85,38,63,63,63,63,71,85,74,85,85,85,54],"gold":18,"neow_bonus":"UPGRADE_CARD","is_daily":false,"chose_seed":false,"campfire_upgraded":3,"win_rate":0.0,"timestamp":1609262565,"path_taken":["M","M","?","?","?","R","?","E","T","?","M","?","M","$","R","BOSS","M","?","?","?","?","E","R","E","T","?","?","M","$","?","R","BOSS","M","?","?","M","?","R","M","E","T","E","$","?","$","M","R","BOSS"],"items_purchased_type":["Potion","Potion","Relic","Relic","Potion","Potion"],"build_version":"2020-12-22","purchased_purges":4,"victory":true,"max_hp_per_floor":[75,75,75,80,80,80,80,80,80,80,80,80,80,80,80,80,80,80,80,80,80,80,80,80,80,80,80,80,80,85,85,85,85,85,85,85,85,85,85,85,85,85,85,85,85,85,85,85,85,85],"card_choices":[{"not_picked":["Compile Driver","Tempest","Cold Snap"],"picked":"SKIP","floor":1.0},{"not_picked":["Hologram","Cold Snap"],"picked":"Auto Shields","floor":2.0},{"not_picked":["Cold Snap","Reprogram","Coolheaded"],"picked":"SKIP","floor":3.0},{"not_picked":["Streamline","Beam Cell"],"picked":"Creative AI","floor":7.0},{"not_picked":["Compile Driver","Coolheaded","Sweeping Beam"],"picked":"SKIP","floor":8.0},{"not_picked":["Cold Snap","Consume","Steam"],"picked":"Auto Shields","floor":10.0},{"not_picked":["Sweeping Beam","Self Repair","Blizzard"],"picked":"BootSequence","floor":11.0},{"not_picked":["Genetic Algorithm","Coolheaded","Stack"],"picked":"Ball Lightning","floor":12.0},{"not_picked":["Chill","Go for the Eyes","Cold Snap"],"picked":"Rebound","floor":13.0},{"not_picked":["Rainbow","Machine Learning","Meteor Strike"],"picked":"Biased Cognition","floor":16.0},{"not_picked":["Coolheaded+1","Tempest","Redo"],"picked":"Auto Shields+1","floor":18.0},{"not_picked":["Hologram+1","Steam","Blizzard"],"picked":"Ball Lightning","floor":22.0},{"not_picked":["Scrape+1","Stack","Coolheaded"],"picked":"Ball Lightning","floor":23.0},{"not_picked":["Stack","Turbo","Go for the Eyes"],"picked":"Leap","floor":25.0},{"not_picked":["Aggregate","Melter","Gash"],"picked":"Biased Cognition+1","floor":27},{"not_picked":["Fusion","Compile Driver","Gash+1"],"picked":"Conserve Battery+1","floor":27},{"not_picked":["Lockon","Barrage","Turbo"],"picked":"Conserve Battery","floor":27},{"not_picked":["Gash","Force Field","Cold Snap"],"picked":"Steam+1","floor":28},{"not_picked":["FTL","Compile Driver","Chill"],"picked":"Redo+1","floor":29},{"not_picked":["All For One","Electrodynamics+1","Seek"],"picked":"Buffer+1","floor":33},{"not_picked":["Sweeping Beam","Beam Cell","Cold Snap","Go for the Eyes+1"],"picked":"SKIP","floor":35},{"not_picked":["Reprogram+1","Coolheaded+1","Go for the Eyes+1"],"picked":"Biased Cognition+1","floor":37},{"not_picked":["Rebound+1","Skim","Glacier+1"],"picked":"Capacitor+1","floor":38},{"not_picked":["Stack","Redo","Beam Cell"],"picked":"Ball Lightning+1","floor":39},{"not_picked":["Blizzard+1","Gash","Turbo","Stack+1"],"picked":"SKIP","floor":41},{"not_picked":["Streamline","Fusion","Beam Cell","Chill+1"],"picked":"SKIP","floor":42},{"not_picked":["Auto Shields","Beam Cell+1","Fusion"],"picked":"Core Surge","floor":44},{"not_picked":["Scrape+1","Turbo","Hologram"],"picked":"Conserve Battery+1","floor":48}],"player_experience":100133,"relics_obtained":[{"floor":8.0,"key":"Question Card"},{"floor":9.0,"key":"MealTicket"},{"floor":23.0,"key":"Oddly Smooth Stone"},{"floor":25.0,"key":"Frozen Egg 2"},{"floor":26.0,"key":"Cables"},{"floor":28,"key":"Incense Burner"},{"floor":28,"key":"Ornamental Fan"},{"floor":39,"key":"CaptainsWheel"},{"floor":42,"key":"Bird Faced Urn"},{"floor":43,"key":"Bottled Flame"},{"floor":44,"key":"Pocketwatch"}],"event_choices":[{"damage_healed":0.0,"max_hp_gain":5.0,"max_hp_loss":0.0,"gold_gain":0.0,"event_name":"Big Fish","player_choice":"Donut","floor":4.0,"gold_loss":0.0,"damage_taken":0.0},{"damage_healed":0.0,"max_hp_gain":0.0,"max_hp_loss":0.0,"gold_gain":0.0,"event_name":"FaceTrader","player_choice":"Trade","floor":5.0,"gold_loss":0.0,"damage_taken":0.0,"relics_obtained":["GremlinMask"]},{"damage_healed":0.0,"max_hp_gain":0.0,"max_hp_loss":0.0,"gold_gain":0.0,"event_name":"The Woman in Blue","player_choice":"Bought 3 Potions","floor":19.0,"gold_loss":0.0,"damage_taken":0.0},{"damage_healed":0.0,"max_hp_gain":0.0,"max_hp_loss":0.0,"gold_gain":200.0,"event_name":"Wheel of Change","player_choice":"Gold","floor":21.0,"gold_loss":0.0,"damage_taken":0.0},{"damage_healed":0,"gold_gain":0,"player_choice":"Fight","damage_taken":0,"max_hp_gain":0,"max_hp_loss":0,"event_name":"Colosseum","floor":28,"gold_loss":0},{"damage_healed":0,"gold_gain":0,"player_choice":"Fought Nobs","damage_taken":0,"max_hp_gain":0,"max_hp_loss":0,"event_name":"Colosseum","floor":28,"gold_loss":0},{"damage_healed":0,"gold_gain":0,"player_choice":"Rummage","damage_taken":0,"relics_obtained":["WarpedTongs"],"max_hp_gain":0,"max_hp_loss":0,"event_name":"Accursed Blacksmith","floor":31,"gold_loss":0,"cards_obtained":["Pain"]},{"damage_healed":0,"gold_gain":0,"player_choice":"Fight","damage_taken":0,"max_hp_gain":0,"max_hp_loss":0,"event_name":"Mysterious Sphere","floor":39,"gold_loss":0},{"damage_healed":0,"gold_gain":0,"player_choice":"Embrace Madness","damage_taken":11,"max_hp_gain":0,"max_hp_loss":0,"event_name":"Winding Halls","floor":46,"gold_loss":0,"cards_obtained":["Madness","Madness"]}],"is_beta":false,"boss_relics":[{"not_picked":["Coffee Dripper","Snecko Eye"],"picked":"Astrolabe"},{"not_picked":["FrozenCore","Black Star"],"picked":"Runic Pyramid"}],"items_purged_floors":[14,27,36,45],"is_endless":false,"potions_floor_spawned":[2,8,10,12,25,28,28,33,35,38,41,44],"ascension_level":0}}