{"host":"26mrfot5w7uj2ebc","time":1609254055,"event":{"mods":["AchievementEnabler","BaseMod","Colored Map","Minty Spire (QoL Compilation)"],"gold_per_floor":[117,133,133,150,160,174,206,381,427,459,479,16,16,27,27,122,122,134,134,134,134],"floor_reached":20,"playtime":658,"items_purged":["Doubt"],"score":186,"play_id":"e3c99147-27d5-4048-8056-343f9682c2d6","local_time":"20201230000055","is_ascension_mode":false,"campfire_choices":[{"floor":13.0,"key":"REST"},{"floor":15.0,"key":"REST"}],"circlet_count":0,"master_deck":["Strike_B","Strike_B","Strike_B","Strike_B","Defend_B","Zap+1","Dualcast","Conserve Battery","Auto Shields","Core Surge","Ball Lightning","Skim","Rip and Tear","Buffer","Sweeping Beam","Apotheosis","White Noise","BootSequence","Fission","Fusion+1","Creative AI+1","Beam Cell+1","BootSequence"],"relics":["Cracked Core","Ancient Tea Set","Kunai","Anchor","Mummified Hand","Strange Spoon","Astrolabe"],"acts_visited":["Exordium","TheCity"],"potions_floor_usage":[],"damage_taken":[{"damage":8.0,"enemies":"2 Louse","floor":1.0,"turns":2.0},{"damage":3.0,"enemies":"Small Slimes","floor":2.0,"turns":4.0},{"damage":0.0,"enemies":"Jaw Worm","floor":4.0,"turns":4.0},{"damage":1.0,"enemies":"Red Slaver","floor":5.0,"turns":3.0},{"damage":1.0,"enemies":"Blue Slaver","floor":6.0,"turns":3.0},{"damage":30.0,"enemies":"Lagavulin","floor":7.0,"turns":9.0},{"damage":10.0,"enemies":"3 Sentries","floor":10.0,"turns":4.0},{"damage":0.0,"enemies":"Lots of Slimes","floor":11.0,"turns":4.0},{"damage":5.0,"enemies":"Gremlin Gang","floor":14.0,"turns":3.0},{"damage":10.0,"enemies":"Hexaghost","floor":16.0,"turns":10.0},{"damage":23.0,"enemies":"3 Byrds","floor":18.0,"turns":7.0},{"damage":0,"enemies":"Shell Parasite","floor":20,"turns":1}],"seed_played":"-373511986836148495","potions_obtained":[{"floor":2.0,"key":"SneckoOil"},{"floor":5.0,"key":"Fire Potion"},{"floor":6.0,"key":"FearPotion"},{"floor":10.0,"key":"SteroidPotion"},{"floor":11.0,"key":"Weak Potion"},{"floor":14.0,"key":"Dexterity Potion"}],"is_trial":false,"path_per_floor":["M","M","?","M","M","M","E","?","T","E","M","$","R","M","R","B",null,"M","?","M"],"character_chosen":"DEFECT","items_purchased":["Apotheosis","White Noise","Strange Spoon"],"campfire_rested":2,"item_purchase_floors":[12,12,12],"current_hp_per_floor":[67,64,64,64,63,62,32,32,32,22,22,22,44,39,61,51,75,52,38,38,38],"gold":134,"neow_bonus":"RANDOM_COMMON_RELIC","is_daily":false,"chose_seed":false,"campfire_upgraded":0,"win_rate":0.0,"timestamp":1609254055,"path_taken":["M","M","?","M","M","M","E","?","T","E","?","$","R","M","R","BOSS","M","?","M"],"items_purchased_type":["Card","Card","Relic"],"build_version":"2020-12-22","purchased_purges":1,"victory":false,"max_hp_per_floor":[75,75,75,75,75,75,75,75,75,75,75,75,75,75,75,75,75,75,80,80,80],"card_choices":[{"not_picked":["Streamline","Sweeping Beam"],"picked":"Conserve Battery","floor":1.0},{"not_picked":["Hologram","Coolheaded"],"picked":"Auto Shields","floor":2.0},{"not_picked":["Sweeping Beam","Hologram"],"picked":"Core Surge","floor":4.0},{"not_picked":["Hologram","Sweeping Beam"],"picked":"Ball Lightning","floor":5.0},{"not_picked":["Turbo","Gash"],"picked":"Skim","floor":6.0},{"not_picked":["Compile Driver","Streamline"],"picked":"Rip and Tear","floor":7.0},{"not_picked":["Barrage","Rebound"],"picked":"Buffer","floor":10.0},{"not_picked":["Auto Shields","Rip and Tear"],"picked":"Sweeping Beam","floor":11.0},{"not_picked":["Chaos","Doom and Gloom"],"picked":"BootSequence","floor":14.0},{"not_picked":["Buffer","Hyperbeam"],"picked":"Fission","floor":16.0},{"not_picked":["Redo","Streamline"],"picked":"BootSequence","floor":18.0}],"player_experience":219914,"relics_obtained":[{"floor":7.0,"key":"Kunai"},{"floor":9.0,"key":"Anchor"},{"floor":10.0,"key":"Mummified Hand"}],"event_choices":[{"damage_healed":0.0,"max_hp_gain":0.0,"max_hp_loss":0.0,"gold_gain":0.0,"event_name":"Living Wall","player_choice":"Grow","floor":3.0,"gold_loss":0.0,"damage_taken":0.0,"cards_upgraded":["Zap"]},{"damage_healed":0.0,"max_hp_gain":0.0,"max_hp_loss":0.0,"gold_gain":175.0,"event_name":"Liars Game","player_choice":"AGREE","floor":8.0,"gold_loss":0.0,"damage_taken":0.0,"cards_obtained":["Doubt"]},{"damage_healed":0.0,"max_hp_gain":5.0,"max_hp_loss":0.0,"gold_gain":0.0,"event_name":"Forgotten Altar","player_choice":"Shed Blood","floor":19.0,"gold_loss":0.0,"damage_taken":19.0}],"is_beta":false,"boss_relics":[{"not_picked":["Pandora\u0027s Box","Cursed Key"],"picked":"Astrolabe"}],"items_purged_floors":[12],"is_endless":false,"potions_floor_spawned":[2,5,6,10,11,14],"killed_by":"Shell Parasite","ascension_level":0}}