{"host":"e4wnmsyty9uvvtwf","time":1609251606,"event":{"mods":["Act Like it!","BaseMod","Colored Map","Colored Powertips","Gensokyo","Marisa£®ÏF”Í°°ƒß¿Ì…≥£©","Minty Spire (QoL Compilation)","Rare Cards Sparkle","StSLib"],"gold_per_floor":[118,118,68,118,133,133,145,177,228,257,257,257,3,3,3,104,104,104],"floor_reached":17,"playtime":500,"items_purged":[],"score":221,"play_id":"2d55d871-bf70-4851-ae07-5aa480aebcd5","local_time":"20201229222006","is_ascension_mode":true,"campfire_choices":[{"data":"BlazeAway","floor":6,"key":"SMITH"},{"data":"Gensokyo:BlessingOfFortitude","floor":12,"key":"SMITH"},{"data":"Gensokyo:MarisaTwilightSpark","floor":15,"key":"SMITH"}],"circlet_count":0,"master_deck":["MasterSpark","UpSweep","EnergyFlow","Gensokyo:BlessingOfFortitude+1","BlazeAway+1","EarthLightRay","MilkyWay","Parasite","Parasite","IllusionStar","Clumsy","Gensokyo:TarnishedGold","Gensokyo:RustyChest","Gensokyo:Shovel","Gensokyo:MarisaTwilightSpark+1","EscapeVelocity","Acceleration","PowerUp","EventHorizon","EscapeVelocity","FinalSpark","Occultation","DeepEcoloBomb","PropBag"],"relics":["MiniHakkero","Gensokyo:OccultBall","Art of War","Potion Belt","Bronze Scales","ShroomBag","Gensokyo:NagashiBinaDoll","Medical Kit","Pandora\u0027s Box"],"acts_visited":["Exordium","Gensokyo:Gensokyo"],"potions_floor_usage":[],"damage_taken":[{"damage":6,"enemies":"Gensokyo:Python","floor":1,"turns":3},{"damage":0,"enemies":"Gensokyo:2_Kodama","floor":5,"turns":2},{"damage":2,"enemies":"Gensokyo:3_Fairies","floor":7,"turns":5},{"damage":6,"enemies":"Gensokyo:Aya","floor":8,"turns":7},{"damage":0,"enemies":"Gensokyo:Mamizou","floor":10,"turns":8},{"damage":23,"enemies":"Gensokyo:Reimu","floor":16,"turns":7}],"seed_played":"-7928670335510622379","potions_obtained":[{"floor":7,"key":"Energy Potion"},{"floor":16,"key":"BlessingOfTheForge"}],"is_trial":false,"path_per_floor":["M","?","?","T","M","R","M","E","T","E","?","R","COS","?","R","B",null],"character_chosen":"MARISA","items_purchased":[],"campfire_rested":0,"item_purchase_floors":[],"current_hp_per_floor":[69,69,69,69,69,69,67,65,65,69,69,69,69,69,69,52,75,75],"gold":104,"neow_bonus":"ONE_RANDOM_RARE_CARD","is_daily":false,"chose_seed":false,"campfire_upgraded":3,"win_rate":0.0,"timestamp":1609251606,"path_taken":["M","?","?","?","M","R","M","E","T","E","?","R","COS","?","R","BOSS"],"items_purchased_type":[],"build_version":"2020-12-22","purchased_purges":0,"victory":false,"max_hp_per_floor":[75,75,75,75,75,75,75,75,75,75,75,75,75,75,75,75,75,75],"card_choices":[{"not_picked":["GrandCross","SporeBomb"],"picked":"EnergyFlow","floor":1},{"not_picked":["ChargingUp","ShootingEcho"],"picked":"BlazeAway","floor":5},{"not_picked":["OneTimeOff","SuperPerseids"],"picked":"EarthLightRay","floor":7},{"not_picked":["DarkSpark","NonDirectionalLaser"],"picked":"MilkyWay","floor":8},{"not_picked":["Occultation","Acceleration"],"picked":"IllusionStar","floor":10},{"not_picked":["FinalSpark","BlazingStar"],"picked":"EscapeVelocity","floor":16}],"player_experience":675917,"relics_obtained":[{"floor":4,"key":"Art of War"},{"floor":8,"key":"Potion Belt"},{"floor":9,"key":"Bronze Scales"},{"floor":10,"key":"Gensokyo:OccultBall"},{"floor":10,"key":"ShroomBag"},{"floor":16,"key":"Gensokyo:OccultBall"}],"event_choices":[],"is_beta":false,"boss_relics":[{"not_picked":["Coffee Dripper","Empty Cage"],"picked":"Pandora\u0027s Box"}],"items_purged_floors":[],"is_endless":false,"potions_floor_spawned":[7,16],"ascension_level":1}}