{"host":"ji1fk25fd1ga4ji1","time":1609253780,"event":{"mods":["2.2 Compatiblity","BaseMod","Colored Map","DeckTracker","Minty Spire (QoL Compilation)","Permanent Neow","Quick Restart","StSLib","SuperFastMode"],"gold_per_floor":[13,13,31,41,53,53,67,67,120,152,166,177,177,238,238,342,342,356,133,133,150,150,150,176,176,202,202,227,242,242,256,256,354,354,365,382,382,399,414,414,441,464,464,494,494,494,505,516,516,516],"floor_reached":51,"playtime":995,"items_purged":["Strike_B"],"score":811,"play_id":"ff07ffa6-daf0-4924-8336-ac22311f1357","local_time":"20201229235620","is_ascension_mode":true,"campfire_choices":[{"data":"Conserve Battery","floor":6.0,"key":"SMITH"},{"data":"Conserve Battery","floor":8.0,"key":"SMITH"},{"data":"Conserve Battery","floor":13.0,"key":"SMITH"},{"data":"Conserve Battery","floor":15.0,"key":"SMITH"},{"data":"Reboot","floor":23.0,"key":"SMITH"},{"floor":25.0,"key":"REST"},{"floor":27.0,"key":"REST"},{"floor":32,"key":"REST"},{"data":"Fusion","floor":40,"key":"SMITH"},{"floor":45,"key":"REST"},{"floor":49,"key":"REST"}],"circlet_count":0,"master_deck":["Strike_B","Defend_B","Zap","Dualcast","Gash","Conserve Battery+1","Conserve Battery+1","Gash","Conserve Battery+1","Reboot+1","Force Field+1","All For One+1","Core Surge+1","Gash+1","Reprogram+1","Fusion+1","Gash+1","FTL+1"],"relics":["Cracked Core","Akabeko","Mercury Hourglass","Pen Nib","Astrolabe","Vajra","Smiling Mask","Orichalcum","Nunchaku","Black Star","Molten Egg 2","CeramicFish","Whetstone","Ancient Tea Set","Lantern"],"acts_visited":["Exordium","TheCity","TheBeyond"],"potions_floor_usage":[33,41,44,48,50,50],"damage_taken":[{"damage":1.0,"enemies":"Cultist","floor":1.0,"turns":3.0},{"damage":1.0,"enemies":"Jaw Worm","floor":3.0,"turns":3.0},{"damage":0.0,"enemies":"Small Slimes","floor":4.0,"turns":3.0},{"damage":0.0,"enemies":"2 Fungi Beasts","floor":5.0,"turns":4.0},{"damage":10.0,"enemies":"Large Slime","floor":7.0,"turns":8.0},{"damage":13.0,"enemies":"Lagavulin","floor":10.0,"turns":6.0},{"damage":0.0,"enemies":"Looter","floor":11.0,"turns":2.0},{"damage":0.0,"enemies":"3 Louse","floor":12.0,"turns":2.0},{"damage":9.0,"enemies":"Gremlin Nob","floor":14.0,"turns":4.0},{"damage":6.0,"enemies":"Slime Boss","floor":16.0,"turns":9.0},{"damage":9.0,"enemies":"Shell Parasite","floor":18.0,"turns":4.0},{"damage":0.0,"enemies":"Spheric Guardian","floor":21.0,"turns":3.0},{"damage":16.0,"enemies":"Gremlin Leader","floor":24.0,"turns":5.0},{"damage":26.0,"enemies":"Slavers","floor":28.0,"turns":6.0},{"damage":10,"enemies":"Centurion and Healer","floor":29,"turns":3},{"damage":0,"enemies":"Snake Plant","floor":31,"turns":3},{"damage":19,"enemies":"Collector","floor":33,"turns":4},{"damage":0,"enemies":"Orb Walker","floor":35,"turns":2},{"damage":0,"enemies":"3 Shapes","floor":36,"turns":5},{"damage":12,"enemies":"Jaw Worm Horde","floor":38,"turns":3},{"damage":8,"enemies":"Transient","floor":39,"turns":5},{"damage":35,"enemies":"Reptomancer","floor":41,"turns":5},{"damage":4,"enemies":"Sphere and 2 Shapes","floor":42,"turns":3},{"damage":6,"enemies":"Giant Head","floor":44,"turns":5},{"damage":2,"enemies":"3 Darklings","floor":47,"turns":5},{"damage":0,"enemies":"Transient","floor":48,"turns":5},{"damage":27,"enemies":"Awakened One","floor":50,"turns":10}],"seed_played":"-6104987308854844832","potions_obtained":[{"floor":3.0,"key":"BlessingOfTheForge"},{"floor":4.0,"key":"Dexterity Potion"},{"floor":11.0,"key":"LiquidBronze"},{"floor":12.0,"key":"Dexterity Potion"},{"floor":21.0,"key":"Strength Potion"},{"floor":35,"key":"GamblersBrew"},{"floor":42,"key":"AttackPotion"},{"floor":47,"key":"Regen Potion"}],"is_trial":false,"path_per_floor":["M","$","M","M","M","R","M","R","T","E","M","M","R","?","R","B",null,"M","$","?","M","?","R","E","R","T","R","E","M","?","M","R","B",null,"M","M","?","M","M","R","E","M","T","E","R","?","M","M","R","B",null],"character_chosen":"DEFECT","items_purchased":["Vajra"],"campfire_rested":5,"item_purchase_floors":[19],"current_hp_per_floor":[74,74,73,73,73,73,63,63,63,50,50,50,50,41,41,35,75,66,66,66,66,52,52,36,60,60,80,54,44,44,44,68,49,80,80,80,80,68,60,60,25,21,21,15,39,39,37,52,76,49],"gold":516,"neow_bonus":"REMOVE_TWO","is_daily":false,"chose_seed":false,"campfire_upgraded":6,"win_rate":0.0,"timestamp":1609253780,"path_taken":["M","$","M","M","M","R","M","R","T","E","M","?","R","?","R","BOSS","M","$","?","M","?","R","E","R","T","R","E","M","?","M","R","BOSS","M","M","?","M","M","R","E","M","T","E","R","?","M","M","R","BOSS"],"items_purchased_type":["Relic"],"build_version":"2020-12-22","purchased_purges":1,"victory":true,"max_hp_per_floor":[75,75,75,75,75,75,75,75,75,75,75,75,75,75,75,75,75,75,75,75,75,80,80,80,80,80,80,80,80,80,80,80,80,80,80,80,80,80,80,80,80,80,80,80,80,80,80,80,80,80],"card_choices":[{"not_picked":["Steam","Ball Lightning"],"picked":"Gash","floor":1.0},{"not_picked":["Leap","Force Field"],"picked":"Conserve Battery","floor":3.0},{"not_picked":["Leap","Steam Power"],"picked":"Conserve Battery","floor":4.0},{"not_picked":["Loop","Hello World","Lockon"],"picked":"SKIP","floor":5.0},{"not_picked":["Chaos","Beam Cell"],"picked":"Gash","floor":7.0},{"not_picked":["Storm","Auto Shields"],"picked":"Conserve Battery","floor":10.0},{"not_picked":["Loop","BootSequence","Redo"],"picked":"SKIP","floor":11.0},{"not_picked":["Chill","Genetic Algorithm"],"picked":"Conserve Battery","floor":12.0},{"not_picked":["Echo Form","Machine Learning"],"picked":"Reboot","floor":16.0},{"not_picked":["Turbo","Reprogram+1"],"picked":"Gash","floor":18.0},{"not_picked":["Go for the Eyes","Stack+1","Hologram"],"picked":"SKIP","floor":21.0},{"not_picked":["Steam","Redo"],"picked":"Reprogram+1","floor":24.0},{"not_picked":["Sunder","Machine Learning","Fusion"],"picked":"SKIP","floor":28},{"not_picked":["Sunder","Machine Learning"],"picked":"Fusion","floor":28},{"not_picked":["Auto Shields+1","Loop","Reinforced Body"],"picked":"SKIP","floor":29},{"not_picked":["Ball Lightning+1","Stack"],"picked":"Gash","floor":31},{"not_picked":["Hologram+1","Heatsinks","Stack+1"],"picked":"SKIP","floor":35},{"not_picked":["Barrage","Redo","Loop"],"picked":"SKIP","floor":36},{"not_picked":["Hello World","Barrage+1","Steam"],"picked":"SKIP","floor":38},{"not_picked":["Barrage","Ball Lightning","Static Discharge"],"picked":"SKIP","floor":39},{"not_picked":["Steam","Chaos+1","Streamline+1"],"picked":"SKIP","floor":41},{"not_picked":["Stack+1","Self Repair+1"],"picked":"FTL+1","floor":42},{"not_picked":["Leap+1","Barrage+1","Undo"],"picked":"SKIP","floor":44},{"not_picked":["Coolheaded","Compile Driver+1","Rebound+1"],"picked":"SKIP","floor":47},{"not_picked":["Force Field","Echo Form","White Noise"],"picked":"SKIP","floor":48}],"player_experience":1232268,"relics_obtained":[{"floor":9.0,"key":"Akabeko"},{"floor":10.0,"key":"Mercury Hourglass"},{"floor":24.0,"key":"Smiling Mask"},{"floor":26.0,"key":"Orichalcum"},{"floor":28,"key":"Nunchaku"},{"floor":41,"key":"Molten Egg 2"},{"floor":41,"key":"CeramicFish"},{"floor":43,"key":"Whetstone"},{"floor":44,"key":"Ancient Tea Set"},{"floor":44,"key":"Lantern"}],"event_choices":[{"damage_healed":0.0,"max_hp_gain":0.0,"max_hp_loss":0.0,"gold_gain":0.0,"event_name":"Dead Adventurer","player_choice":"Searched \u00272\u0027 times","floor":14.0,"gold_loss":0.0,"damage_taken":0.0,"relics_obtained":["Pen Nib"]},{"damage_healed":0.0,"max_hp_gain":0.0,"max_hp_loss":0.0,"gold_gain":0.0,"event_name":"Vampires","player_choice":"Ignored","floor":20.0,"gold_loss":0.0,"damage_taken":0.0},{"damage_healed":0.0,"max_hp_gain":5.0,"max_hp_loss":0.0,"gold_gain":0.0,"event_name":"Forgotten Altar","player_choice":"Shed Blood","floor":22.0,"gold_loss":0.0,"damage_taken":19.0},{"damage_healed":0,"gold_gain":0,"player_choice":"Ignored","damage_taken":0,"max_hp_gain":0,"max_hp_loss":0,"event_name":"Ghosts","floor":30,"gold_loss":0},{"cards_removed":["Conserve Battery"],"damage_healed":0,"gold_gain":0,"player_choice":"Removed Skill","damage_taken":0,"max_hp_gain":0,"max_hp_loss":0,"event_name":"Falling","floor":37,"gold_loss":0},{"damage_healed":0,"gold_gain":0,"player_choice":"Memory 1","damage_taken":0,"max_hp_gain":0,"max_hp_loss":0,"event_name":"SensoryStone","floor":46,"gold_loss":0}],"is_beta":false,"boss_relics":[{"not_picked":["Tiny House","SlaversCollar"],"picked":"Astrolabe"},{"not_picked":["Cursed Key","Nuclear Battery"],"picked":"Black Star"}],"items_purged_floors":[19],"is_endless":false,"potions_floor_spawned":[3,4,11,12,16,18,21,35,39,42,47],"ascension_level":1}}