{"host":"f5uumzf5hfexzk8l","time":1609270845,"event":{"mods":["AchievementEnabler","BaseMod","Colored Map","Googly Eyes","Highlight Path","Minty Spire (QoL Compilation)","Permanent Neow","StSLib","SuperFastMode","Unceasing Turn Reminder","everything is the same but u backflip on backflip"],"gold_per_floor":[116,131,131,150,165,191,191,217,217,247,247,302,337,348,377,377,474,474,456,456,476,109,109,109,135,135,167,167,187,215,215,731,731,656,656,757,757,771,785,785,785,785],"floor_reached":43,"playtime":2618,"items_purged":[],"score":1396,"play_id":"a5e2f1d6-52f6-4f21-8c75-8b71ca207c66","local_time":"20201229114045","is_ascension_mode":true,"campfire_choices":[{"data":"Multi-Cast","floor":11.0,"key":"SMITH"},{"data":"Dualcast","floor":16,"key":"SMITH"},{"data":"Loop","floor":26,"key":"SMITH"},{"data":"Double Energy","floor":33,"key":"SMITH"},{"data":"Glacier","floor":35,"key":"SMITH"}],"circlet_count":1,"master_deck":["Dualcast+1","Defragment+1","Chill+1","Cold Snap+1","Coolheaded+1","Meteor Strike+1","Meteor Strike+1","Glacier+1","Hologram+1","Double Energy+1","Genetic Algorithm+1","Genetic Algorithm+1","Fission+1","Multi-Cast+1","Consume+1","Loop+1","Multi-Cast+1","Double Energy+1","Darkness+1"],"relics":["Circlet","Inserter","Cracked Core","Nuclear Battery","Unceasing Top","Runic Capacitor","DataDisk","Bottled Lightning","Eternal Feather","Sundial","Cables","Bag of Preparation","StrikeDummy","Centennial Puzzle","CultistMask","Potion Belt","SacredBark","Ice Cream","Meat on the Bone","Oddly Smooth Stone","Whetstone","Shuriken","Tiny Chest","Snecko Eye"],"acts_visited":["Exordium","TheCity","TheBeyond"],"potions_floor_usage":[17,17,36],"damage_taken":[{"damage":0.0,"enemies":"2 Louse","floor":1.0,"turns":2.0},{"damage":1.0,"enemies":"Jaw Worm","floor":2.0,"turns":3.0},{"damage":0.0,"enemies":"Cultist","floor":4.0,"turns":2.0},{"damage":0.0,"enemies":"3 Louse","floor":5.0,"turns":6.0},{"damage":0.0,"enemies":"Lagavulin","floor":6.0,"turns":4.0},{"damage":0.0,"enemies":"3 Sentries","floor":8.0,"turns":3.0},{"damage":0.0,"enemies":"Gremlin Nob","floor":10.0,"turns":2.0},{"damage":0,"enemies":"Lagavulin","floor":13,"turns":2},{"damage":0,"enemies":"Exordium Thugs","floor":14,"turns":2},{"damage":0,"enemies":"Gremlin Nob","floor":15,"turns":1},{"damage":0,"enemies":"Hexaghost","floor":17,"turns":2},{"damage":0,"enemies":"2 Thieves","floor":19,"turns":4},{"damage":0,"enemies":"Shell Parasite","floor":21,"turns":2},{"damage":0,"enemies":"Book of Stabbing","floor":25,"turns":3},{"damage":0,"enemies":"Slavers","floor":27,"turns":14},{"damage":0,"enemies":"Centurion and Healer","floor":29,"turns":1},{"damage":0,"enemies":"Book of Stabbing","floor":30,"turns":2},{"damage":0,"enemies":"Chosen and Byrds","floor":31,"turns":5},{"damage":0,"enemies":"Shelled Parasite and Fungi","floor":32,"turns":5},{"damage":0,"enemies":"Champ","floor":36,"turns":8},{"damage":10,"enemies":"Orb Walker","floor":38,"turns":2},{"damage":0,"enemies":"3 Shapes","floor":39,"turns":3},{"damage":0,"enemies":"Spire Growth","floor":40,"turns":1},{"damage":0,"enemies":"Awakened One","floor":42,"turns":4}],"seed_played":"-8219102583605952986","potions_obtained":[{"floor":1.0,"key":"Energy Potion"},{"floor":5.0,"key":"DistilledChaos"},{"floor":8.0,"key":"DuplicationPotion"},{"floor":13,"key":"Energy Potion"},{"floor":15,"key":"DistilledChaos"},{"floor":21,"key":"LiquidMemories"},{"floor":39,"key":"DistilledChaos"}],"is_trial":false,"path_per_floor":["M","M","$","M","M","E","?","E","T","E","R","T","E","M","E","R","B",null,"M","?","M","$","T","?","E","R","E","T","M","E","M","M","R","?","R","B",null,"M","M","M","?","B",null],"character_chosen":"DEFECT","items_purchased":["Ice Cream","Loop"],"campfire_rested":0,"item_purchase_floors":[22,22],"current_hp_per_floor":[75,74,74,74,74,74,67,67,67,67,75,75,75,75,75,75,75,75,75,75,75,75,75,75,75,75,75,75,75,75,75,75,75,75,75,75,75,65,65,65,65,65],"gold":785,"neow_bonus":"BOSS_RELIC","is_daily":false,"chose_seed":false,"campfire_upgraded":5,"win_rate":0.0,"timestamp":1609270845,"path_taken":["M","M","$","M","M","E","?","E","T","E","R","?","E","?","E","R","BOSS","M","?","M","$","?","?","E","R","E","T","M","E","M","?","R","?","R","BOSS","M","M","M","?","BOSS"],"items_purchased_type":["Relic","Card"],"build_version":"2020-12-22","purchased_purges":0,"victory":true,"max_hp_per_floor":[75,75,75,75,75,75,75,75,75,75,75,75,75,75,75,75,75,75,75,75,75,75,75,75,75,75,75,75,75,75,75,75,75,75,75,75,75,75,75,75,75,75],"card_choices":[{"not_picked":["Lockon","Stack"],"picked":"Glacier","floor":1.0},{"not_picked":["Rebound","Blizzard","Streamline"],"picked":"SKIP","floor":2.0},{"not_picked":["Beam Cell","Cold Snap","Blizzard"],"picked":"SKIP","floor":4.0},{"not_picked":["Compile Driver","Sweeping Beam","Coolheaded"],"picked":"SKIP","floor":5.0},{"not_picked":["Storm","Scrape","Heatsinks"],"picked":"SKIP","floor":6.0},{"not_picked":["Multi-Cast","Turbo","FTL"],"picked":"SKIP","floor":8.0},{"not_picked":["Thunder Strike","Beam Cell"],"picked":"Multi-Cast","floor":10.0},{"not_picked":["Skim","Auto Shields","Amplify"],"picked":"SKIP","floor":13},{"not_picked":["Fusion","Steam","Heatsinks"],"picked":"SKIP","floor":14},{"not_picked":["Hologram","Ball Lightning","Compile Driver"],"picked":"SKIP","floor":15},{"not_picked":["Glacier","Ball Lightning","Force Field+1"],"picked":"SKIP","floor":19},{"not_picked":["Steam","Steam Power","Barrage+1"],"picked":"SKIP","floor":21},{"not_picked":["Lockon","Blizzard+1","Beam Cell"],"picked":"SKIP","floor":25},{"not_picked":["Reinforced Body","Beam Cell","Turbo"],"picked":"SKIP","floor":27},{"not_picked":["Steam","Barrage+1","FTL"],"picked":"SKIP","floor":29},{"not_picked":["Meteor Strike","Turbo"],"picked":"Double Energy","floor":30},{"not_picked":["Storm","Rebound","Go for the Eyes"],"picked":"SKIP","floor":31},{"not_picked":["Rebound+1","Turbo","Sweeping Beam+1"],"picked":"SKIP","floor":32},{"not_picked":["Fusion","Steam","Hologram+1"],"picked":"SKIP","floor":38},{"not_picked":["Force Field","Go for the Eyes+1","Hologram+1"],"picked":"SKIP","floor":39},{"not_picked":["Aggregate","Streamline","Rebound"],"picked":"SKIP","floor":40}],"player_experience":330258,"relics_obtained":[{"floor":6.0,"key":"Bottled Lightning"},{"floor":8.0,"key":"Sundial"},{"floor":9.0,"key":"Cables"},{"floor":10.0,"key":"Bag of Preparation"},{"floor":13,"key":"StrikeDummy"},{"floor":15,"key":"Centennial Puzzle"},{"floor":23,"key":"Meat on the Bone"},{"floor":25,"key":"Oddly Smooth Stone"},{"floor":27,"key":"Whetstone"},{"floor":28,"key":"Shuriken"},{"floor":30,"key":"Tiny Chest"}],"event_choices":[{"damage_healed":0.0,"max_hp_gain":0.0,"max_hp_loss":0.0,"gold_gain":0.0,"event_name":"Scrap Ooze","player_choice":"Success","floor":7.0,"gold_loss":0.0,"damage_taken":7.0,"relics_obtained":["Eternal Feather"]},{"damage_healed":0,"gold_gain":0,"player_choice":"Trade","damage_taken":0,"relics_obtained":["CultistMask"],"max_hp_gain":0,"max_hp_loss":0,"event_name":"FaceTrader","floor":20,"gold_loss":0},{"damage_healed":0,"gold_gain":0,"player_choice":"Copied","damage_taken":0,"max_hp_gain":0,"max_hp_loss":0,"event_name":"Duplicator","floor":24,"gold_loss":0,"cards_obtained":["Multi-Cast"]},{"cards_removed":["Defend_B"],"damage_healed":0,"gold_gain":0,"player_choice":"Gave Gold","damage_taken":0,"max_hp_gain":0,"max_hp_loss":0,"event_name":"Beggar","floor":34,"gold_loss":75},{"damage_healed":0,"gold_gain":0,"player_choice":"Took Portal","damage_taken":0,"max_hp_gain":0,"max_hp_loss":0,"event_name":"SecretPortal","floor":41,"gold_loss":0}],"is_beta":false,"boss_relics":[{"not_picked":["Velvet Choker","Astrolabe","Pandora\u0027s Box"]},{"not_picked":["Philosopher\u0027s Stone","SacredBark"],"picked":"Snecko Eye"}],"items_purged_floors":[],"is_endless":false,"potions_floor_spawned":[1,5,8,13,15,21,25,29,31,39],"ascension_level":4}}