{"host":"f5n4tidiz2n5sooh","time":1609210645,"event":{"mods":["BaseMod","Bestiary","Colored Map","Minty Spire (QoL Compilation)","Relic Stats","StSLib"],"gold_per_floor":[110,128,9,9,9,40,40,115,115,115,15,30,62,80,80,152,152,171,182,202,127,137,164,164,164,164,192,207,242,69,69,69,145,145,158,176,190,0,25,25,35,35,35,35,35,35,67,78,78,78,78,78,78,34,59,59],"floor_reached":57,"playtime":2648,"items_purged":["Strike_R","Strike_R"],"score":2946,"play_id":"3df3fb4a-4661-42d2-94ea-061bf6ed1c8c","local_time":"20201228205725","is_ascension_mode":true,"campfire_choices":[{"data":"Shockwave","floor":7,"key":"SMITH"},{"data":"Sever Soul","floor":10,"key":"SMITH"},{"data":"Juggernaut","floor":15,"key":"SMITH"},{"data":"Body Slam","floor":25,"key":"SMITH"},{"floor":32,"key":"REST"},{"data":"Feel No Pain","floor":40,"key":"SMITH"},{"data":"Feel No Pain","floor":42,"key":"SMITH"},{"data":"Feel No Pain","floor":45,"key":"SMITH"},{"floor":49,"key":"RECALL"},{"data":"Impervious","floor":53,"key":"SMITH"}],"circlet_count":0,"master_deck":["AscendersBane","Defend_R+1","Defend_R","Defend_R","Defend_R","Bash","Sever Soul+1","Second Wind+1","Power Through","Exhume","Shockwave+1","Rampage","Juggernaut+1","Body Slam+1","Impervious+1","Juggernaut+1","Feel No Pain+1","Fire Breathing","Feel No Pain+1","Barricade","Flame Barrier","Feel No Pain+1","Body Slam","Feel No Pain"],"relics":["Burning Blood","NeowsBlessing","Kunai","Gremlin Horn","Bottled Lightning","Runic Pyramid","Ancient Tea Set","Mummified Hand","Pear","Boot","Orrery","Philosopher\u0027s Stone","Red Mask","FossilizedHelix","Self Forming Clay","Darkstone Periapt","Turnip"],"acts_visited":["Exordium","TheCity","TheBeyond","TheEnding"],"potions_floor_usage":[13,16,16,23,32,51,56],"damage_taken":[{"damage":0,"enemies":"Cultist","floor":1,"turns":1},{"damage":0,"enemies":"2 Louse","floor":2,"turns":1},{"damage":0,"enemies":"Gremlin Nob","floor":6,"turns":1},{"damage":0,"enemies":"Small Slimes","floor":12,"turns":3},{"damage":40,"enemies":"3 Sentries","floor":13,"turns":9},{"damage":1,"enemies":"Blue Slaver","floor":14,"turns":4},{"damage":28,"enemies":"The Guardian","floor":16,"turns":10},{"damage":0,"enemies":"3 Byrds","floor":18,"turns":4},{"damage":0,"enemies":"Shell Parasite","floor":19,"turns":5},{"damage":5,"enemies":"Chosen and Byrds","floor":20,"turns":6},{"damage":10,"enemies":"Shelled Parasite and Fungi","floor":22,"turns":4},{"damage":48,"enemies":"Slavers","floor":23,"turns":5},{"damage":15,"enemies":"Book of Stabbing","floor":27,"turns":5},{"damage":0,"enemies":"Cultist and Chosen","floor":28,"turns":3},{"damage":38,"enemies":"Slavers","floor":29,"turns":7},{"damage":2,"enemies":"Collector","floor":33,"turns":6},{"damage":0,"enemies":"3 Shapes","floor":35,"turns":3},{"damage":35,"enemies":"3 Darklings","floor":36,"turns":4},{"damage":2,"enemies":"Transient","floor":37,"turns":6},{"damage":0,"enemies":"Mind Bloom Boss Battle","floor":39,"turns":5},{"damage":0,"enemies":"Sphere and 2 Shapes","floor":41,"turns":4},{"damage":0,"enemies":"Giant Head","floor":47,"turns":6},{"damage":0,"enemies":"Maw","floor":48,"turns":5},{"damage":0,"enemies":"Time Eater","floor":50,"turns":7},{"damage":39,"enemies":"Donu and Deca","floor":51,"turns":7},{"damage":62,"enemies":"Shield and Spear","floor":55,"turns":5},{"damage":2,"enemies":"The Heart","floor":56,"turns":9}],"seed_played":"8782971275619857518","potions_obtained":[{"floor":1,"key":"Regen Potion"},{"floor":6,"key":"SneckoOil"},{"floor":14,"key":"Swift Potion"},{"floor":16,"key":"SkillPotion"},{"floor":19,"key":"Regen Potion"},{"floor":22,"key":"Fruit Juice"},{"floor":23,"key":"SpeedPotion"},{"floor":33,"key":"Swift Potion"},{"floor":36,"key":"EssenceOfSteel"}],"is_trial":false,"path_per_floor":["M","M","$","?","?","E","R","?","T","R","$","M","E","M","R","B",null,"M","M","M","?","M","E","?","R","T","E","M","E","$","?","R","B",null,"M","M","M","?","?","R","M","R","T","?","R","T","E","M","R","B","B",null,"R","$","E","B",null],"character_chosen":"IRONCLAD","items_purchased":["Power Through","Orrery","Feel No Pain"],"campfire_rested":1,"item_purchase_floors":[3,30,54],"current_hp_per_floor":[74,75,75,75,52,58,58,47,47,47,47,53,34,39,39,17,61,67,73,74,74,70,42,42,42,42,43,49,17,17,17,49,53,81,87,58,62,62,68,68,74,74,74,74,74,74,80,86,86,90,57,82,82,82,26,30],"gold":59,"neow_bonus":"THREE_ENEMY_KILL","is_daily":false,"chose_seed":false,"campfire_upgraded":8,"win_rate":0.0,"timestamp":1609210645,"path_taken":["M","M","$","?","?","E","R","?","T","R","?","M","E","?","R","BOSS","M","M","?","?","M","E","?","R","T","E","?","E","$","?","R","BOSS","M","M","?","?","?","R","M","R","T","?","R","?","E","?","R","BOSS","BOSS","R","$","E","BOSS"],"items_purchased_type":["Card","Relic","Card"],"build_version":"2020-12-22","purchased_purges":2,"victory":true,"max_hp_per_floor":[75,75,75,75,75,75,75,75,75,75,75,75,75,75,75,75,75,75,75,75,75,75,75,75,75,75,85,85,85,85,85,90,90,90,90,90,90,90,90,90,90,90,90,90,90,90,90,90,90,90,90,90,90,90,90,90],"relic_stats":{"Darkstone Periapt":0,"Gremlin Horn":[22,22],"counters":[27,135],"Mummified Hand":[122],"Self Forming Clay":[30],"Turnip":[2],"Kunai":[5],"Boot":[0],"obtain_stats":[{"Darkstone Periapt":47,"Pear":27,"NeowsBlessing":0,"Gremlin Horn":9,"Self Forming Clay":46,"Ancient Tea Set":23,"Boot":29,"Burning Blood":0,"Mummified Hand":26,"Orrery":30,"Philosopher\u0027s Stone":34,"Turnip":55,"Red Mask":38,"Kunai":6,"Bottled Lightning":13,"FossilizedHelix":39,"Runic Pyramid":17},{"Darkstone Periapt":22,"Pear":13,"NeowsBlessing":0,"Gremlin Horn":3,"Self Forming Clay":21,"Ancient Tea Set":12,"Boot":15,"Burning Blood":0,"Mummified Hand":12,"Orrery":15,"Philosopher\u0027s Stone":16,"Turnip":26,"Red Mask":19,"Kunai":3,"Bottled Lightning":5,"FossilizedHelix":20,"Runic Pyramid":7},{"Darkstone Periapt":102,"Pear":58,"NeowsBlessing":0,"Gremlin Horn":3,"Self Forming Clay":96,"Ancient Tea Set":53,"Boot":68,"Burning Blood":0,"Mummified Hand":53,"Orrery":68,"Philosopher\u0027s Stone":74,"Turnip":126,"Red Mask":87,"Kunai":3,"Bottled Lightning":15,"FossilizedHelix":92,"Runic Pyramid":29}],"Burning Blood":155},"card_choices":[{"not_picked":["Rage","Cleave"],"picked":"Sever Soul","floor":1},{"not_picked":["Havoc","Twin Strike"],"picked":"Second Wind","floor":2},{"not_picked":["Iron Wave","Sever Soul"],"picked":"Shockwave","floor":6},{"not_picked":["Bloodletting","Shrug It Off"],"picked":"Rampage","floor":12},{"not_picked":["True Grit","Dark Embrace"],"picked":"Juggernaut","floor":13},{"not_picked":["Infernal Blade","Cleave","Flex"],"picked":"SKIP","floor":14},{"not_picked":["Clothesline","Flex+1","Wild Strike"],"picked":"SKIP","floor":18},{"not_picked":["Cleave","Shockwave","Ghostly Armor"],"picked":"SKIP","floor":19},{"not_picked":["Clash","Cleave"],"picked":"Body Slam","floor":20},{"not_picked":["Seeing Red","Cleave+1","Body Slam"],"picked":"SKIP","floor":22},{"not_picked":["Seeing Red","Cleave+1","Body Slam"],"picked":"SKIP","floor":22},{"not_picked":["Body Slam","Ghostly Armor"],"picked":"Impervious","floor":23},{"not_picked":["Heavy Blade","Clash"],"picked":"Feel No Pain","floor":27},{"not_picked":["Headbutt","Wild Strike+1","Armaments"],"picked":"SKIP","floor":28},{"not_picked":["Ghostly Armor","Searing Blow"],"picked":"Fire Breathing","floor":29},{"not_picked":["Flame Barrier","Twin Strike"],"picked":"Feel No Pain","floor":30},{"not_picked":["Impervious","Reaper"],"picked":"Barricade","floor":33},{"not_picked":["Wild Strike","Sword Boomerang+1"],"picked":"Flame Barrier","floor":35},{"not_picked":["Pommel Strike","Sword Boomerang","Twin Strike"],"picked":"SKIP","floor":36},{"not_picked":["Cleave","Clash+1","Wild Strike+1"],"picked":"SKIP","floor":37},{"not_picked":["Headbutt","Inflame"],"picked":"Feel No Pain","floor":39},{"not_picked":["Barricade","Iron Wave"],"picked":"Body Slam","floor":41},{"not_picked":["Twin Strike+1","Flex","Shockwave+1"],"picked":"SKIP","floor":47},{"not_picked":["Clash","Twin Strike","Wild Strike"],"picked":"SKIP","floor":48},{"not_picked":["Twin Strike+1","Armaments","Flex"],"picked":"SKIP","floor":55}],"player_experience":1943727,"relics_obtained":[{"floor":6,"key":"Kunai"},{"floor":9,"key":"Gremlin Horn"},{"floor":13,"key":"Bottled Lightning"},{"floor":23,"key":"Ancient Tea Set"},{"floor":26,"key":"Mummified Hand"},{"floor":27,"key":"Pear"},{"floor":29,"key":"Boot"},{"floor":39,"key":"FossilizedHelix"},{"floor":46,"key":"Self Forming Clay"},{"floor":47,"key":"Darkstone Periapt"},{"floor":55,"key":"Turnip"}],"event_choices":[{"damage_healed":0,"gold_gain":0,"cards_transformed":["Strike_R"],"player_choice":"Change","damage_taken":0,"max_hp_gain":0,"max_hp_loss":0,"event_name":"Living Wall","floor":4,"gold_loss":0,"cards_obtained":["Exhume"]},{"damage_healed":0,"gold_gain":0,"player_choice":"Entered Light","damage_taken":23,"max_hp_gain":0,"max_hp_loss":0,"event_name":"Shining Light","floor":5,"gold_loss":0,"cards_upgraded":["Second Wind","Defend_R"]},{"damage_healed":0,"gold_gain":75,"player_choice":"Gather Gold","damage_taken":11,"max_hp_gain":0,"max_hp_loss":0,"event_name":"World of Goop","floor":8,"gold_loss":0},{"cards_removed":["Strike_R"],"damage_healed":0,"gold_gain":0,"player_choice":"Gave Gold","damage_taken":0,"max_hp_gain":0,"max_hp_loss":0,"event_name":"Beggar","floor":21,"gold_loss":75},{"damage_healed":0,"gold_gain":0,"player_choice":"Copied","damage_taken":0,"max_hp_gain":0,"max_hp_loss":0,"event_name":"Duplicator","floor":24,"gold_loss":0,"cards_obtained":["Juggernaut"]},{"cards_removed":["Strike_R"],"damage_healed":0,"gold_gain":0,"player_choice":"Purged","damage_taken":0,"max_hp_gain":0,"max_hp_loss":0,"event_name":"Purifier","floor":31,"gold_loss":0},{"damage_healed":0,"gold_gain":0,"player_choice":"Paid","damage_taken":0,"relics_obtained":["Red Mask"],"max_hp_gain":0,"max_hp_loss":0,"event_name":"Tomb of Lord Red Mask","floor":38,"gold_loss":190},{"damage_healed":0,"gold_gain":0,"player_choice":"Fight","damage_taken":0,"max_hp_gain":0,"max_hp_loss":0,"event_name":"MindBloom","floor":39,"gold_loss":0},{"damage_healed":0,"gold_gain":0,"player_choice":"Memory 1","damage_taken":0,"max_hp_gain":0,"max_hp_loss":0,"event_name":"SensoryStone","floor":44,"gold_loss":0}],"is_beta":false,"boss_relics":[{"not_picked":["Black Star","Astrolabe"],"picked":"Runic Pyramid"},{"not_picked":["Tiny House","Black Blood"],"picked":"Philosopher\u0027s Stone"}],"items_purged_floors":[3,11],"is_endless":false,"potions_floor_spawned":[1,6,14,16,19,22,23,33,35,36,41],"ascension_level":20}}