{"host":"xt3o4iokwksypl90","time":1609248512,"event":{"mods":["AchievementEnabler","BaseMod","Googly Eyes","Highlight Path","Minty Spire (QoL Compilation)","Permanent Neow"],"gold_per_floor":[116,41,54,70,70,104,104,138,138,157,2,2,2,28,28,127,127,137,137,157,157,171,199,199,226,249,259,288,55,55,55,55,150,150,161,173,173,173,173,173,187,187,239,266,266,297,315,71,71,71,71,71,10,42,42],"floor_reached":56,"playtime":5175,"items_purged":["Strike_B"],"score":1497,"play_id":"9023d3ab-06fd-4186-b267-8ba74cac855a","local_time":"20201229142832","is_ascension_mode":true,"campfire_choices":[{"floor":7.0,"key":"REST"},{"floor":13.0,"key":"REST"},{"data":"Turbo","floor":15.0,"key":"SMITH"},{"floor":24.0,"key":"REST"},{"floor":32.0,"key":"REST"},{"floor":40.0,"key":"REST"},{"data":"Seek","floor":42.0,"key":"SMITH"},{"data":"Fission","floor":45.0,"key":"SMITH"},{"floor":49.0,"key":"RECALL"},{"data":"Echo Form","floor":52,"key":"SMITH"}],"circlet_count":0,"master_deck":["Defend_B","Defend_B","Zap","Dualcast+1","Turbo+1","Doom and Gloom","Steam","Cold Snap","Sunder","Echo Form+1","Undo+1","Fission+1","Genetic Algorithm+1","Thunder Strike+1","Chill+1","Tempest","Leap","Redo+1","Defragment","Seek+1","Streamline+1","Glacier","All For One+1"],"relics":["Inserter","Regal Pillow","Darkstone Periapt","Ancient Tea Set","Strawberry","Vajra","Astrolabe","War Paint","StrikeDummy","The Courier","Art of War","Molten Egg 2","Lizard Tail","Snecko Eye","MealTicket","Anchor","Sundial","Medical Kit","Bag of Preparation","Orichalcum"],"acts_visited":["Exordium","TheCity","TheBeyond","TheEnding"],"potions_floor_usage":[55],"damage_taken":[{"damage":3.0,"enemies":"2 Louse","floor":1.0,"turns":4.0},{"damage":10.0,"enemies":"Cultist","floor":3.0,"turns":5.0},{"damage":7.0,"enemies":"Small Slimes","floor":4.0,"turns":4.0},{"damage":24.0,"enemies":"3 Sentries","floor":6.0,"turns":5.0},{"damage":38.0,"enemies":"Gremlin Nob","floor":8.0,"turns":4.0},{"damage":3.0,"enemies":"Blue Slaver","floor":10.0,"turns":2.0},{"damage":13.0,"enemies":"3 Sentries","floor":14.0,"turns":3.0},{"damage":25.0,"enemies":"Hexaghost","floor":16.0,"turns":9.0},{"damage":17.0,"enemies":"Chosen","floor":18.0,"turns":6.0},{"damage":1.0,"enemies":"3 Byrds","floor":20.0,"turns":6.0},{"damage":12.0,"enemies":"Shelled Parasite and Fungi","floor":22.0,"turns":7.0},{"damage":50.0,"enemies":"Book of Stabbing","floor":23.0,"turns":7.0},{"damage":4.0,"enemies":"Gremlin Leader","floor":25.0,"turns":5.0},{"damage":12.0,"enemies":"Snake Plant","floor":27.0,"turns":4.0},{"damage":40.0,"enemies":"Slavers","floor":28.0,"turns":6.0},{"damage":0.0,"enemies":"Cultist and Chosen","floor":31.0,"turns":4.0},{"damage":19.0,"enemies":"Automaton","floor":33.0,"turns":8.0},{"damage":39.0,"enemies":"3 Darklings","floor":35.0,"turns":5.0},{"damage":16.0,"enemies":"Orb Walker","floor":36.0,"turns":4.0},{"damage":9.0,"enemies":"Jaw Worm Horde","floor":41.0,"turns":3.0},{"damage":19.0,"enemies":"Giant Head","floor":44.0,"turns":6.0},{"damage":4.0,"enemies":"Reptomancer","floor":46.0,"turns":4.0},{"damage":3.0,"enemies":"Maw","floor":47.0,"turns":7.0},{"damage":27.0,"enemies":"Time Eater","floor":50.0,"turns":7.0},{"damage":4,"enemies":"Shield and Spear","floor":54,"turns":5},{"damage":22,"enemies":"The Heart","floor":55,"turns":8}],"seed_played":"-6954702733386131154","potions_obtained":[{"floor":3.0,"key":"GamblersBrew"},{"floor":6.0,"key":"SkillPotion"},{"floor":8.0,"key":"SneckoOil"},{"floor":20.0,"key":"Energy Potion"},{"floor":23.0,"key":"EntropicBrew"},{"floor":27.0,"key":"Regen Potion"},{"floor":28.0,"key":"SmokeBomb"},{"floor":36.0,"key":"ColorlessPotion"}],"is_trial":false,"path_per_floor":["M","$","M","M","?","E","R","E","T","M","$","?","R","E","R","B",null,"M","?","M","?","M","E","R","E","T","M","E","$","?","M","R","B",null,"M","M","?","?","T","R","M","R","T","E","R","E","M","$","R","B",null,"R","$","E","B",null],"character_chosen":"DEFECT","items_purchased":["Strawberry","Lizard Tail","Medical Kit","Bag of Preparation","DuplicationPotion"],"campfire_rested":5,"item_purchase_floors":[11,29,48,48,53],"current_hp_per_floor":[72,72,62,55,55,31,68,30,30,27,34,34,73,60,60,35,82,65,71,70,70,58,8,49,45,45,33,8,8,8,8,49,30,88,49,33,33,33,33,74,65,65,65,46,46,42,39,54,54,27,88,88,88,84,62],"gold":42,"neow_bonus":"BOSS_RELIC","is_daily":false,"chose_seed":false,"campfire_upgraded":4,"win_rate":0.0,"timestamp":1609248512,"path_taken":["M","$","M","M","?","E","R","E","T","?","$","?","R","E","R","BOSS","M","?","M","?","M","E","R","E","T","?","E","?","?","M","R","BOSS","M","M","?","?","?","R","?","R","T","E","R","E","M","$","R","BOSS","R","$","E","BOSS"],"items_purchased_type":["Relic","Relic","Relic","Relic","Potion"],"build_version":"2020-12-22","purchased_purges":1,"victory":true,"max_hp_per_floor":[75,75,75,75,75,75,75,75,75,75,82,82,82,82,82,82,82,82,88,88,88,88,88,88,88,88,88,88,88,88,88,88,88,88,88,88,88,88,88,88,88,88,88,88,88,88,88,88,88,88,88,88,88,88,88],"card_choices":[{"not_picked":["Barrage","Steam"],"picked":"Turbo","floor":1.0},{"not_picked":["Barrage","Leap"],"picked":"Doom and Gloom","floor":3.0},{"not_picked":["Auto Shields","Hologram"],"picked":"Steam","floor":4.0},{"not_picked":["Beam Cell","Hologram"],"picked":"Cold Snap","floor":6.0},{"not_picked":["Turbo","Buffer"],"picked":"Sunder","floor":8.0},{"not_picked":["Barrage","Scrape","Skim"],"picked":"SKIP","floor":10.0},{"not_picked":["Scrape","Tempest"],"picked":"Undo","floor":14.0},{"not_picked":["Creative AI","Echo Form"],"picked":"Fission","floor":16.0},{"not_picked":["Stack","Streamline","Rebound"],"picked":"SKIP","floor":18.0},{"not_picked":["Gash","FTL","Steam Power+1"],"picked":"SKIP","floor":20.0},{"not_picked":["Hologram","Skim"],"picked":"Tempest","floor":22.0},{"not_picked":["Blizzard+1","Redo"],"picked":"Leap","floor":23.0},{"not_picked":["Rebound+1","Force Field"],"picked":"Redo+1","floor":25.0},{"not_picked":["Sweeping Beam+1","Rip and Tear"],"picked":"White Noise","floor":27.0},{"not_picked":["Blizzard+1","Hello World"],"picked":"Defragment","floor":28.0},{"not_picked":["Hyperbeam+1","Electrodynamics"],"picked":"Seek","floor":33.0},{"not_picked":["Cold Snap+1","Sweeping Beam+1"],"picked":"Streamline+1","floor":35.0},{"not_picked":["Capacitor+1","Cold Snap+1","Melter+1"],"picked":"SKIP","floor":36.0},{"not_picked":["Hologram","Ball Lightning+1","Stack"],"picked":"SKIP","floor":41.0},{"not_picked":["Gash+1","Redo+1","Beam Cell+1"],"picked":"SKIP","floor":44.0},{"not_picked":["Loop+1","Cold Snap+1"],"picked":"Glacier","floor":46.0},{"not_picked":["Reinforced Body+1","Chaos"],"picked":"All For One+1","floor":47.0},{"not_picked":["Go for the Eyes+1","Conserve Battery","Sunder+1"],"picked":"SKIP","floor":54}],"player_experience":234806,"relics_obtained":[{"floor":6.0,"key":"Regal Pillow"},{"floor":8.0,"key":"Darkstone Periapt"},{"floor":9.0,"key":"Ancient Tea Set"},{"floor":14.0,"key":"Vajra"},{"floor":23.0,"key":"StrikeDummy"},{"floor":25.0,"key":"The Courier"},{"floor":26.0,"key":"Art of War"},{"floor":28.0,"key":"Molten Egg 2"},{"floor":43.0,"key":"MealTicket"},{"floor":44.0,"key":"Anchor"},{"floor":46.0,"key":"Sundial"},{"floor":54,"key":"Orichalcum"}],"event_choices":[{"cards_removed":["Defend_B"],"damage_healed":0.0,"max_hp_gain":0.0,"max_hp_loss":0.0,"gold_gain":0.0,"event_name":"Purifier","player_choice":"Purged","floor":5.0,"gold_loss":0.0,"damage_taken":0.0},{"damage_healed":0.0,"max_hp_gain":0.0,"max_hp_loss":0.0,"gold_gain":0.0,"cards_transformed":["Strike_B"],"event_name":"Living Wall","player_choice":"Change","floor":12.0,"gold_loss":0.0,"damage_taken":0.0,"cards_obtained":["Echo Form"]},{"damage_healed":0.0,"max_hp_gain":0.0,"max_hp_loss":0.0,"gold_gain":0.0,"event_name":"The Mausoleum","player_choice":"Opened","floor":19.0,"gold_loss":0.0,"damage_taken":0.0,"relics_obtained":["War Paint"],"cards_obtained":["Writhe"]},{"cards_removed":["Writhe"],"damage_healed":0.0,"max_hp_gain":0.0,"max_hp_loss":0.0,"gold_gain":0.0,"event_name":"Fountain of Cleansing","player_choice":"Removed Curses","floor":21.0,"gold_loss":0.0,"damage_taken":0.0},{"cards_removed":["White Noise"],"damage_healed":0.0,"max_hp_gain":0.0,"max_hp_loss":0.0,"gold_gain":0.0,"event_name":"Falling","player_choice":"Removed Skill","floor":37.0,"gold_loss":0.0,"damage_taken":0.0},{"damage_healed":0.0,"max_hp_gain":0.0,"max_hp_loss":0.0,"gold_gain":0.0,"event_name":"The Moai Head","player_choice":"Ignored","floor":38.0,"gold_loss":0.0,"damage_taken":0.0}],"is_beta":false,"boss_relics":[{"not_picked":["SacredBark","Pandora\u0027s Box"],"picked":"Astrolabe"},{"not_picked":["Empty Cage","Fusion Hammer"],"picked":"Snecko Eye"}],"items_purged_floors":[2],"is_endless":false,"potions_floor_spawned":[3,6,8,20,23,27,28,31,36],"ascension_level":4}}