{"host":"0cm5wy4nhuju7tij","time":1609280131,"event":{"mods":["2.2 Compatiblity","AchievementEnabler","Arknights The Spire","Aspiration","BaseMod","BetterRewards","CCEM","CapriCore","Colored Powertips","Custom Start","Energized Spire","Fireblade Mod","Highlight Path","Minty Spire (QoL Compilation)","Permanent Neow","Relic Stats","Shop Mod","Spicy Shops","StSLib","The Servant 0.9.4"],"gold_per_floor":[216,7,7,21,35,35,61,72,99,99,110,124,142,142,142,242,242,259,275,51,61,61,61],"floor_reached":22,"playtime":1924,"items_purged":["ats:Strike C"],"score":190,"play_id":"df42a140-06bf-4728-81d4-f4671322e9ea","local_time":"20201229171530","is_ascension_mode":false,"campfire_choices":[{"data":"ats:Neurotoxin","floor":6,"key":"SMITH"},{"floor":15,"key":"REST"}],"circlet_count":0,"master_deck":["ats:Strike G","ats:Strike S","ats:Strike V","ats:Armor Crushing Shot+1","ats:Defend+1","ats:Defend","ats:Defend","ats:Defend","ats:Emotion Absorption","ats:Explosion Area Strengthen","ats:Neurotoxin+1","ats:Consecutive Shot Auto","ats:Revitalization","ats:Apocalypse","ats:Collapsing Strike","ats:Revitalization","ats:Explosion Area Strengthen","ats:Composite Medical Shells","ats:Poison Spread","ats:Calcification","ats:Powerful Strike+1","ats:Flexible Camouflage","ats:Neurotoxin","ats:Ignite","ats:Apocalypse+1"],"relics":["ats:Sanity","ats:Originium","Bird Faced Urn","CCEMRelics:PorcelainBowl","aspiration:SecretTechniqueScroll","Happy Flower"],"acts_visited":["Exordium","TheCity"],"potions_floor_usage":[11,16],"damage_taken":[{"damage":5,"enemies":"Small Slimes","floor":1,"turns":6},{"damage":6,"enemies":"Cultist","floor":4,"turns":3},{"damage":1,"enemies":"2 Louse","floor":5,"turns":4},{"damage":43,"enemies":"Lagavulin","floor":7,"turns":9},{"damage":13,"enemies":"2 Fungi Beasts","floor":8,"turns":4},{"damage":42,"enemies":"Exordium Thugs","floor":11,"turns":6},{"damage":0,"enemies":"3 Louse","floor":12,"turns":3},{"damage":14,"enemies":"Exordium Wildlife","floor":13,"turns":4},{"damage":92,"enemies":"The Guardian","floor":16,"turns":16},{"damage":52,"enemies":"2 Thieves","floor":18,"turns":5},{"damage":30,"enemies":"Shell Parasite","floor":19,"turns":7},{"damage":46,"enemies":"Snake Plant","floor":21,"turns":5},{"damage":47,"enemies":"Cultist and Chosen","floor":22,"turns":6}],"seed_played":"-4143054179307463837","potions_obtained":[{"floor":4,"key":"Strength Potion"},{"floor":7,"key":"Regen Potion"},{"floor":8,"key":"EssenceOfSteel"},{"floor":16,"key":"PowerPotion"},{"floor":19,"key":"SpeedPotion"}],"is_trial":false,"path_per_floor":["M","$","?","M","M","R","E","M","T","?","M","M","M","?","R","B",null,"M","M","$","M","M"],"character_chosen":"DOCTOR_CLASS","items_purchased":["ats:Neurotoxin","ats:Consecutive Shot Auto","ats:Neurotoxin","Happy Flower","ats:Ignite"],"campfire_rested":1,"item_purchase_floors":[2,2,20,20,20],"current_hp_per_floor":[67,67,53,47,49,49,30,26,26,26,32,47,50,50,71,24,72,39,44,44,11,0,0],"gold":61,"neow_bonus":"HUNDRED_GOLD","is_daily":false,"chose_seed":false,"campfire_upgraded":1,"win_rate":0.0,"timestamp":1609280130,"path_taken":["M","$","?","M","M","R","E","M","T","?","M","?","M","?","R","BOSS","M","M","$","M","M"],"items_purchased_type":["Card","Card","Card","Relic","Card"],"build_version":"2020-12-22","purchased_purges":1,"victory":false,"max_hp_per_floor":[72,72,72,72,72,72,72,72,72,72,72,72,72,72,72,72,72,72,72,72,72,72,72],"relic_stats":{"Happy Flower":[3],"counters":[13,78],"Bird Faced Urn":[32],"obtain_stats":[{"CCEMRelics:PorcelainBowl":9,"ats:Originium":7,"Happy Flower":20,"Bird Faced Urn":7,"ats:Sanity":0,"aspiration:SecretTechniqueScroll":17},{"CCEMRelics:PorcelainBowl":5,"ats:Originium":4,"Happy Flower":11,"Bird Faced Urn":4,"ats:Sanity":0,"aspiration:SecretTechniqueScroll":9},{"CCEMRelics:PorcelainBowl":26,"ats:Originium":22,"Happy Flower":67,"Bird Faced Urn":22,"ats:Sanity":0,"aspiration:SecretTechniqueScroll":55}]},"card_choices":[{"not_picked":["ats:Automatic Cover","ats:Powerful Strike"],"picked":"ats:Explosion Area Strengthen","floor":1},{"not_picked":["ats:Directed Diagnosis","ats:Counter Healing Mode"],"picked":"ats:Revitalization","floor":4},{"not_picked":["ats:Collapsing Strike","ats:Magnetic Hammer"],"picked":"ats:Apocalypse","floor":5},{"not_picked":["ats:Charging Defense","ats:Leaping Hammer"],"picked":"ats:Collapsing Strike","floor":7},{"not_picked":["ats:Shell Defense","ats:Spore Proliferation"],"picked":"ats:Revitalization","floor":8},{"not_picked":["ats:Cat Scratch","ats:Curse Doll"],"picked":"ats:Explosion Area Strengthen","floor":11},{"not_picked":["ats:Powerful Strike","ats:Apocalypse"],"picked":"ats:Composite Medical Shells","floor":12},{"not_picked":["ats:Revitalization","ats:LN2 Cannon"],"picked":"ats:Poison Spread","floor":13},{"not_picked":["ats:Rat Pack","ats:Nebulous Foxfire"],"picked":"ats:Calcification","floor":16},{"not_picked":["ats:Ignite","ats:Steam Pump"],"picked":"ats:Powerful Strike+1","floor":18},{"not_picked":["ats:Cat Scratch","ats:Assault Order"],"picked":"ats:Flexible Camouflage","floor":19},{"not_picked":["ats:Childhood Dance","ats:Flexible Camouflage"],"picked":"ats:Apocalypse+1","floor":21}],"player_experience":209382,"relics_obtained":[{"floor":7,"key":"ats:Originium"},{"floor":7,"key":"Bird Faced Urn"},{"floor":9,"key":"CCEMRelics:PorcelainBowl"}],"event_choices":[{"damage_healed":0,"gold_gain":0,"player_choice":"Entered Light","damage_taken":14,"max_hp_gain":0,"max_hp_loss":0,"event_name":"Shining Light","floor":3,"gold_loss":0,"cards_upgraded":["ats:Armor Crushing Shot","ats:Defend"]},{"damage_healed":0,"gold_gain":0,"player_choice":"Ignored","damage_taken":0,"max_hp_gain":0,"max_hp_loss":0,"event_name":"NoteForYourself","floor":10,"gold_loss":0},{"damage_healed":0,"gold_gain":0,"player_choice":"Fled","damage_taken":0,"max_hp_gain":0,"max_hp_loss":0,"event_name":"Scrap Ooze","floor":14,"gold_loss":0}],"is_beta":false,"boss_relics":[{"not_picked":["aspiration:PoetsPen_weak","Coffee Dripper"],"picked":"aspiration:SecretTechniqueScroll"}],"items_purged_floors":[2],"is_endless":false,"potions_floor_spawned":[4,7,8,16,19],"killed_by":"Cultist and Chosen","ascension_level":0}}