{"host":"b0hh64pqctf46s8m","time":1609279577,"event":{"mods":["Act Like it!","BaseMod","Bestiary","CCEM","CapriCore","ChefMod","Conspire","Curses Come First","Displayed Cursed Tome","Dota2Spire","Downfall","Ekko","Elementarium","Fireblade Mod","Hallownest","Hermit","Hubris","Infinite Spire","Jess\u0027s Bottle","JesterMod","Jorbs\u0027s Wanderer Trilogy","Lobotomy","Luminous","Menagerie","Minty Spire (QoL Compilation)","Pale of the Ancients","Permanent Neow","Relic Stats","Replay The Spire","Robot Space Explorer","Shade Mod","StSLib","The Blue Laboratory","The Dragon Tamer","The Immortal","The Marked","TheLocksmith","TheSwordswoman","TheVacant","TheWitcher","UnlockEverythingMod","Wandering Minibosses","??????REMEMod","????"],"gold_per_floor":[111,127,127,13,23,56,56,7,62,62,96,112,145,157,157,255,255,268,286,286,300,300,300,300],"floor_reached":23,"playtime":1311,"items_purged":["FireBladeMod:StrikeFireBlade","FireBladeMod:StrikeFireBlade"],"score":211,"play_id":"c4295cd8-3f18-4cab-a680-58fe261c617d","local_time":"20201229140617","is_ascension_mode":false,"campfire_choices":[{"data":"FireBladeMod:FlamingSword","floor":7,"key":"SMITH"},{"data":"FireBladeMod:Unbalance","floor":10,"key":"SMITH"},{"data":"FireBladeMod:ThirdDegree","floor":15,"key":"SMITH"}],"circlet_count":0,"master_deck":["FireBladeMod:StrikeFireBlade","FireBladeMod:StrikeFireBlade","FireBladeMod:DefendFireBlade","FireBladeMod:DefendFireBlade","FireBladeMod:DefendFireBlade","FireBladeMod:DefendFireBlade","FireBladeMod:FlamingSword+1","FireBladeMod:FireBarrier","FireBladeMod:BattleStamina","stsjorbsmod:Withdraw","FireBladeMod:ThirdDegree+1","FireBladeMod:SoulStrike","FireBladeMod:ComplexAttack+1","FireBladeMod:Tempo","FireBladeMod:Unbalance+1","FireBladeMod:SteadyEndurance","expansioncontent:DecasProtection+1","FireBladeMod:Flames","Replay:SS_fish_2+1","Apotheosis+1"],"relics":["FireBladeMod:BattleMasterLocket","REME_ComplimentaryCards","ReplayTheSpireMod:TigerMarble","Akabeko","CCEMRelics:FestiveHat","CCEMRelics:TechnogenicHelmet","Bird Faced Urn"],"acts_visited":["Exordium","Elementarium:Elementarium"],"potions_floor_usage":[13,23],"damage_taken":[{"damage":0,"enemies":"Jaw Worm","floor":1,"turns":4},{"damage":0,"enemies":"Cultist","floor":2,"turns":3},{"damage":7,"enemies":"2 Louse","floor":5,"turns":6},{"damage":8,"enemies":"Gremlin Nob","floor":6,"turns":4},{"damage":16,"enemies":"Lagavulin","floor":11,"turns":5},{"damage":16,"enemies":"Large Slime","floor":12,"turns":7},{"damage":2,"enemies":"3 Sentries","floor":13,"turns":7},{"damage":0,"enemies":"2 Fungi Beasts","floor":14,"turns":1},{"damage":19,"enemies":"Slime Boss","floor":16,"turns":9},{"damage":25,"enemies":"Elementarium:Cyclone","floor":18,"turns":6},{"damage":12,"enemies":"Elementarium:VoidCorruption","floor":19,"turns":4},{"damage":12,"enemies":"Elementarium:STONE_GOLEMS","floor":21,"turns":4},{"damage":49,"enemies":"Elementarium:ElementalPortal","floor":23,"turns":9}],"seed_played":"1973800659290354482","potions_obtained":[{"floor":2,"key":"Strength Potion"},{"floor":5,"key":"blueLaboratory:CorrosionFlask"},{"floor":16,"key":"blueLaboratory:BottledHope"},{"floor":21,"key":"blueLaboratory:Moonshine"}],"is_trial":false,"path_per_floor":["M","M","?","$","M","E","R","$","T","R","E","M","E","M","R","B",null,"M","M","AVR","M","?","E"],"character_chosen":"THE_FIREBLADE","items_purchased":["FireBladeMod:ComplexAttack+1","blueLaboratory:FruitPunch"],"campfire_rested":0,"item_purchase_floors":[4,8],"current_hp_per_floor":[70,70,63,63,56,48,48,48,48,48,32,16,16,16,16,11,72,47,35,35,39,26,0,0],"gold":300,"neow_bonus":"ONE_RANDOM_RARE_CARD","is_daily":false,"chose_seed":false,"campfire_upgraded":3,"win_rate":0.0,"timestamp":1609279577,"path_taken":["M","M","?","$","M","E","R","?","T","R","E","M","E","M","R","BOSS","M","M","AVR","?","?","E"],"items_purchased_type":["Card","Potion"],"build_version":"2020-12-22","purchased_purges":2,"victory":false,"max_hp_per_floor":[70,70,70,70,70,70,70,70,70,70,70,70,72,72,72,72,72,72,72,72,72,77,77,77],"relic_stats":{"counters":[13,69],"Bird Faced Urn":[10],"obtain_stats":[{"CCEMRelics:FestiveHat":11,"FireBladeMod:DuelistLocket":0,"Bird Faced Urn":20,"ReplayTheSpireMod:TigerMarble":6,"CCEMRelics:TechnogenicHelmet":13,"Akabeko":9,"REME_ComplimentaryCards":0,"FireBladeMod:BattleMasterLocket":17},{"CCEMRelics:FestiveHat":5,"FireBladeMod:DuelistLocket":0,"Bird Faced Urn":11,"ReplayTheSpireMod:TigerMarble":4,"CCEMRelics:TechnogenicHelmet":7,"Akabeko":4,"REME_ComplimentaryCards":0,"FireBladeMod:BattleMasterLocket":9},{"CCEMRelics:FestiveHat":22,"FireBladeMod:DuelistLocket":0,"Bird Faced Urn":56,"ReplayTheSpireMod:TigerMarble":17,"CCEMRelics:TechnogenicHelmet":36,"Akabeko":17,"REME_ComplimentaryCards":0,"FireBladeMod:BattleMasterLocket":46}]},"card_choices":[{"not_picked":["FireBladeMod:SmokeScreen","FireBladeMod:AbsorbEnergy"],"picked":"FireBladeMod:ThirdDegree","floor":1},{"not_picked":["FireBladeMod:SmokeScreen","FireBladeMod:Robust"],"picked":"FireBladeMod:SoulStrike","floor":2},{"not_picked":["FireBladeMod:ArmSmash","FireBladeMod:FerventSlash"],"picked":"FireBladeMod:Tempo","floor":5},{"not_picked":["FireBladeMod:ArmSmash","FireBladeMod:TorsoSmash"],"picked":"FireBladeMod:Unbalance","floor":6},{"not_picked":["FireBladeMod:BasicSmash","FireBladeMod:StingingSlash"],"picked":"FireBladeMod:SteadyEndurance","floor":11},{"not_picked":["REME_BattleFury+1","Survey Options+1"],"picked":"expansioncontent:DecasProtection+1","floor":12},{"not_picked":["FireBladeMod:SmokySwing","FireBladeMod:FerventSlash"],"picked":"FireBladeMod:Flames","floor":12},{"not_picked":["expansioncontent:TimeRipple+1","Mind Blast+1"],"picked":"Replay:SS_fish_2+1","floor":13},{"not_picked":["FireBladeMod:SoulStrike","FireBladeMod:EruptionSlash","FireBladeMod:SmokeInTheEyes"],"picked":"SKIP","floor":13},{"not_picked":["hubris:EnhanceAbility+1","Master of Strategy+1"],"picked":"Apotheosis+1","floor":14},{"not_picked":["FireBladeMod:StingingSlash","FireBladeMod:ComboCleave","FireBladeMod:Shove"],"picked":"SKIP","floor":14},{"not_picked":["FireBladeMod:ComplexDefense","FireBladeMod:BackhandSwing","FireBladeMod:Tempo"],"picked":"SKIP","floor":18},{"not_picked":["FireBladeMod:ComplexAttack","FireBladeMod:ComplexDefense","FireBladeMod:FerventSlash+1"],"picked":"SKIP","floor":19},{"not_picked":["FireBladeMod:Wildfire","FireBladeMod:StunningBlow","FireBladeMod:StingingSlash+1"],"picked":"SKIP","floor":21},{"not_picked":["FireBladeMod:Wildfire","FireBladeMod:StunningBlow","FireBladeMod:StingingSlash+1"],"picked":"SKIP","floor":21}],"player_experience":1413265,"relics_obtained":[{"floor":6,"key":"ReplayTheSpireMod:TigerMarble"},{"floor":9,"key":"Akabeko"},{"floor":11,"key":"CCEMRelics:FestiveHat"},{"floor":13,"key":"CCEMRelics:TechnogenicHelmet"}],"event_choices":[{"damage_healed":0,"gold_gain":0,"player_choice":"Damaged","damage_taken":7,"max_hp_gain":0,"max_hp_loss":0,"event_name":"Wheel of Change","floor":3,"gold_loss":0},{"damage_healed":0,"gold_gain":0,"player_choice":"Sacrifice","damage_taken":18,"max_hp_gain":5,"max_hp_loss":0,"event_name":"Elementarium:RadiantAltar","floor":22,"gold_loss":0}],"is_beta":false,"boss_relics":[{"not_picked":["SacredBark","REME_DuelDisc"],"picked":"FireBladeMod:BattleMasterLocket"}],"items_purged_floors":[4,20],"is_endless":false,"potions_floor_spawned":[2,5,16,21],"killed_by":"Elementarium:ElementalPortal","ascension_level":0}}