{"host":"rqd50iigewdjy74u","time":1609263454,"event":{"mods":["AchievementEnabler","BaseMod","BetterRewards","Custom Start","Minty Spire (QoL Compilation)","StSLib"],"gold_per_floor":[112,187,187,43,64,64,95,95,148,183,208,208,208],"floor_reached":12,"playtime":301,"items_purged":[],"score":122,"play_id":"5c53eb28-284d-4661-9549-b73d78c18d2c","local_time":"20201229113734","is_ascension_mode":true,"campfire_choices":[{"data":"Aggregate","floor":6,"key":"SMITH"},{"data":"Darkness","floor":8,"key":"SMITH"}],"circlet_count":0,"master_deck":["Strike_B","Strike_B","Strike_B","Strike_B","Defend_B","Defend_B","Defend_B","Defend_B","Zap","Dualcast","Beam Cell","Aggregate+1","Darkness+1","Beam Cell","Go for the Eyes"],"relics":["Cracked Core","NeowsBlessing","Golden Idol","Lee\u0027s Waffle","Eternal Feather","Turnip"],"acts_visited":["Exordium"],"potions_floor_usage":[12],"damage_taken":[{"damage":0,"enemies":"2 Louse","floor":1,"turns":1},{"damage":0,"enemies":"Small Slimes","floor":5,"turns":1},{"damage":0,"enemies":"3 Sentries","floor":7,"turns":1},{"damage":36,"enemies":"Lagavulin","floor":10,"turns":6},{"damage":12,"enemies":"Jaw Worm","floor":11,"turns":2},{"damage":48,"enemies":"Gremlin Nob","floor":12,"turns":4}],"seed_played":"1033421955017016931","potions_obtained":[{"floor":5,"key":"GamblersBrew"},{"floor":10,"key":"Regen Potion"}],"is_trial":false,"path_per_floor":["M","?","?","$","M","R","E","R","T","E","M","E"],"character_chosen":"DEFECT","items_purchased":["Lee\u0027s Waffle"],"campfire_rested":0,"item_purchase_floors":[4],"current_hp_per_floor":[75,64,46,82,82,82,82,82,82,46,34,0,0],"gold":208,"neow_bonus":"THREE_ENEMY_KILL","is_daily":false,"chose_seed":false,"campfire_upgraded":2,"win_rate":0.0,"timestamp":1609263454,"path_taken":["M","?","?","?","M","R","E","R","T","E","M","E"],"items_purchased_type":["Relic"],"build_version":"2020-12-22","purchased_purges":0,"victory":false,"max_hp_per_floor":[75,75,75,82,82,82,82,82,82,82,82,82,82],"card_choices":[{"not_picked":["Barrage","Melter"],"picked":"Beam Cell","floor":1},{"not_picked":["Rebound","Double Energy"],"picked":"Aggregate","floor":5},{"not_picked":["Streamline","Blizzard"],"picked":"Darkness","floor":7},{"not_picked":["Rebound","Steam"],"picked":"Beam Cell","floor":10},{"not_picked":["Reprogram","Hello World"],"picked":"Go for the Eyes","floor":11}],"player_experience":129471,"relics_obtained":[{"floor":7,"key":"Eternal Feather"},{"floor":10,"key":"Turnip"}],"event_choices":[{"damage_healed":0,"gold_gain":75,"player_choice":"Gather Gold","damage_taken":11,"max_hp_gain":0,"max_hp_loss":0,"event_name":"World of Goop","floor":2,"gold_loss":0},{"damage_healed":0,"gold_gain":0,"player_choice":"Take Damage","damage_taken":18,"relics_obtained":["Golden Idol"],"max_hp_gain":0,"max_hp_loss":0,"event_name":"Golden Idol","floor":3,"gold_loss":0}],"is_beta":false,"boss_relics":[],"items_purged_floors":[],"is_endless":false,"potions_floor_spawned":[5,10],"killed_by":"Gremlin Nob","ascension_level":2}}