{"host":"naykp6d9ulahlwib","time":1609282482,"event":{"mods":["BaseMod","Highlight Path","Minty Spire (QoL Compilation)","Shop Mod","StSLib"],"gold_per_floor":[110,110,121,46,46,46,59,59,131,131,144,144,144,164,164,253,253,267,287,287,287,287],"floor_reached":21,"playtime":1832,"items_purged":["Strike_G"],"score":296,"play_id":"e0f5ec0a-5336-4dd7-8f39-fb70076cb1fd","local_time":"20201229165442","is_ascension_mode":true,"campfire_choices":[{"floor":6.0,"key":"REST"},{"data":"Neutralize","floor":10.0,"key":"SMITH"},{"floor":13.0,"key":"REST"},{"floor":15.0,"key":"REST"}],"circlet_count":0,"master_deck":["AscendersBane","Strike_G","Strike_G+1","Strike_G","Defend_G","Defend_G+1","Defend_G","Survivor","Neutralize+1","After Image","Infinite Blades","Well Laid Plans","Bullet Time"],"relics":["Ring of the Snake","Golden Idol","Singing Bowl","Empty Cage"],"acts_visited":["TheCity"],"potions_floor_usage":[],"damage_taken":[{"damage":0.0,"enemies":"Jaw Worm","floor":1.0,"turns":6.0},{"damage":9.0,"enemies":"Small Slimes","floor":3.0,"turns":5.0},{"damage":1.0,"enemies":"Cultist","floor":7.0,"turns":4.0},{"damage":0.0,"enemies":"Red Slaver","floor":11.0,"turns":6.0},{"damage":5.0,"enemies":"3 Louse","floor":14.0,"turns":4.0},{"damage":53.0,"enemies":"Slime Boss","floor":16.0,"turns":20.0},{"damage":17.0,"enemies":"3 Byrds","floor":18.0,"turns":9.0},{"damage":9.0,"enemies":"Spheric Guardian","floor":19.0,"turns":8.0},{"damage":38,"enemies":"Cultist and Chosen","floor":21,"turns":8}],"seed_played":"-5091431149248153297","potions_obtained":[{"floor":7.0,"key":"Fire Potion"},{"floor":11.0,"key":"FairyPotion"},{"floor":14.0,"key":"SpeedPotion"},{"floor":18.0,"key":"FearPotion"}],"is_trial":false,"path_per_floor":["M","?","M","$","?","R","M","$","T","R","M","?","R","M","R","B",null,"M","M","?","M"],"character_chosen":"THE_SILENT","items_purchased":[],"campfire_rested":3,"item_purchase_floors":[],"current_hp_per_floor":[59,39,30,30,7,26,25,25,25,25,27,20,40,35,55,2,52,37,30,30,0,0],"gold":287,"neow_bonus":"ONE_RANDOM_RARE_CARD","is_daily":false,"chose_seed":false,"campfire_upgraded":1,"win_rate":0.0,"timestamp":1609282482,"path_taken":["M","?","M","$","?","R","M","?","T","R","?","?","R","M","R","BOSS","M","M","?","M"],"items_purchased_type":[],"build_version":"2020-12-22","purchased_purges":1,"victory":false,"max_hp_per_floor":[66,66,66,66,66,66,66,66,66,66,68,68,68,68,68,68,68,70,72,72,72,72],"card_choices":[{"not_picked":["Underhanded Strike","Flying Knee","Acrobatics"],"picked":"SKIP","floor":1.0},{"not_picked":["Underhanded Strike","Blur"],"picked":"Infinite Blades","floor":3.0},{"not_picked":["Quick Slash","Bouncing Flask","Poisoned Stab"],"picked":"SKIP","floor":7.0},{"not_picked":["Outmaneuver","Caltrops","Acrobatics"],"picked":"Singing Bowl","floor":11.0},{"not_picked":["Predator","Eviscerate"],"picked":"Well Laid Plans","floor":14.0},{"not_picked":["Phantasmal Killer","Envenom"],"picked":"Bullet Time","floor":16.0},{"not_picked":["Endless Agony","Masterful Stab","Slice+1"],"picked":"Singing Bowl","floor":18.0},{"not_picked":["Reflex","Acrobatics","Quick Slash"],"picked":"Singing Bowl","floor":19.0}],"player_experience":922257,"relics_obtained":[{"floor":9.0,"key":"Singing Bowl"}],"event_choices":[{"damage_healed":0.0,"max_hp_gain":0.0,"max_hp_loss":0.0,"gold_gain":0.0,"event_name":"Shining Light","player_choice":"Entered Light","floor":2.0,"gold_loss":0.0,"damage_taken":20.0,"cards_upgraded":["Strike_G","Defend_G"]},{"damage_healed":0.0,"max_hp_gain":0.0,"max_hp_loss":0.0,"gold_gain":0.0,"event_name":"Golden Idol","player_choice":"Take Damage","floor":5.0,"gold_loss":0.0,"damage_taken":23.0,"relics_obtained":["Golden Idol"]},{"cards_removed":["Defend_G"],"damage_healed":0.0,"max_hp_gain":0.0,"max_hp_loss":0.0,"gold_gain":0.0,"event_name":"Golden Wing","player_choice":"Card Removal","floor":12.0,"gold_loss":0.0,"damage_taken":7.0},{"damage_healed":0,"gold_gain":0,"player_choice":"Ignored","damage_taken":0,"max_hp_gain":0,"max_hp_loss":0,"event_name":"Transmorgrifier","floor":20,"gold_loss":0}],"is_beta":false,"boss_relics":[{"not_picked":["Ring of the Serpent","Ectoplasm"],"picked":"Empty Cage"}],"items_purged_floors":[4],"is_endless":false,"potions_floor_spawned":[7,11,14,18],"killed_by":"Cultist and Chosen","ascension_level":15}}