{"host":"s6mlqkqtr3ey2mm2","time":1609272026,"event":{"mods":["2.2 Compatiblity","AchievementEnabler","Aspiration","BaseMod","Beaked The Cultist","Better Note","BetterRewards","Challenge The Spire","Colored Map","Colored Powertips","Conspire","Curses Come First","Downfall","Emptier Cage","Energized Spire","GifTheSpireLib","Halation","Hermit","Hubris","Infinite Spire","Ironclad Rager","Mad Scientist","Marked Mod","Minty Spire (QoL Compilation)","Quick Restart","RatMod","Replay The Spire","Retaliation","Shade Mod","Somnambulant","Spicy Shops","StSLib","Stuff the Spire","The Blue Laboratory","The Construct","The Druid","The IronCluck","The Marked","The Mystic","The Necromancer","The Poker Player","The Runesmith","The Valiant","vexMod"],"gold_per_floor":[119,119,119,119,144,162,190,46,46,81,81,81],"floor_reached":10,"playtime":551,"items_purged":[],"score":74,"play_id":"b6a57cef-6f2d-47ab-ada2-3abded97e9f0","local_time":"20201229150026","is_ascension_mode":false,"metric_token":2834,"campfire_choices":[],"circlet_count":0,"master_deck":["PokerPlayerMod:Diamond1","PokerPlayerMod:Diamond3","PokerPlayerMod:Diamond3","PokerPlayerMod:Diamond4","PokerPlayerMod:Diamond6","PokerPlayerMod:Spade1","PokerPlayerMod:Spade2","PokerPlayerMod:Spade3","PokerPlayerMod:Spade4","PokerPlayerMod:Club1","PokerPlayerMod:Club2","PokerPlayerMod:Heart2","PokerPlayerMod:TrumpStrike","PokerPlayerMod:BadJoker","PokerPlayerMod:Mulligan","PokerPlayerMod:Spade5","PokerPlayerMod:Spade4","PokerPlayerMod:Club4","PokerPlayerMod:Sharpen"],"relics":["PokerPlayerMod:DeckCase","halation:AfternoonTea","Replay:Rubber Ducky","StuffTheSpire:GrapeVine","conspire:TreasureMap","Replay:Bandana","Replay:Bottled Snecko"],"acts_visited":["Exordium"],"potions_floor_usage":[],"damage_taken":[{"damage":0,"enemies":"2 Louse","floor":1,"turns":1},{"damage":0,"enemies":"Small Slimes","floor":6,"turns":3},{"damage":21,"enemies":"3 Sentries","floor":7,"turns":5},{"damage":25,"enemies":"Lagavulin","floor":10,"turns":5}],"seed_played":"1145723301580392572","potions_obtained":[{"floor":6,"key":"FearPotion"}],"is_trial":false,"path_per_floor":["M","?","?","?","T","M","E","$","T","E"],"character_chosen":"THE_POKER_PLAYER","items_purchased":["PokerPlayerMod:Sharpen","conspire:TreasureMap"],"campfire_rested":0,"item_purchase_floors":[8,8],"current_hp_per_floor":[57,57,46,46,46,48,29,29,29,4,4,4],"gold":81,"neow_bonus":"TEN_PERCENT_HP_BONUS","is_daily":false,"chose_seed":false,"campfire_upgraded":0,"win_rate":0.0,"timestamp":1609272026,"path_taken":["M","?","?","?","?","M","E","?","T","E"],"items_purchased_type":["Card","Relic"],"build_version":"2020-12-22","purchased_purges":0,"victory":false,"max_hp_per_floor":[57,57,57,57,57,57,57,57,57,57,57,57],"card_choices":[{"not_picked":["PokerPlayerMod:Club2","PokerPlayerMod:Diamond3"],"picked":"PokerPlayerMod:Spade5","floor":1},{"not_picked":["PokerPlayerMod:Heart3","PokerPlayerMod:Club2"],"picked":"PokerPlayerMod:Spade4","floor":6},{"not_picked":["PokerPlayerMod:Diamond4","PokerPlayerMod:ClubsClub"],"picked":"PokerPlayerMod:Club4","floor":7}],"player_experience":47860,"relics_obtained":[{"floor":5,"key":"Replay:Rubber Ducky"},{"floor":7,"key":"StuffTheSpire:GrapeVine"},{"floor":9,"key":"Replay:Bandana"},{"floor":10,"key":"Replay:Bottled Snecko"}],"event_choices":[{"damage_healed":0,"gold_gain":0,"player_choice":"Entered Light","damage_taken":11,"max_hp_gain":0,"max_hp_loss":0,"event_name":"Shining Light","floor":3,"gold_loss":0,"cards_upgraded":["PokerPlayerMod:Diamond3","PokerPlayerMod:Diamond6"]}],"is_beta":false,"boss_relics":[],"items_purged_floors":[],"is_endless":false,"potions_floor_spawned":[6],"killed_by":"Lagavulin","ascension_level":0}}