{"host":"8qkhzo0jjkmvsb7l","time":1609277656,"event":{"mods":["BaseMod","Conspire","Downfall","Minty Spire (QoL Compilation)","StSLib"],"gold_per_floor":[99,99,99,99,99,99,146,174,174,174,189,204,215,49,68,166,166,166,166,266,216,232,260,260,260,260,272,286,286,296,314,334,438,438,438,453,453,453,484,498,544,570,670,687,707,86,86,86,103,103,103,103],"floor_reached":50,"playtime":2731,"items_purged":["Regret","Slimebound:CorrosiveSpit"],"score":490,"play_id":"cdff3dc3-16b7-4bde-b2a5-b9467ef9dd61","local_time":"20201230003416","is_ascension_mode":false,"campfire_choices":[{"data":"Slimebound:Split","floor":1,"key":"SMITH"},{"data":"Slimebound:Nibble","floor":6,"key":"SMITH"},{"floor":9,"key":"REST"},{"data":"Slimebound:MinionMaster","floor":18,"key":"SMITH"},{"data":"Slimebound:SlimeSpikes","floor":29,"key":"SMITH"},{"data":"Slimebound:RejuvenatingLick","floor":35,"key":"SMITH"},{"data":"expansioncontent:YouAreMine","floor":47,"key":"SMITH"}],"circlet_count":0,"master_deck":["Slimebound:Tackle","Slimebound:Defend_Slimebound","Slimebound:Defend_Slimebound","Slimebound:Defend_Slimebound","Slimebound:Split+1","Slimebound:Nibble+1","Slimebound:PressTheAttack","Slimebound:SamplingLick","Slimebound:OneTwoCombo","Slimebound:ItLooksTasty","Slimebound:SplitLeeching","Slimebound:Split+1","Blind","Slimebound:MegaLick","Slimebound:AcidTongue","Slimebound:LeadByExample","Slimebound:RejuvenatingLick+1","Slimebound:MinionMaster+1","Slimebound:MassRepurpose","Slimebound:SamplingLick","J.A.X.","Slimebound:SlimeTap","Slimebound:Schlurp","Slimebound:SlimeSpikes+1","CurseOfTheBell","Slimebound:LeechingTouch+1","expansioncontent:YouAreMine+1","Slimebound:Darklings","Slimebound:SpikyOuterGoop+1","Slimebound:RejuvenatingLick+1","Slimebound:RollThrough+1","Slimebound:SplitMire+1","Slimebound:SlimeBarrage","Parasite"],"relics":["Slimebound:AbsorbEndCombat","downfall:HeartsMalice","MealTicket","Mercury Hourglass","downfall:GremlinSack","Empty Cage","Enchiridion","MutagenicStrength","Orichalcum","Letter Opener","Calling Bell","Art of War","conspire:Dentures","Ice Cream","Darkstone Periapt","Boot","Ancient Tea Set","Thread and Needle","conspire:TopHat"],"acts_visited":["Exordium","TheCity","TheBeyond"],"potions_floor_usage":[14,16,16,23,23,28,31,42,42,44,45,50,50],"damage_taken":[{"damage":0,"enemies":"Jaw Worm","floor":2,"turns":1},{"damage":0,"enemies":"Small Slimes","floor":3,"turns":1},{"damage":0,"enemies":"Cultist","floor":4,"turns":1},{"damage":38,"enemies":"3 Sentries","floor":8,"turns":8},{"damage":23,"enemies":"3 Sentries","floor":10,"turns":3},{"damage":10,"enemies":"Large Slime","floor":11,"turns":3},{"damage":10,"enemies":"3 Louse","floor":12,"turns":2},{"damage":16,"enemies":"Red Slaver","floor":13,"turns":2},{"damage":19,"enemies":"downfall:FleeingMerchant","floor":14,"turns":4},{"damage":8,"enemies":"2 Fungi Beasts","floor":15,"turns":2},{"damage":52,"enemies":"downfall:Ironclad","floor":16,"turns":6},{"damage":38,"enemies":"downfall:Augmenter","floor":20,"turns":4},{"damage":15,"enemies":"3 Byrds","floor":22,"turns":3},{"damage":73,"enemies":"Gremlin Leader","floor":23,"turns":6},{"damage":0,"enemies":"Chosen","floor":25,"turns":1},{"damage":22,"enemies":"3 Cultists","floor":27,"turns":3},{"damage":15,"enemies":"Snake Plant","floor":28,"turns":3},{"damage":24,"enemies":"Cultist and Chosen","floor":30,"turns":4},{"damage":49,"enemies":"Shelled Parasite and Fungi","floor":31,"turns":5},{"damage":19,"enemies":"Snecko","floor":32,"turns":5},{"damage":57,"enemies":"downfall:Watcher","floor":33,"turns":7},{"damage":15,"enemies":"3 Shapes","floor":36,"turns":3},{"damage":41,"enemies":"conspire:MimicChest","floor":39,"turns":7},{"damage":15,"enemies":"3 Darklings","floor":40,"turns":4},{"damage":59,"enemies":"Giant Head","floor":42,"turns":8},{"damage":23,"enemies":"Transient","floor":44,"turns":5},{"damage":37,"enemies":"Jaw Worm Horde","floor":45,"turns":2},{"damage":21,"enemies":"downfall:FleeingMerchant","floor":46,"turns":4},{"damage":21,"enemies":"Writhing Mass","floor":49,"turns":3},{"damage":125,"enemies":"downfall:Silent","floor":50,"turns":5}],"seed_played":"1396125506838661595","potions_obtained":[{"floor":10,"key":"Regen Potion"},{"floor":11,"key":"champ:CounterPotion"},{"floor":15,"key":"Regen Potion"},{"floor":16,"key":"Regen Potion"},{"floor":22,"key":"Explosive Potion"},{"floor":23,"key":"SteroidPotion"},{"floor":27,"key":"Guardian:BlockOnCardUsePotion"},{"floor":31,"key":"conspire:TimeTravelPotion"},{"floor":32,"key":"Strength Potion"},{"floor":33,"key":"champ:CounterPotion"},{"floor":42,"key":"AttackPotion"},{"floor":44,"key":"Energy Potion"},{"floor":49,"key":"Guardian:BlockOnCardUsePotion"}],"is_trial":false,"path_per_floor":["R","M","M","M","?","R","T","E","R","?","M","M","M","$","M","B",null,"R","?","?","?","M","E","T","M","?","M","M","R","M","M","M","B",null,"R","M","?","?","?","M","T","E","?","M","M","$","R","?","M","B"],"character_chosen":"SLIMEBOUND","items_purchased":["Regen Potion","Thread and Needle","PowerPotion","conspire:TopHat"],"campfire_rested":1,"item_purchase_floors":[14,46,46,46],"current_hp_per_floor":[60,60,60,60,60,60,60,30,48,39,41,37,21,53,55,43,60,60,44,34,59,60,29,29,29,29,37,42,42,46,51,56,47,60,60,60,60,60,55,58,58,60,60,60,54,60,60,60,64,0,0,0],"gold":103,"neow_bonus":"THREE_ENEMY_KILL","is_daily":false,"chose_seed":false,"campfire_upgraded":6,"win_rate":0.0,"timestamp":1609277656,"path_taken":["R","M","M","M","?","R","T","E","R","?","M","M","?","$","M","BOSS","R","?","?","?","M","E","T","M","?","M","M","R","M","?","M","BOSS","R","M","?","?","?","M","T","E","?","M","?","$","R","?","M","BOSS"],"items_purchased_type":["Potion","Relic","Potion","Relic"],"build_version":"2020-12-22","purchased_purges":2,"victory":false,"max_hp_per_floor":[60,60,60,60,60,60,60,60,60,60,60,60,60,60,60,60,60,60,60,60,60,60,60,60,60,60,60,60,60,60,60,60,60,60,60,60,60,60,60,60,60,60,60,60,60,60,60,60,66,66,66,66],"card_choices":[{"not_picked":["Slimebound:Schlurp","Slimebound:Repurpose"],"picked":"Slimebound:Nibble","floor":2},{"not_picked":["Slimebound:SplitAcid","Slimebound:Dissolve"],"picked":"Slimebound:PressTheAttack","floor":3},{"not_picked":["Slimebound:SlimeBarrage","Slimebound:LeechingTouch"],"picked":"Slimebound:SamplingLick","floor":4},{"not_picked":["Slimebound:BestDefense","Slimebound:HauntingLick","Slimebound:SelfFormingGoo"],"picked":"SKIP","floor":8},{"not_picked":["Slimebound:ProtectTheBoss","Slimebound:RainOfGoop"],"picked":"Slimebound:MegaLick","floor":10},{"not_picked":["Slimebound:ViciousTackle","Slimebound:DisruptingSlam"],"picked":"Slimebound:AcidTongue","floor":11},{"not_picked":["Slimebound:SplitAcid","Slimebound:SplitMire"],"picked":"Slimebound:LeadByExample","floor":12},{"not_picked":["Slimebound:RollThrough","Slimebound:Equalize"],"picked":"Slimebound:Prepare","floor":13},{"not_picked":["Slimebound:Schlurp","Slimebound:Chomp","Slimebound:DisruptingSlam"],"picked":"SKIP","floor":14},{"not_picked":["Slimebound:RollThrough","Slimebound:Chomp"],"picked":"Slimebound:RejuvenatingLick","floor":15},{"not_picked":["Slimebound:DuplicatedForm","Slimebound:SlimeSlap"],"picked":"Slimebound:MinionMaster","floor":16},{"not_picked":[],"picked":"J.A.X.","floor":20},{"not_picked":["Slimebound:GrowthPunch","Slimebound:Repurpose"],"picked":"Slimebound:SlimeTap","floor":22},{"not_picked":["Slimebound:SplitBruiser","Slimebound:ViciousTackle"],"picked":"Slimebound:Schlurp","floor":23},{"not_picked":["Slimebound:FirmFortitude","Slimebound:ViciousTackle","Slimebound:Dissolve"],"picked":"SKIP","floor":25},{"not_picked":["Slimebound:SpikyOuterGoop","Slimebound:GoopSpray","Slimebound:SplitMire"],"picked":"SKIP","floor":27},{"not_picked":["Slimebound:SlimeTap","Slimebound:SplitBruiser"],"picked":"Slimebound:SlimeSpikes","floor":28},{"not_picked":["Slimebound:Prepare","Slimebound:ComboTackle","Slimebound:Equalize"],"picked":"SKIP","floor":30},{"not_picked":["Slimebound:SlimeSpikes","Slimebound:PressTheAttack","Slimebound:FinishingTackle+1"],"picked":"SKIP","floor":31},{"not_picked":["Slimebound:RollThrough","Slimebound:GrowthPunch","Slimebound:Schlurp"],"picked":"SKIP","floor":32},{"not_picked":["Slimebound:ItLooksTasty+1","Slimebound:SplitLeeching"],"picked":"Slimebound:LeechingTouch+1","floor":36},{"not_picked":["expansioncontent:LastStand","expansioncontent:Flail"],"picked":"expansioncontent:YouAreMine","floor":37},{"not_picked":["Slimebound:SplitAcid","Slimebound:ViciousTackle"],"picked":"Slimebound:SpikyOuterGoop+1","floor":39},{"not_picked":["Slimebound:ViciousTackle","Slimebound:AcidTongue+1"],"picked":"Slimebound:RejuvenatingLick+1","floor":40},{"not_picked":["Slimebound:ViciousTackle+1","Slimebound:FinishingTackle"],"picked":"Slimebound:RollThrough+1","floor":42},{"not_picked":["Slimebound:SpikyOuterGoop","Slimebound:GoopSpray"],"picked":"Slimebound:SplitMire+1","floor":44},{"not_picked":["Slimebound:LeadByExample+1","Slimebound:SlimeSpikes+1","Slimebound:ComboTackle+1"],"picked":"SKIP","floor":45},{"not_picked":["Slimebound:FirmFortitude+1","Slimebound:DouseInSlime"],"picked":"Slimebound:SlimeBarrage","floor":46},{"not_picked":["Slimebound:SplitAcid","Slimebound:FinishingTackle+1","Slimebound:SplitBruiser+1"],"picked":"SKIP","floor":49}],"player_experience":208166,"relics_obtained":[{"floor":7,"key":"MealTicket"},{"floor":8,"key":"Mercury Hourglass"},{"floor":10,"key":"downfall:GremlinSack"},{"floor":19,"key":"Enchiridion"},{"floor":20,"key":"MutagenicStrength"},{"floor":23,"key":"Orichalcum"},{"floor":24,"key":"Letter Opener"},{"floor":34,"key":"Art of War"},{"floor":34,"key":"conspire:Dentures"},{"floor":34,"key":"Ice Cream"},{"floor":39,"key":"Darkstone Periapt"},{"floor":41,"key":"Boot"},{"floor":42,"key":"Ancient Tea Set"}],"event_choices":[{"damage_healed":0,"gold_gain":0,"player_choice":"Upgraded","damage_taken":0,"max_hp_gain":0,"max_hp_loss":0,"event_name":"Upgrade Shrine","floor":26,"gold_loss":0,"cards_upgraded":["Slimebound:Split"]},{"cards_removed":["Slimebound:Prepare"],"damage_healed":0,"gold_gain":0,"player_choice":"Removed Skill","damage_taken":0,"max_hp_gain":0,"max_hp_loss":0,"event_name":"Falling","floor":48,"gold_loss":0}],"is_beta":false,"boss_relics":[{"not_picked":["downfall:Hecktoplasm","Velvet Choker"],"picked":"Empty Cage"},{"not_picked":["Slimebound:AbsorbEndCombatUpgraded","Cursed Key"],"picked":"Calling Bell"}],"items_purged_floors":[14,46],"is_endless":false,"potions_floor_spawned":[10,11,15,16,22,23,27,31,32,33,36,42,44,49],"killed_by":"downfall:Silent","ascension_level":0}}