{"host":"l84l8xigz5v5foa2","time":1609262508,"event":{"mods":["2.2 Compatiblity","AchievementEnabler","BaseMod","Better Note","Better Vampires","Card Filter","Colored Map","DeckTracker","Downfall","Gremlin Skip","Highlight Path","Keyboard Shortcuts","Minty Spire (QoL Compilation)","Permanent Neow","Quick Restart","Relic Filter","Relic Stats","StSLib","SuperFastMode","Transform Curses","Unknown Chances"],"gold_per_floor":[99,112,12,31,31,60,60,94,94,194,214,214,214,228,243,243,243,243],"floor_reached":16,"playtime":885,"items_purged":[],"score":204,"play_id":"a4ef9056-be93-4937-a0d2-50cf878795aa","local_time":"20201230022148","is_ascension_mode":true,"campfire_choices":[{"floor":1.0,"key":"RECALL"},{"data":"champ:Duel","floor":9,"key":"SMITH"},{"data":"champ:FaceSlap","floor":13,"key":"SMITH"}],"circlet_count":0,"master_deck":["AscendersBane","champ:Strike","champ:Strike","champ:Strike","champ:Strike","champ:Defend","champ:Defend","champ:Defend","champ:Defend","champ:Execute","champ:Taunt+1","champ:ArenaPreparation","champ:GutPunch","champ:Duel+1","champ:FaceSlap+1","Slimebound:Icky","champ:RapidStrikes+1"],"relics":["champ:ChampionCrown","Smiling Mask","Matryoshka","Molten Egg 2"],"acts_visited":[],"potions_floor_usage":[8,15],"damage_taken":[{"damage":5.0,"enemies":"Cultist","floor":2.0,"turns":4.0},{"damage":15.0,"enemies":"downfall:FleeingMerchant","floor":3.0,"turns":4.0},{"damage":10.0,"enemies":"2 Louse","floor":4.0,"turns":3.0},{"damage":52.0,"enemies":"Lagavulin","floor":6.0,"turns":6.0},{"damage":31,"enemies":"3 Sentries","floor":8,"turns":7},{"damage":11,"enemies":"Jaw Worm","floor":11,"turns":2},{"damage":16,"enemies":"Large Slime","floor":14,"turns":4},{"damage":49,"enemies":"3 Louse","floor":15,"turns":3},{"damage":51,"enemies":"downfall:Watcher","floor":16,"turns":7}],"seed_played":"1776902544461097375","potions_obtained":[{"floor":2.0,"key":"Slimebound:ThreeZeroPotion"},{"floor":4.0,"key":"Explosive Potion"},{"floor":6.0,"key":"hexamod:EctoCoolerPotion"},{"floor":14,"key":"sneckomod:MuddlingPotion"}],"is_trial":false,"path_per_floor":["R","M","$","M","?","E","T","E","R","?","M","?","R","M","M","B"],"character_chosen":"THE_CHAMP","items_purchased":["champ:Duel"],"campfire_rested":0,"item_purchase_floors":[3],"current_hp_per_floor":[73,73,73,73,73,59,59,44,44,44,44,54,54,54,48,0,0,0],"gold":243,"neow_bonus":"UPGRADE_CARD","is_daily":false,"chose_seed":false,"campfire_upgraded":2,"win_rate":0.0,"timestamp":1609262508,"path_taken":["R","M","$","?","?","E","T","E","R","?","M","?","R","M","M","BOSS"],"items_purchased_type":["Card"],"build_version":"2020-12-22","purchased_purges":0,"victory":false,"max_hp_per_floor":[81,81,81,81,81,81,81,81,81,81,81,91,91,91,91,91,91,91],"relic_stats":{"counters":[9,40],"Smiling Mask":0,"obtain_stats":[{"Matryoshka":7,"champ:ChampionCrown":0,"Molten Egg 2":8,"Smiling Mask":6},{"Matryoshka":4,"champ:ChampionCrown":0,"Molten Egg 2":5,"Smiling Mask":4},{"Matryoshka":17,"champ:ChampionCrown":0,"Molten Egg 2":24,"Smiling Mask":17}]},"card_choices":[{"not_picked":["champ:ShieldSigil","champ:CrookedStrike"],"picked":"champ:ArenaPreparation","floor":2.0},{"not_picked":["champ:EnGarde","champ:PerfectedStrike"],"picked":"champ:GutPunch","floor":3.0},{"not_picked":["champ:ShieldWall","champ:DeathBlow","champ:Aggression"],"picked":"SKIP","floor":4.0},{"not_picked":["champ:ShieldWall","champ:DeathBlow","champ:Aggression"],"picked":"SKIP","floor":4.0},{"not_picked":["champ:CrookedStrike","champ:GladiatorsShout"],"picked":"champ:FaceSlap","floor":6.0},{"not_picked":["champ:BladeFlurry+1","champ:ArenaPreparation","champ:FalseCounter"],"picked":"SKIP","floor":8},{"not_picked":["champ:BladeFlurry+1","champ:ArenaPreparation","champ:FalseCounter"],"picked":"SKIP","floor":8},{"not_picked":["champ:BladeFlurry+1","champ:GladiatorsShout"],"picked":"champ:RapidStrikes+1","floor":11},{"not_picked":["champ:ShieldSigil","champ:Riposte","champ:FocusedBerserking"],"picked":"SKIP","floor":14},{"not_picked":["champ:Circumvent","champ:SwordSigil","champ:ArenaPreparation"],"picked":"SKIP","floor":15}],"player_experience":2802913,"relics_obtained":[{"floor":6.0,"key":"Smiling Mask"},{"floor":7.0,"key":"Matryoshka"},{"floor":8,"key":"Molten Egg 2"}],"event_choices":[],"is_beta":false,"boss_relics":[],"items_purged_floors":[],"is_endless":false,"potions_floor_spawned":[2,4,6,14],"killed_by":"downfall:Watcher","ascension_level":17}}