{"host":"w36evy4uyf1bcavi","time":1609272493,"event":{"mods":["Act Like it!","Aspiration","BaseMod","Conspire","Hallownest","Jedi Mod","Minty Spire (QoL Compilation)","Replay The Spire","Spicy Shops","StSLib","The Hayseed","The Hierophant"],"gold_per_floor":[110,110,43,43,59,88,88,118,118,118,118,118,133,183,183,284,284,297,297,313,313,329,329,361,460,483,499,530,530,890,901,901,999,999,1009,1009,1023,1033,1044,1044,1070,1096,1142,1142,1156,603,603,80,80,80,80,80,34,67,79,79],"floor_reached":55,"playtime":5122,"items_purged":["Amnesia"],"score":1160,"play_id":"7fe274ef-8198-4836-ae5d-8b172825d1cb","local_time":"20201230040813","is_ascension_mode":true,"campfire_choices":[{"floor":7,"key":"RECALL"},{"data":"Armaments","floor":11,"key":"SMITH"},{"data":"Armaments","floor":15,"key":"SMITH"},{"floor":23,"key":"REST"},{"floor":29,"key":"REST"},{"floor":32,"key":"REST"},{"floor":40,"key":"REST"},{"floor":44,"key":"REST"},{"data":"Fire Breathing","floor":47,"key":"SMITH"},{"floor":49,"key":"REST"},{"data":"jedi:MakeshiftSword","floor":52,"key":"SMITH"}],"circlet_count":0,"master_deck":["conspire:GhostlyStrike","conspire:GhostlyStrike","conspire:GhostlyStrike","conspire:GhostlyStrike","conspire:GhostlyDefend","conspire:GhostlyDefend","conspire:GhostlyDefend","conspire:GhostlyDefend","ReplayTheSpireMod:Stacked","Fire Breathing","Fire Breathing+1","Armaments+1","Armaments+1","Self Repair+1","Wild Strike","Shrug It Off","ReplayTheSpireMod:Splinters","ReplayReversal","Rage","Hemogenesis","Doubt","Power Through","Dark Embrace","PanicButton","Power Through","ReplayReversal","Shockwave","Offering","conspire:Charge+1","Ghostly Armor+1","Metallicize","Fire Breathing","Searing Blow+1","Metallicize+1","Offering","jedi:MakeshiftSword","jedi:MakeshiftSword+1","ReplayTheSpireMod:Muscle Training","Reaper","jedi:fear","Defy Death+1"],"relics":["NeowsBlessing","Replay:PocketPolymizer","Replay:Bottled Flurry","Iron Core","Ancient Tea Set","Runic Cube","Ring of Panic","Ring of Searing","Regal Pillow","jedi:shrinkray","Simple Rune","Mark of Pain","Durian","Bag of Preparation","ReplayTheSpireMod:Spearhead","Ice Cream","Strange Spoon","ReplayTheSpireMod:CursedCoin","Replay:Bottled Steam","jedi:fakemustache","jedi:gremlinknob","Replay:Bandana"],"acts_visited":["Exordium","TheCity","TheBeyond","TheEnding"],"potions_floor_usage":[8,8,16,27,33,33,33,55,55,55],"damage_taken":[{"damage":0,"enemies":"Jaw Worm","floor":1,"turns":1},{"damage":0,"enemies":"Cultist","floor":5,"turns":1},{"damage":0,"enemies":"Replay:BlueRogue","floor":6,"turns":1},{"damage":42,"enemies":"Gremlin Nob","floor":8,"turns":6},{"damage":4,"enemies":"Small Slimes","floor":13,"turns":4},{"damage":16,"enemies":"The Guardian","floor":16,"turns":9},{"damage":30,"enemies":"conspire:FuzzyDice","floor":18,"turns":5},{"damage":36,"enemies":"3 Byrds","floor":20,"turns":3},{"damage":28,"enemies":"Sentry and Sphere","floor":22,"turns":7},{"damage":37,"enemies":"Gremlin Leader","floor":24,"turns":6},{"damage":8,"enemies":"Centurion and Healer","floor":27,"turns":6},{"damage":36,"enemies":"conspire:Head Lice","floor":28,"turns":7},{"damage":3,"enemies":"Cultist and Chosen","floor":31,"turns":4},{"damage":81,"enemies":"Pondfish","floor":33,"turns":10},{"damage":49,"enemies":"3 Darklings","floor":35,"turns":5},{"damage":16,"enemies":"Orb Walker","floor":37,"turns":3},{"damage":15,"enemies":"Transient","floor":38,"turns":5},{"damage":28,"enemies":"Spire Growth","floor":39,"turns":6},{"damage":6,"enemies":"Nemesis","floor":41,"turns":7},{"damage":25,"enemies":"conspire:MimicChest","floor":42,"turns":8},{"damage":14,"enemies":"4 Shapes","floor":45,"turns":3},{"damage":77,"enemies":"Awakened One","floor":50,"turns":9},{"damage":75,"enemies":"Shield and Spear","floor":54,"turns":6},{"damage":37,"enemies":"The Heart","floor":55,"turns":3}],"seed_played":"-3364715441615699684","potions_obtained":[{"floor":1,"key":"AttackPotion"},{"floor":6,"key":"AttackPotion"},{"floor":8,"key":"BlessingOfTheForge"},{"floor":13,"key":"Explosive Potion"},{"floor":14,"key":"FairyPotion"},{"floor":18,"key":"jedi:holywater"},{"floor":27,"key":"AttackPotion"},{"floor":31,"key":"BloodPotion"},{"floor":35,"key":"BlessingOfTheForge"},{"floor":45,"key":"Dexterity Potion"},{"floor":54,"key":"BloodPotion"}],"is_trial":false,"path_per_floor":["M","?","$","?","M","E","R","E","T","?","R","$","M","?","R","B",null,"M","?","M","?","M","R","E","?","T","M","E","R","?","M","R","B",null,"M","?","M","M","M","R","E","?","T","R","M","$","R","$","R","B",null,"R","$","E","B"],"character_chosen":"IRONCLAD","items_purchased":["Fire Breathing","Ice Cream","Strange Spoon","ReplayTheSpireMod:CursedCoin","LiquidMemories","Replay:Bottled Steam","jedi:fakemustache","jedi:gremlinknob","jedi:MakeshiftSword","jedi:fear"],"campfire_rested":6,"item_purchase_floors":[3,46,46,46,46,46,48,48,48,53],"current_hp_per_floor":[80,80,80,72,78,80,80,44,44,44,44,44,50,50,50,44,80,60,60,34,34,16,40,3,3,3,12,25,64,28,25,64,20,80,41,49,38,33,15,54,63,53,53,85,71,71,71,85,85,8,85,85,85,10,0,0],"gold":79,"neow_bonus":"THREE_ENEMY_KILL","is_daily":false,"chose_seed":false,"campfire_upgraded":4,"win_rate":0.0,"timestamp":1609272493,"path_taken":["M","?","$","?","?","E","R","E","T","?","R","?","?","?","R","BOSS","M","?","M","?","?","R","E","?","T","M","E","R","?","?","R","BOSS","M","?","M","M","M","R","E","?","T","R","M","?","R","$","R","BOSS","R","$","E","BOSS"],"items_purchased_type":["Card","Relic","Relic","Relic","Potion","Relic","Relic","Relic","Card","Card"],"build_version":"2020-12-22","purchased_purges":1,"victory":false,"max_hp_per_floor":[80,80,80,80,80,80,80,80,80,80,80,80,80,80,80,80,80,80,80,80,80,80,80,80,80,80,80,80,80,80,80,80,80,80,80,80,80,80,80,80,85,85,85,85,85,85,85,85,85,85,85,85,85,85,85,85],"card_choices":[{"not_picked":["Shrug It Off","Power Through"],"picked":"ReplayTheSpireMod:Stacked","floor":1},{"not_picked":["Havoc","Rage"],"picked":"Armaments","floor":5},{"not_picked":["Iron Wave","jedi:collectorstrike"],"picked":"Armaments","floor":6},{"not_picked":["Headbutt","Heavy Blade"],"picked":"Run Through","floor":8},{"not_picked":["Genetic Algorithm","Recycle"],"picked":"Shrug It Off","floor":13},{"not_picked":["Rage","Turbo"],"picked":"ReplayReversal","floor":14},{"not_picked":["conspire:Purge","Double Tap"],"picked":"Hemogenesis","floor":16},{"not_picked":["Run Through","True Grit"],"picked":"Shrug It Off","floor":18},{"not_picked":["Intimidate+1","Havoc"],"picked":"Power Through","floor":20},{"not_picked":["Run Through","Battle Trance"],"picked":"Dark Embrace","floor":22},{"not_picked":["ReplayTheSpireMod:LeadingStrike","Whirlwind"],"picked":"Power Through","floor":24},{"not_picked":["Replay:Undeath\u0027s Touch","Twin Strike"],"picked":"ReplayReversal","floor":27},{"not_picked":["Headbutt","Searing Blow"],"picked":"Combust","floor":28},{"not_picked":["True Grit","Replay:Undeath\u0027s Touch"],"picked":"Thunderclap","floor":31},{"not_picked":["Fiend Fire","conspire:Purge"],"picked":"Offering","floor":33},{"not_picked":["Clash","Clothesline+1"],"picked":"conspire:Charge+1","floor":35},{"not_picked":["Pommel Strike+1","Warcry"],"picked":"Iron Wave","floor":37},{"not_picked":["Warcry+1","Clothesline+1"],"picked":"Ghostly Armor+1","floor":38},{"not_picked":["Inflame","Headbutt+1"],"picked":"Metallicize","floor":39},{"not_picked":["Thunderclap+1","Clothesline+1"],"picked":"Fire Breathing","floor":41},{"not_picked":["Sword Boomerang+1","Havoc"],"picked":"Searing Blow+1","floor":42},{"not_picked":["Defy Death","Sword Boomerang"],"picked":"Metallicize+1","floor":45},{"not_picked":["Replay:Undeath\u0027s Touch","Iron Wave"],"picked":"Defy Death+1","floor":54}],"player_experience":352324,"relics_obtained":[{"floor":6,"key":"Replay:PocketPolymizer"},{"floor":8,"key":"Replay:Bottled Flurry"},{"floor":14,"key":"Ancient Tea Set"},{"floor":19,"key":"Ring of Panic"},{"floor":19,"key":"Ring of Searing"},{"floor":24,"key":"Regal Pillow"},{"floor":26,"key":"jedi:shrinkray"},{"floor":28,"key":"Simple Rune"},{"floor":41,"key":"Durian"},{"floor":42,"key":"Bag of Preparation"},{"floor":43,"key":"ReplayTheSpireMod:Spearhead"},{"floor":54,"key":"Replay:Bandana"}],"event_choices":[{"damage_healed":0,"gold_gain":0,"player_choice":"Agree","damage_taken":0,"max_hp_gain":0,"max_hp_loss":0,"event_name":"conspire:LoneGhost","floor":2,"gold_loss":0},{"damage_healed":0,"gold_gain":0,"player_choice":"Damaged","damage_taken":8,"max_hp_gain":0,"max_hp_loss":0,"event_name":"Wheel of Change","floor":4,"gold_loss":0},{"damage_healed":0,"gold_gain":0,"player_choice":"Bought 0 Potions","damage_taken":0,"max_hp_gain":0,"max_hp_loss":0,"event_name":"The Woman in Blue","floor":21,"gold_loss":0},{"damage_healed":0,"gold_gain":99,"player_choice":"Stole From Cult","damage_taken":0,"max_hp_gain":0,"max_hp_loss":0,"event_name":"Nest","floor":25,"gold_loss":0},{"damage_healed":0,"gold_gain":360,"player_choice":"GOLD GOLD GOLD GOLD ","damage_taken":36,"max_hp_gain":0,"max_hp_loss":0,"event_name":"Knowing Skull","floor":30,"potions_obtained":[],"gold_loss":0,"cards_obtained":[]}],"is_beta":false,"boss_relics":[{"not_picked":["Velvet Choker","Empty Cage"],"picked":"Runic Cube"},{"not_picked":["Painkiller Herb","conspire:RunicOctahedron"],"picked":"Mark of Pain"}],"items_purged_floors":[46],"is_endless":false,"potions_floor_spawned":[1,6,8,13,18,27,31,35,45,54],"killed_by":"The Heart","ascension_level":2}}