{"host":"kstmajdnxm8lto3o","time":1609203028,"event":{"mods":["Aspiration","BaseMod","Better Third Choice","BetterRewards","CCEM","Conspire","Downfall","Gremlin Skip","Highlight Path","Hubris","Minty Spire (QoL Compilation)","Replay The Spire","Shop Mod","Spicy Shops","StSLib"],"gold_per_floor":[110,127,127,144,163,163,195,220,220,220,254,254,268,268,268,371,371,382,382,416,433,452,478,478,478,478],"floor_reached":25,"playtime":1862,"items_purged":[],"score":243,"play_id":"3a1a6096-51b2-4a72-8e63-30f49434f06e","local_time":"20201228195028","is_ascension_mode":true,"campfire_choices":[{"data":"ReplayTheSpireMod:Dual Polarity","floor":6,"key":"SMITH"},{"floor":12,"key":"REST"},{"floor":15,"key":"DIG"},{"data":"ReplayTheSpireMod:Calculation Training","floor":24,"key":"SMITH"}],"circlet_count":0,"master_deck":["Strike_B","Strike_B","Strike_B","Strike_B","Defend_B","Defend_B+1","Defend_B","Defend_B","Zap+1","Dualcast","ReplayTheSpireMod:Dual Polarity+1","Leap","Cold Snap","Doom and Gloom","Glacier+1","ReplayTheSpireMod:Calculation Training+1","Echo Form","Beam Cell","Fusion","Redo+1","Leap","ReplayTheSpireMod:Calculation Training"],"relics":["Cracked Core","aspiration:Nostalgia","PureWater","Vajra","Odd Mushroom","Blue Doll","conspire:DeflatedDodgeball","ChewingGum","Blue Candle","War Paint"],"acts_visited":["Exordium","TheCity"],"potions_floor_usage":[7,11,23,25],"damage_taken":[{"damage":0,"enemies":"conspire:RoseBush","floor":1,"turns":2},{"damage":0,"enemies":"Small Slimes","floor":2,"turns":3},{"damage":0,"enemies":"2 Louse","floor":4,"turns":3},{"damage":3,"enemies":"2 Fungi Beasts","floor":5,"turns":3},{"damage":17,"enemies":"3 Sentries","floor":7,"turns":6},{"damage":7,"enemies":"The Mushroom Lair","floor":8,"turns":4},{"damage":15,"enemies":"Gremlin Nob","floor":11,"turns":4},{"damage":0,"enemies":"Large Slime","floor":13,"turns":3},{"damage":18,"enemies":"Slime Boss","floor":16,"turns":9},{"damage":2,"enemies":"3 Byrds","floor":18,"turns":5},{"damage":17,"enemies":"conspire:MimicChest","floor":20,"turns":6},{"damage":6,"enemies":"Shell Parasite","floor":21,"turns":5},{"damage":0,"enemies":"Centurion and Healer","floor":22,"turns":7},{"damage":16,"enemies":"Gremlin Leader","floor":23,"turns":8},{"damage":37,"enemies":"Book of Stabbing","floor":25,"turns":5}],"seed_played":"-1981833471917749359","potions_obtained":[{"floor":1,"key":"Explosive Potion"},{"floor":2,"key":"DuplicationPotion"},{"floor":8,"key":"Toxic Potion"},{"floor":20,"key":"DistilledChaos"},{"floor":22,"key":"sneckomod:MuddlingPotion"},{"floor":23,"key":"FearPotion"}],"is_trial":false,"path_per_floor":["M","M","?","M","M","R","E","?","T","?","E","R","M","?","R","B",null,"M","?","?","M","M","E","R","E"],"character_chosen":"DEFECT","items_purchased":[],"campfire_rested":1,"item_purchase_floors":[],"current_hp_per_floor":[75,75,75,75,72,72,55,48,48,48,33,55,55,55,55,37,75,73,75,58,52,52,36,36,0,0],"gold":478,"neow_bonus":"NOSTALGIA","is_daily":false,"chose_seed":false,"campfire_upgraded":2,"win_rate":0.0,"timestamp":1609203028,"path_taken":["M","?","?","M","M","R","E","?","T","?","E","R","M","?","R","BOSS","M","?","?","?","M","E","R","E"],"items_purchased_type":[],"build_version":"2020-12-22","purchased_purges":0,"victory":false,"max_hp_per_floor":[75,75,75,75,75,75,75,75,75,75,75,75,75,75,75,75,75,75,75,75,75,75,75,75,75,75],"card_choices":[{"not_picked":["Heatsinks","Steam","Consume"],"picked":"SKIP","floor":1},{"not_picked":["Heatsinks","Rebound","Blizzard"],"picked":"SKIP","floor":2},{"not_picked":["Barrage","BasicCrystalCard"],"picked":"ReplayTheSpireMod:Dual Polarity","floor":4},{"not_picked":["hubris:PowerSurge","conspire:SharedLibrary"],"picked":"Leap","floor":5},{"not_picked":["Heatsinks","Streamline","Blizzard"],"picked":"SKIP","floor":7},{"not_picked":["Stack","BasicCrystalCard"],"picked":"Cold Snap","floor":8},{"not_picked":["Beam Cell","Redo"],"picked":"Glacier","floor":11},{"not_picked":["ReplayTheSpireMod:Omega Cannon","aspiration:Polymerization"],"picked":"ReplayTheSpireMod:Calculation Training","floor":13},{"not_picked":["Thunder Strike","Meteor Strike"],"picked":"Echo Form","floor":16},{"not_picked":["Compile Driver","Doom and Gloom+1"],"picked":"Beam Cell","floor":18},{"not_picked":["Force Field","ReplayTheSpireMod:Reroute Power"],"picked":"Fusion","floor":20},{"not_picked":["Time Bomb","Chaos"],"picked":"Redo+1","floor":21},{"not_picked":["Capacitor","Beam Cell+1"],"picked":"Leap","floor":22},{"not_picked":["Hologram","Go for the Eyes"],"picked":"ReplayTheSpireMod:Calculation Training","floor":23}],"player_experience":490987,"relics_obtained":[{"floor":7,"key":"Vajra"},{"floor":8,"key":"Odd Mushroom"},{"floor":11,"key":"Blue Doll"},{"floor":15,"key":"conspire:DeflatedDodgeball"},{"floor":20,"key":"Blue Candle"},{"floor":23,"key":"War Paint"}],"event_choices":[{"damage_healed":0,"gold_gain":0,"player_choice":"Grow","damage_taken":0,"max_hp_gain":0,"max_hp_loss":0,"event_name":"Living Wall","floor":3,"gold_loss":0,"cards_upgraded":["Zap"]},{"damage_healed":0,"gold_gain":0,"player_choice":"Fought Mushrooms","damage_taken":0,"max_hp_gain":0,"max_hp_loss":0,"event_name":"Mushrooms","floor":8,"gold_loss":0},{"damage_healed":0,"gold_gain":0,"player_choice":"Leave","damage_taken":0,"max_hp_gain":0,"max_hp_loss":0,"event_name":"conspire:Investor","floor":14,"gold_loss":0}],"is_beta":false,"boss_relics":[{"not_picked":["Busted Crown","Coffee Dripper"],"picked":"ChewingGum"}],"items_purged_floors":[],"is_endless":false,"potions_floor_spawned":[1,2,8,20,22,23],"killed_by":"Book of Stabbing","ascension_level":1}}