{"host":"0fm1w3v00gid44jl","time":1609277854,"event":{"mods":["AchievementEnabler","BaseMod","Colored Map","Colored Powertips","Displayed Cursed Tome","Downfall","Googly Eyes","Highlight Path","Minty Spire (QoL Compilation)","Permanent Neow","Relic Stats","StSLib","SuperFastMode","slay the spire mod where everything is the same but ironclad has a cowboy hat"],"gold_per_floor":[99,115,115,115,115,115,142,142,142,152,179,354,68,68,88,184,184,109,129,141,141,141,154,154,154,164,164,164,164,164],"floor_reached":28,"playtime":843,"items_purged":[],"score":235,"play_id":"8034cc59-cb84-4bc1-9440-5d1cc9dc053f","local_time":"20201229153734","is_ascension_mode":true,"campfire_choices":[{"data":"champ:DeathBlow","floor":1,"key":"SMITH"},{"data":"champ:Backstep","floor":6,"key":"SMITH"},{"floor":8,"key":"RECALL"},{"data":"champ:Duel","floor":18,"key":"SMITH"},{"data":"champ:CrookedStrike","floor":25,"key":"SMITH"}],"circlet_count":0,"master_deck":["champ:Taunt+1","champ:DeathBlow+1","champ:Backstep+1","champ:SkillfulDodge","champ:FocusedBerserking","Doubt","champ:BerserkerStyle+1","champ:EnGarde","champ:FaceSlap+1","champ:PreciseThrust","champ:HoldFirm","champ:SwordSigil","champ:Shatter","champ:Circumvent","champ:Duel+1","champ:CrookedStrike+1","champ:RapidStrikes+1","champ:DefensiveShout","champ:FocusedBerserking","champ:Aggression+1","champ:FanOfKnives"],"relics":["champ:ChampionCrown","Pocketwatch","Bag of Marbles","champ:LiftRelic","Calipers","Gremlin Horn","Bottled Flame","Pandora\u0027s Box","downfall:HeartBlessingRed","champ:DuelingGlove"],"acts_visited":["Exordium","TheCity"],"potions_floor_usage":[26],"damage_taken":[{"damage":17,"enemies":"Jaw Worm","floor":2,"turns":4},{"damage":15,"enemies":"Small Slimes","floor":10,"turns":3},{"damage":31,"enemies":"3 Sentries","floor":11,"turns":6},{"damage":47,"enemies":"downfall:FleeingMerchant","floor":13,"turns":4},{"damage":0,"enemies":"2 Louse","floor":15,"turns":1},{"damage":54,"enemies":"downfall:Ironclad","floor":16,"turns":11},{"damage":33,"enemies":"Spheric Guardian","floor":19,"turns":4},{"damage":62,"enemies":"Chosen","floor":20,"turns":4},{"damage":52,"enemies":"Snecko","floor":23,"turns":4},{"damage":62,"enemies":"Centurion and Healer","floor":26,"turns":5},{"damage":34,"enemies":"Shelled Parasite and Fungi","floor":28,"turns":1}],"seed_played":"1502474520101685650","potions_obtained":[{"floor":2,"key":"SkillPotion"},{"floor":15,"key":"Explosive Potion"},{"floor":16,"key":"PowerPotion"}],"is_trial":false,"path_per_floor":["R","M","?","?","?","R","T","R","?","M","E","?","$","T","M","B",null,"R","M","M","?","?","M","T","R","M","?","M"],"character_chosen":"THE_CHAMP","items_purchased":["Gremlin Horn","champ:BerserkerStyle"],"campfire_rested":0,"item_purchase_floors":[13,13],"current_hp_per_floor":[90,88,88,76,76,76,76,76,76,76,60,60,55,55,55,49,90,90,90,90,90,90,88,88,88,42,34,0,0,0],"gold":164,"neow_bonus":"TRANSFORM_CARD","is_daily":false,"chose_seed":false,"campfire_upgraded":4,"win_rate":0.0,"timestamp":1609277854,"path_taken":["R","M","?","?","?","R","T","R","?","?","E","?","$","?","M","BOSS","R","M","M","?","?","M","T","R","?","?","M"],"items_purchased_type":["Relic","Card"],"build_version":"2020-12-22","purchased_purges":0,"victory":false,"max_hp_per_floor":[90,90,90,90,90,90,90,90,90,90,90,90,90,90,90,90,90,90,90,90,90,90,90,90,90,90,90,90,90,90],"relic_stats":{"Gremlin Horn":[1,1],"counters":[11,47],"Pandora\u0027s Box":["champ:EnGarde","champ:FaceSlap","champ:PreciseThrust","champ:HoldFirm","champ:SwordSigil","champ:Shatter","champ:Circumvent","champ:Duel"],"obtain_stats":[{"champ:DuelingGlove":24,"Bottled Flame":14,"Calipers":11,"Gremlin Horn":13,"downfall:HeartBlessingRed":18,"champ:LiftRelic":9,"champ:ChampionCrown":0,"Pandora\u0027s Box":17,"Bag of Marbles":7,"Pocketwatch":4},{"champ:DuelingGlove":9,"Bottled Flame":4,"Calipers":3,"Gremlin Horn":4,"downfall:HeartBlessingRed":6,"champ:LiftRelic":1,"champ:ChampionCrown":0,"Pandora\u0027s Box":6,"Bag of Marbles":1,"Pocketwatch":1},{"champ:DuelingGlove":41,"Bottled Flame":17,"Calipers":13,"Gremlin Horn":17,"downfall:HeartBlessingRed":29,"champ:LiftRelic":4,"champ:ChampionCrown":0,"Pandora\u0027s Box":29,"Bag of Marbles":4,"Pocketwatch":4}],"Pocketwatch":[60]},"card_choices":[{"not_picked":["champ:PerfectedStrike","champ:Circumvent"],"picked":"champ:Backstep","floor":2},{"not_picked":["champ:StanceDance","champ:Aggression"],"picked":"champ:SkillfulDodge","floor":10},{"not_picked":["champ:StrikeOfGenius","champ:FocusedDefense"],"picked":"champ:FocusedBerserking","floor":11},{"not_picked":["champ:GladiatorsShout","champ:IronFortress","champ:CrookedStrike"],"picked":"SKIP","floor":13},{"not_picked":["champ:Haymaker","champ:Balance","champ:ShieldWall"],"picked":"SKIP","floor":15},{"not_picked":["champ:DeathBlow","champ:FlashCut"],"picked":"champ:CrookedStrike","floor":19},{"not_picked":["champ:TornadoPunch+1","champ:Haymaker"],"picked":"champ:RapidStrikes+1","floor":20},{"not_picked":["champ:StanceDance","champ:DefensiveShout"],"picked":"champ:Aggression+1","floor":23},{"not_picked":["champ:EnGarde","champ:RageSigil"],"picked":"champ:FanOfKnives","floor":26}],"player_experience":1460978,"relics_obtained":[{"floor":7,"key":"Bag of Marbles"},{"floor":11,"key":"Calipers"},{"floor":14,"key":"Bottled Flame"},{"floor":24,"key":"champ:DuelingGlove"}],"event_choices":[{"damage_healed":0,"gold_gain":0,"player_choice":"Success","damage_taken":12,"relics_obtained":["Pocketwatch"],"max_hp_gain":0,"max_hp_loss":0,"event_name":"Scrap Ooze","floor":4,"gold_loss":0},{"damage_healed":0,"gold_gain":0,"player_choice":"Grow","damage_taken":0,"max_hp_gain":0,"max_hp_loss":0,"event_name":"Living Wall","floor":5,"gold_loss":0,"cards_upgraded":["champ:Taunt"]},{"damage_healed":0,"gold_gain":0,"player_choice":"Ignored","damage_taken":0,"max_hp_gain":0,"max_hp_loss":0,"event_name":"Ghosts","floor":21,"gold_loss":0}],"is_beta":false,"boss_relics":[{"not_picked":["expansioncontent:StudyCardRelic","SlaversCollar"],"picked":"Pandora\u0027s Box"}],"items_purged_floors":[],"is_endless":false,"potions_floor_spawned":[2,15,16,20],"killed_by":"Shelled Parasite and Fungi","ascension_level":2}}