{"host":"dpbezu80jg8zk7un","time":1609264690,"event":{"mods":["BaseMod","Colored Map","Colored Powertips","Custom Start","DeckTracker","Minty Spire (QoL Compilation)","Quick Restart","StSLib","SuperFastMode"],"gold_per_floor":[116,116,132,57,74,74,90,102,156,166,179,179,208,208,208,280,280,311,333,345,345],"floor_reached":20,"playtime":827,"items_purged":["Strike_R"],"score":356,"play_id":"f5846f89-b66c-4c0e-8ce3-2c39f4dcbf72","local_time":"20201230025810","is_ascension_mode":true,"campfire_choices":[{"data":"Body Slam","floor":6.0,"key":"SMITH"},{"data":"Blood for Blood","floor":12.0,"key":"SMITH"},{"data":"Burning Pact","floor":15.0,"key":"SMITH"}],"circlet_count":0,"master_deck":["AscendersBane","Strike_R","Strike_R","Strike_R","Strike_R","Defend_R","Defend_R","Defend_R","Defend_R","Bash","Body Slam+1","Second Wind","Shrug It Off","Burning Pact+1","Blood for Blood+1","Barricade","CurseOfTheBell","Sentinel+1"],"relics":["Burning Blood","Strawberry","Calling Bell","MawBank","Mummified Hand","TungstenRod"],"acts_visited":["Exordium","TheCity"],"potions_floor_usage":[18,19],"damage_taken":[{"damage":9.0,"enemies":"Jaw Worm","floor":1.0,"turns":5.0},{"damage":11.0,"enemies":"2 Louse","floor":3.0,"turns":4.0},{"damage":8.0,"enemies":"Cultist","floor":5.0,"turns":5.0},{"damage":9.0,"enemies":"2 Fungi Beasts","floor":7.0,"turns":4.0},{"damage":6.0,"enemies":"Looter","floor":8.0,"turns":5.0},{"damage":18.0,"enemies":"3 Louse","floor":10.0,"turns":4.0},{"damage":2.0,"enemies":"2 Fungi Beasts","floor":11.0,"turns":6.0},{"damage":30.0,"enemies":"Lagavulin","floor":13.0,"turns":7.0},{"damage":21.0,"enemies":"Hexaghost","floor":16.0,"turns":8.0},{"damage":16,"enemies":"Chosen","floor":18,"turns":7},{"damage":39,"enemies":"Spheric Guardian","floor":19,"turns":7},{"damage":71,"enemies":"Shelled Parasite and Fungi","floor":20,"turns":6}],"seed_played":"-3100135416503827211","potions_obtained":[{"floor":1.0,"key":"SneckoOil"},{"floor":3.0,"key":"BloodPotion"},{"floor":7.0,"key":"ColorlessPotion"},{"floor":13.0,"key":"Block Potion"},{"floor":16.0,"key":"Swift Potion"},{"floor":18,"key":"GamblersBrew"},{"floor":19,"key":"SteroidPotion"}],"is_trial":false,"path_per_floor":["M","?","M","$","M","R","M","M","T","M","M","R","E","?","R","B",null,"M","M","M"],"character_chosen":"IRONCLAD","items_purchased":[],"campfire_rested":0,"item_purchase_floors":[],"current_hp_per_floor":[47,47,42,42,40,40,37,37,44,32,36,36,12,92,92,77,88,78,63,0,0],"gold":345,"neow_bonus":"RANDOM_COLORLESS_2","is_daily":false,"chose_seed":false,"campfire_upgraded":3,"win_rate":0.0,"timestamp":1609264690,"path_taken":["M","?","M","?","M","R","M","M","T","M","M","R","E","?","R","BOSS","M","M","M"],"items_purchased_type":[],"build_version":"2020-12-22","purchased_purges":1,"victory":false,"max_hp_per_floor":[75,75,75,75,75,75,75,75,82,82,82,82,82,92,92,92,92,92,92,92,92],"card_choices":[{"not_picked":["Sadistic Nature","Mayhem"],"picked":"Violence","floor":0.0},{"not_picked":["Dropkick","Havoc"],"picked":"Body Slam","floor":1.0},{"not_picked":["Clothesline","Body Slam"],"picked":"Second Wind","floor":3.0},{"not_picked":["Ghostly Armor","Whirlwind"],"picked":"Shrug It Off","floor":5.0},{"not_picked":["Whirlwind","Uppercut"],"picked":"Burning Pact","floor":7.0},{"not_picked":["Armaments","Clash","Intimidate"],"picked":"SKIP","floor":8.0},{"not_picked":["Thunderclap","Whirlwind","Clothesline"],"picked":"SKIP","floor":10.0},{"not_picked":["Sever Soul","Clash"],"picked":"Blood for Blood","floor":11.0},{"not_picked":["Heavy Blade","Rampage","Uppercut"],"picked":"SKIP","floor":13.0},{"not_picked":["Berserk","Corruption"],"picked":"Barricade","floor":16.0},{"not_picked":["Rage","Havoc"],"picked":"Sentinel+1","floor":18},{"not_picked":["Dual Wield","Headbutt","Shrug It Off"],"picked":"SKIP","floor":19}],"player_experience":2798827,"relics_obtained":[{"floor":9.0,"key":"Strawberry"},{"floor":17,"key":"MawBank"},{"floor":17,"key":"Mummified Hand"},{"floor":17,"key":"TungstenRod"}],"event_choices":[{"damage_healed":0.0,"max_hp_gain":0.0,"max_hp_loss":0.0,"gold_gain":0.0,"event_name":"Liars Game","player_choice":"Ignored","floor":2.0,"gold_loss":0.0,"damage_taken":0.0},{"cards_removed":["Violence"],"damage_healed":70.0,"max_hp_gain":10.0,"max_hp_loss":0.0,"gold_gain":0.0,"event_name":"Bonfire Elementals","player_choice":"Offered Rare","floor":14.0,"gold_loss":0.0,"damage_taken":0.0}],"is_beta":false,"boss_relics":[{"not_picked":["Pandora\u0027s Box","Philosopher\u0027s Stone"],"picked":"Calling Bell"}],"items_purged_floors":[4],"is_endless":false,"potions_floor_spawned":[1,3,7,13,16,18,19],"killed_by":"Shelled Parasite and Fungi","ascension_level":20}}