{"host":"szp1d6dso4pv7ddl","time":1609214798,"event":{"mods":["AchievementEnabler","Alarm Clock","BaseMod","Bestiary","Block Reminder","Colored Map","Colored Powertips","Curses Come First","Displayed Cursed Tome","Highlight Path","Minty Spire (QoL Compilation)","Permanent Neow","Quick Restart","Relic Sorter","Relic Stats","StSLib","Synergy Search"],"gold_per_floor":[99,99,99,99,99,99,99,99,99,99,99,99,99,99,99,99,99,99,54,54,54,54,54,54,54],"floor_reached":24,"playtime":1794,"items_purged":[],"score":378,"play_id":"2ad2e8c5-3f29-47a6-8ff1-3ee782b2b483","local_time":"20201228200638","is_ascension_mode":true,"campfire_choices":[{"floor":7,"key":"REST"},{"floor":12,"key":"REST"},{"floor":15,"key":"REST"},{"floor":23,"key":"REST"}],"circlet_count":0,"master_deck":["AscendersBane","Strike_G","Strike_G","Strike_G","Strike_G","Strike_G","Defend_G","Defend_G","Defend_G","Defend_G","Defend_G","Survivor","Neutralize","Sucker Punch","Flying Knee","Dagger Spray","Blade Dance","A Thousand Cuts","Blade Dance","Cloak And Dagger","Accuracy","Deflect"],"relics":["Ectoplasm","Unceasing Top","Thread and Needle","Peace Pipe","Anchor","CeramicFish","SlaversCollar","CultistMask"],"acts_visited":["Exordium","TheCity"],"potions_floor_usage":[8,10,16,16,19,22,24],"damage_taken":[{"damage":0,"enemies":"Cultist","floor":1,"turns":5},{"damage":0,"enemies":"Small Slimes","floor":2,"turns":4},{"damage":0,"enemies":"Jaw Worm","floor":4,"turns":4},{"damage":9,"enemies":"3 Louse","floor":5,"turns":4},{"damage":31,"enemies":"Lagavulin","floor":6,"turns":9},{"damage":21,"enemies":"3 Sentries","floor":8,"turns":6},{"damage":11,"enemies":"Lagavulin","floor":10,"turns":5},{"damage":0,"enemies":"Gremlin Gang","floor":11,"turns":2},{"damage":25,"enemies":"The Guardian","floor":16,"turns":14},{"damage":0,"enemies":"Shell Parasite","floor":18,"turns":5},{"damage":7,"enemies":"2 Thieves","floor":19,"turns":3},{"damage":16,"enemies":"Snecko","floor":22,"turns":5},{"damage":60,"enemies":"Gremlin Leader","floor":24,"turns":5}],"seed_played":"3448930102453890042","potions_obtained":[{"floor":1,"key":"GamblersBrew"},{"floor":5,"key":"LiquidBronze"},{"floor":8,"key":"Strength Potion"},{"floor":10,"key":"ColorlessPotion"},{"floor":18,"key":"AttackPotion"},{"floor":19,"key":"SkillPotion"},{"floor":22,"key":"SteroidPotion"}],"is_trial":false,"path_per_floor":["M","M","T","M","M","E","R","E","T","E","M","R","?","$","R","B",null,"M","M","?","$","M","R","E"],"character_chosen":"THE_SILENT","items_purchased":[],"campfire_rested":4,"item_purchase_floors":[],"current_hp_per_floor":[59,59,59,59,50,19,38,17,17,6,6,25,25,25,44,19,54,54,47,47,47,31,50,0,0],"gold":54,"neow_bonus":"BOSS_RELIC","is_daily":false,"chose_seed":false,"campfire_upgraded":0,"win_rate":0.0,"timestamp":1609214798,"path_taken":["M","?","?","?","M","E","R","E","T","E","M","R","?","$","R","BOSS","M","M","?","$","?","R","E"],"items_purchased_type":[],"build_version":"2020-12-22","purchased_purges":0,"victory":false,"max_hp_per_floor":[66,66,66,66,66,66,66,66,66,66,66,66,66,66,66,66,66,66,66,66,66,66,66,66,66],"relic_stats":{"Peace Pipe":0,"counters":[13,71],"CeramicFish":0,"Ectoplasm":434,"obtain_stats":[{"Peace Pipe":6,"SlaversCollar":17,"Anchor":8,"CeramicFish":9,"Thread and Needle":3,"Ectoplasm":0,"CultistMask":20,"Unceasing Top":10,"Ring of the Snake":0},{"Peace Pipe":5,"SlaversCollar":9,"Anchor":6,"CeramicFish":6,"Thread and Needle":2,"Ectoplasm":0,"CultistMask":11,"Unceasing Top":7,"Ring of the Snake":0},{"Peace Pipe":26,"SlaversCollar":53,"Anchor":32,"CeramicFish":32,"Thread and Needle":9,"Ectoplasm":0,"CultistMask":61,"Unceasing Top":37,"Ring of the Snake":0}],"Unceasing Top":[18]},"card_choices":[{"not_picked":["Noxious Fumes","Outmaneuver"],"picked":"Sucker Punch","floor":1},{"not_picked":["Riddle With Holes","Poisoned Stab"],"picked":"Flying Knee","floor":2},{"not_picked":["Prepared","Doppelganger"],"picked":"Dagger Spray","floor":4},{"not_picked":["Skewer","Expertise","Calculated Gamble"],"picked":"SKIP","floor":5},{"not_picked":["Escape Plan","Night Terror"],"picked":"Blade Dance","floor":6},{"not_picked":["Cloak And Dagger","Concentrate"],"picked":"A Thousand Cuts","floor":8},{"not_picked":["Quick Slash","Expertise"],"picked":"Blade Dance","floor":10},{"not_picked":["Choke","Tactician"],"picked":"Cloak And Dagger","floor":11},{"not_picked":["Footwork","Dagger Throw+1"],"picked":"Accuracy","floor":18},{"not_picked":["Deadly Poison","Dagger Throw"],"picked":"Deflect","floor":19},{"not_picked":["Calculated Gamble","Sucker Punch","Heel Hook"],"picked":"SKIP","floor":22}],"player_experience":1060835,"relics_obtained":[{"floor":3,"key":"Thread and Needle"},{"floor":6,"key":"Peace Pipe"},{"floor":8,"key":"Anchor"},{"floor":9,"key":"CeramicFish"},{"floor":10,"key":"Unceasing Top"}],"event_choices":[{"damage_healed":0,"gold_gain":0,"player_choice":"0 cards matched","damage_taken":0,"max_hp_gain":0,"max_hp_loss":0,"event_name":"Match and Keep!","floor":13,"gold_loss":0,"cards_obtained":[]},{"damage_healed":0,"gold_gain":0,"player_choice":"Trade","damage_taken":0,"relics_obtained":["CultistMask"],"max_hp_gain":0,"max_hp_loss":0,"event_name":"FaceTrader","floor":20,"gold_loss":0}],"is_beta":false,"boss_relics":[{"not_picked":["Busted Crown","Runic Dome"],"picked":"SlaversCollar"}],"items_purged_floors":[],"is_endless":false,"potions_floor_spawned":[1,5,8,10,18,19,22],"killed_by":"Gremlin Leader","ascension_level":15}}