{"host":"q9szs7qndgdlcq24","time":1609251310,"event":{"mods":["AchievementEnabler","BaseMod","Bestiary","Colored Powertips","Minty Spire (QoL Compilation)","StSLib"],"gold_per_floor":[111,125,145,145,161,161,172,172,248,275,86,96,111,124,124,219,219,231,40,54,70,169,169,187,187,187,187,187,46,62,62,62],"floor_reached":31,"playtime":4111,"items_purged":["Strike_G"],"score":241,"play_id":"90868991-4966-499e-85f3-094f5740d637","local_time":"20201229171510","is_ascension_mode":false,"campfire_choices":[{"data":"Caltrops","floor":6,"key":"SMITH"},{"floor":15,"key":"REST"},{"floor":23,"key":"REST"},{"data":"Noxious Fumes","floor":25,"key":"SMITH"}],"circlet_count":0,"master_deck":["Strike_G","Strike_G","Defend_G","Defend_G","Defend_G","Defend_G","Defend_G","Survivor","Neutralize","Caltrops+1","Poisoned Stab","Dagger Spray","Deadly Poison","Footwork","Noxious Fumes","Noxious Fumes+1","Backstab","Die Die Die","CurseOfTheBell","All Out Attack+1","Bouncing Flask","Deadly Poison","Caltrops","Blade Dance","Flying Knee","PiercingWail+1"],"relics":["Ring of the Snake","Pantograph","Ice Cream","Calling Bell","Bag of Preparation","Sundial","Tough Bandages","PreservedInsect","Bottled Flame"],"acts_visited":["Exordium","TheCity"],"potions_floor_usage":[16,16,16,31],"damage_taken":[{"damage":0,"enemies":"Jaw Worm","floor":1,"turns":3},{"damage":0,"enemies":"2 Louse","floor":2,"turns":3},{"damage":0,"enemies":"Small Slimes","floor":3,"turns":3},{"damage":1,"enemies":"2 Fungi Beasts","floor":5,"turns":4},{"damage":10,"enemies":"Looter","floor":7,"turns":3},{"damage":13,"enemies":"3 Sentries","floor":10,"turns":8},{"damage":0,"enemies":"3 Louse","floor":12,"turns":3},{"damage":9,"enemies":"2 Fungi Beasts","floor":13,"turns":4},{"damage":9,"enemies":"Large Slime","floor":14,"turns":5},{"damage":21,"enemies":"Slime Boss","floor":16,"turns":7},{"damage":35,"enemies":"Spheric Guardian","floor":18,"turns":6},{"damage":0,"enemies":"3 Byrds","floor":20,"turns":3},{"damage":9,"enemies":"Cultist and Chosen","floor":21,"turns":5},{"damage":24,"enemies":"Centurion and Healer","floor":24,"turns":6},{"damage":36,"enemies":"Snake Plant","floor":30,"turns":3},{"damage":32,"enemies":"Sentry and Sphere","floor":31,"turns":4}],"seed_played":"-3832939986591788723","potions_obtained":[{"floor":1,"key":"AttackPotion"},{"floor":5,"key":"Poison Potion"},{"floor":7,"key":"ColorlessPotion"},{"floor":16,"key":"Swift Potion"},{"floor":20,"key":"SteroidPotion"},{"floor":24,"key":"GhostInAJar"}],"is_trial":false,"path_per_floor":["M","M","M","?","M","R","M","?","T","E","$","M","M","M","R","B",null,"M","$","M","M","?","R","M","R","T","?","?","$","M","M"],"character_chosen":"THE_SILENT","items_purchased":["Noxious Fumes","Backstab","PreservedInsect","Bouncing Flask","Caltrops","Blade Dance","Flying Knee"],"campfire_rested":2,"item_purchase_floors":[11,11,19,19,29,29,29],"current_hp_per_floor":[77,77,77,82,81,81,71,64,64,51,51,51,42,33,57,61,82,47,47,47,38,38,62,38,38,38,65,65,65,29,0,0],"gold":62,"neow_bonus":"TEN_PERCENT_HP_BONUS","is_daily":false,"chose_seed":false,"campfire_upgraded":2,"win_rate":0.0,"timestamp":1609251310,"path_taken":["M","M","M","?","M","R","M","?","T","E","$","M","?","M","R","BOSS","M","$","M","M","?","R","M","R","T","?","?","?","M","M"],"items_purchased_type":["Card","Card","Relic","Card","Card","Card","Card"],"build_version":"2020-12-22","purchased_purges":1,"victory":false,"max_hp_per_floor":[77,77,77,82,82,82,82,82,82,82,82,82,82,82,82,82,82,82,82,82,82,82,82,82,82,82,82,82,82,82,82,82],"card_choices":[{"not_picked":["Tactician","Leg Sweep"],"picked":"Caltrops","floor":1},{"not_picked":["Terror","Calculated Gamble"],"picked":"Poisoned Stab","floor":2},{"not_picked":["PiercingWail","Underhanded Strike"],"picked":"Dagger Spray","floor":3},{"not_picked":["Quick Slash","Deflect"],"picked":"Deadly Poison","floor":5},{"not_picked":["Finisher","Dagger Throw"],"picked":"Footwork","floor":7},{"not_picked":["A Thousand Cuts","Dash"],"picked":"Noxious Fumes","floor":10},{"not_picked":["PiercingWail","Deflect","Flying Knee"],"picked":"SKIP","floor":12},{"not_picked":["Outmaneuver","Choke","Underhanded Strike"],"picked":"SKIP","floor":13},{"not_picked":["Underhanded Strike","Well Laid Plans","Dagger Throw"],"picked":"SKIP","floor":14},{"not_picked":["Adrenaline","Unload"],"picked":"Die Die Die","floor":16},{"not_picked":["Escape Plan","PiercingWail"],"picked":"All Out Attack+1","floor":18},{"not_picked":["Deflect","Expertise"],"picked":"Deadly Poison","floor":20},{"not_picked":["Tactician","Dodge and Roll+1","Outmaneuver"],"picked":"SKIP","floor":21},{"not_picked":["Skewer","Phantasmal Killer","Dagger Spray"],"picked":"SKIP","floor":24},{"not_picked":["Distraction","Calculated Gamble"],"picked":"PiercingWail+1","floor":30}],"player_experience":3928,"relics_obtained":[{"floor":9,"key":"Pantograph"},{"floor":10,"key":"Ice Cream"},{"floor":17,"key":"Bag of Preparation"},{"floor":17,"key":"Sundial"},{"floor":17,"key":"Tough Bandages"},{"floor":26,"key":"Bottled Flame"}],"event_choices":[{"damage_healed":0,"gold_gain":0,"player_choice":"Donut","damage_taken":0,"max_hp_gain":5,"max_hp_loss":0,"event_name":"Big Fish","floor":4,"gold_loss":0},{"cards_removed":["Strike_G"],"damage_healed":0,"gold_gain":0,"player_choice":"Card Removal","damage_taken":7,"max_hp_gain":0,"max_hp_loss":0,"event_name":"Golden Wing","floor":8,"gold_loss":0},{"damage_healed":0,"gold_gain":99,"player_choice":"Stole From Cult","damage_taken":0,"max_hp_gain":0,"max_hp_loss":0,"event_name":"Nest","floor":22,"gold_loss":0},{"damage_healed":27,"gold_gain":0,"player_choice":"Heal","damage_taken":0,"max_hp_gain":0,"max_hp_loss":0,"event_name":"The Library","floor":27,"gold_loss":0},{"cards_removed":["Strike_G"],"damage_healed":0,"gold_gain":0,"player_choice":"Elegance","damage_taken":0,"max_hp_gain":0,"max_hp_loss":0,"event_name":"Back to Basics","floor":28,"gold_loss":0}],"is_beta":false,"boss_relics":[{"not_picked":["Fusion Hammer","SacredBark"],"picked":"Calling Bell"}],"items_purged_floors":[11],"is_endless":false,"potions_floor_spawned":[1,5,7,16,20,24],"killed_by":"Sentry and Sphere","ascension_level":0}}