{"host":"UwU","time":1609247869,"event":{"mods":["AchievementEnabler","Act Like it!","BaseMod","Better Altar","Better Match","Better Note","Better Sensory Stone","Better Skull","Better Third Choice","BetterRewards","CCEM","Clawfect","Colored Map","Conspire","Downfall","GifTheSpireLib","Googly Eyes","Halation","Hermit","Highlight Path","Hubris","Hunter ??","Infinite Spire","Jedi Mod","Mimic Mod","Minty Spire (QoL Compilation)","Permanent Neow","Replay The Spire","Shop Mod","StSLib","Stuff the Spire","Unceasing Turn Reminder","everything is the same but u backflip on backflip","slay the spire mod where everything is the same but ironclad has a cowboy hat"],"gold_per_floor":[115,126,126,145,70,97,97,123,146,165,176,208,221,221,221,221,221],"floor_reached":16,"playtime":959,"items_purged":["Strike_R"],"score":122,"play_id":"9bb3bc58-954a-43d6-82d3-494a226e2a40","local_time":"20201229081749","is_ascension_mode":false,"campfire_choices":[{"floor":7,"key":"REST"},{"floor":15,"key":"REST"}],"circlet_count":0,"master_deck":["Strike_R","Strike_R","Strike_R","Strike_R","Defend_R","Defend_R","Defend_R","Defend_R","Bash+1","Replay:Undeath\u0027s Touch","Twin Strike","Bloodletting","Iron Wave","Metallicize","Flex","Defy Death","jedi:fear","Blood for Blood"],"relics":["Burning Blood","CCEMRelics:Barrel","ReplayFunnel","Centennial Puzzle","Omamori"],"acts_visited":["Exordium"],"potions_floor_usage":[6,13,16,16],"damage_taken":[{"damage":6,"enemies":"Cultist","floor":1,"turns":3},{"damage":1,"enemies":"Jaw Worm","floor":2,"turns":3},{"damage":5,"enemies":"2 Louse","floor":4,"turns":2},{"damage":42,"enemies":"Lagavulin","floor":6,"turns":7},{"damage":51,"enemies":"Gremlin Nob","floor":8,"turns":5},{"damage":0,"enemies":"Red Slaver","floor":10,"turns":4},{"damage":10,"enemies":"Blue Slaver","floor":11,"turns":5},{"damage":13,"enemies":"Replay:BlueRogue","floor":12,"turns":4},{"damage":6,"enemies":"Exordium Thugs","floor":13,"turns":5},{"damage":42,"enemies":"Hexaghost","floor":16,"turns":16}],"seed_played":"-4235541580843181997","potions_obtained":[{"floor":1,"key":"LifebloodPotion"},{"floor":10,"key":"GamblersBrew"},{"floor":11,"key":"Dexterity Potion"},{"floor":13,"key":"AttackPotion"}],"is_trial":false,"path_per_floor":["M","M","$","M","$","E","R","E","T","M","M","E","M","?","R","B"],"character_chosen":"IRONCLAD","items_purchased":[],"campfire_rested":2,"item_purchase_floors":[],"current_hp_per_floor":[80,80,80,80,80,44,68,23,23,29,25,18,18,18,42,0,0],"gold":221,"neow_bonus":"UPGRADE_CARD","is_daily":false,"chose_seed":false,"campfire_upgraded":0,"win_rate":0.0,"timestamp":1609247869,"path_taken":["M","M","?","M","$","E","R","E","T","M","M","E","?","?","R","BOSS"],"items_purchased_type":[],"build_version":"2020-11-17","purchased_purges":1,"victory":false,"max_hp_per_floor":[80,80,80,80,80,80,80,80,80,80,80,80,80,80,80,80,80],"card_choices":[{"not_picked":["Body Slam","StuffTheSpire:RockThrow"],"picked":"Replay:Undeath\u0027s Touch","floor":1},{"not_picked":["Perfected Strike","Blood for Blood"],"picked":"Twin Strike","floor":2},{"not_picked":["Sword Boomerang","StuffTheSpire:RockThrow"],"picked":"Bloodletting","floor":4},{"not_picked":["infinitespire:OneForAll","jedi:harder"],"picked":"Iron Wave","floor":6},{"not_picked":["Eclipse","Perfected Strike"],"picked":"Metallicize","floor":8},{"not_picked":["ReplayTheSpireMod:Stacked","Headbutt"],"picked":"Flex","floor":10},{"not_picked":["Searing Blow","StuffTheSpire:Slingshot"],"picked":"Defy Death","floor":11},{"not_picked":["Combust","Carnage"],"picked":"jedi:fear","floor":12},{"not_picked":["Entrench","Carnage"],"picked":"Blood for Blood","floor":13}],"player_experience":23303,"relics_obtained":[{"floor":6,"key":"CCEMRelics:Barrel"},{"floor":8,"key":"ReplayFunnel"},{"floor":9,"key":"Centennial Puzzle"},{"floor":12,"key":"Omamori"}],"event_choices":[{"cards_removed":["Defy Death"],"damage_healed":0,"gold_gain":0,"player_choice":"Give","damage_taken":0,"max_hp_gain":0,"max_hp_loss":0,"event_name":"betterNote:BetterNote","floor":14,"gold_loss":0,"cards_obtained":["None"]}],"is_beta":true,"boss_relics":[],"items_purged_floors":[5],"is_endless":false,"potions_floor_spawned":[1,10,11,13],"killed_by":"Hexaghost","ascension_level":0}}