{"host":"ab3ipg3fqe03b2ex","time":1609217612,"event":{"mods":["AchievementEnabler","BaseMod","Colored Powertips","Minty Spire (QoL Compilation)","MostiFishMod","Quick Restart","Shop Mod","StSLib","TestMod","Uncapped","【功能Mod】Neow奖励","【功能Mod】精心准备"],"gold_per_floor":[112,126,126,142,162,182,182,209,209,224,239,259,259,287,287,385,385,405,405,421,421,421,446,465,490,516,516,516,527,527,555,555,653,653,673,284,302,319,319,353,353,368,368,368,385,385,415,433,433,433],"floor_reached":51,"playtime":1012,"items_purged":["Defend_R"],"score":1181,"play_id":"3a089f7f-a3e7-404f-a5ee-bfcf74cebb57","local_time":"20201229125332","is_ascension_mode":false,"campfire_choices":[{"data":"Pummel","floor":7.0,"key":"SMITH"},{"data":"Sword Boomerang","floor":13.0,"key":"SMITH"},{"data":"Pummel","floor":15.0,"key":"SMITH"},{"data":"Defend_R","floor":27.0,"key":"PURGE"},{"data":"MostiFishMod:RacingGame","floor":30.0,"key":"SMITH"},{"data":"Heavy Blade","floor":32.0,"key":"SMITH"},{"data":"MostiFishMod:RacingGame","floor":41,"key":"SMITH"},{"data":"Defend_R","floor":44,"key":"PURGE"},{"data":"Bash","floor":46,"key":"SMITH"},{"data":"Bite","floor":49,"key":"PURGE"}],"circlet_count":0,"master_deck":["Bash+1","Sword Boomerang+1","Pummel+1","Pummel+1","MostiFishMod:RacingGame+1","Seeing Red+1","Heavy Blade+1","Bite","Bite","Bite","Bite","MostiFishMod:RacingGame+1"],"relics":["testmod-TestBox","OneHitWonderSystem","testmod-Faith","testmod-OneHitWonder","testmod-TimeTraveler","SynthV:TestCard","Oddly Smooth Stone","Vajra","PreservedInsect","SlaversCollar","Peace Pipe","Paper Frog","testmod-LifeArmor","Bag of Preparation","Molten Egg 2","Transparent","testmod-BlackFramedGlasses","SentryEyes","testmod-CasingShield","Shuriken"],"acts_visited":["Exordium","TheCity","TheBeyond"],"potions_floor_usage":[33,33],"damage_taken":[{"damage":0.0,"enemies":"Jaw Worm","floor":1.0,"turns":1.0},{"damage":0.0,"enemies":"Cultist","floor":2.0,"turns":1.0},{"damage":0.0,"enemies":"2 Louse","floor":4.0,"turns":1.0},{"damage":0.0,"enemies":"Exordium Wildlife","floor":5.0,"turns":2.0},{"damage":0.0,"enemies":"2 Fungi Beasts","floor":6.0,"turns":2.0},{"damage":0.0,"enemies":"Gremlin Nob","floor":8.0,"turns":1.0},{"damage":0.0,"enemies":"Looter","floor":10.0,"turns":1.0},{"damage":0.0,"enemies":"Large Slime","floor":11.0,"turns":1.0},{"damage":0.0,"enemies":"Blue Slaver","floor":12.0,"turns":1.0},{"damage":0.0,"enemies":"Lagavulin","floor":14.0,"turns":1.0},{"damage":0.0,"enemies":"Slime Boss","floor":16.0,"turns":2.0},{"damage":0.0,"enemies":"Chosen","floor":18.0,"turns":1.0},{"damage":0.0,"enemies":"Shell Parasite","floor":20.0,"turns":1.0},{"damage":0.0,"enemies":"Gremlin Leader","floor":23.0,"turns":1.0},{"damage":0.0,"enemies":"Snecko","floor":24.0,"turns":1.0},{"damage":0.0,"enemies":"Slavers","floor":25.0,"turns":1.0},{"damage":0.0,"enemies":"Centurion and Healer","floor":29.0,"turns":1.0},{"damage":0.0,"enemies":"Gremlin Leader","floor":31.0,"turns":1.0},{"damage":0,"enemies":"Collector","floor":33,"turns":3},{"damage":0,"enemies":"Orb Walker","floor":35,"turns":1},{"damage":0,"enemies":"3 Shapes","floor":37,"turns":1},{"damage":0,"enemies":"Sphere and 2 Shapes","floor":38,"turns":1},{"damage":0,"enemies":"Reptomancer","floor":40,"turns":1},{"damage":0,"enemies":"Transient","floor":42,"turns":1},{"damage":0,"enemies":"Writhing Mass","floor":45,"turns":1},{"damage":0,"enemies":"Nemesis","floor":47,"turns":1},{"damage":0,"enemies":"Sphere and 2 Shapes","floor":48,"turns":1},{"damage":0,"enemies":"Awakened One","floor":50,"turns":2}],"seed_played":"2206719305815972932","potions_obtained":[{"floor":2.0,"key":"PowerPotion"},{"floor":3.0,"key":"testmod-TestPotion"},{"floor":3.0,"key":"PowerPotion"},{"floor":8.0,"key":"testmod-TestPotion"},{"floor":16.0,"key":"SkillPotion"},{"floor":18.0,"key":"ColorlessPotion"},{"floor":35,"key":"LiquidBronze"},{"floor":37,"key":"SkillPotion"},{"floor":45,"key":"FearPotion"}],"is_trial":false,"path_per_floor":["M","M","?","M","M","M","R","E","T","M","M","M","R","E","R","B",null,"M","$","M","?","?","E","M","E","T","R","?","M","R","E","R","B",null,"M","$","M","M","?","E","R","M","T","R","M","R","E","M","R","B",null],"character_chosen":"IRONCLAD","items_purchased":["Peace Pipe","testmod-BlackFramedGlasses"],"campfire_rested":0,"item_purchase_floors":[19,36],"current_hp_per_floor":[1,1,1,1,1,1,1,1,1,1,1,1,1,1,1,1,1,1,1,1,1,1,1,1,1,1,1,6,1,1,1,1,1,1,1,1,1,1,1,1,1,1,1,1,1,1,1,1,1,1],"gold":433,"neow_bonus":"BOSS_RELIC","is_daily":false,"chose_seed":false,"campfire_upgraded":7,"win_rate":0.0,"timestamp":1609217612,"path_taken":["M","M","?","M","M","M","R","E","T","M","?","M","R","E","R","BOSS","M","$","M","?","?","E","M","E","T","R","?","M","R","E","R","BOSS","M","$","M","M","?","E","R","M","T","R","M","R","E","M","R","BOSS"],"items_purchased_type":["Relic","Relic"],"build_version":"2020-12-22","purchased_purges":1,"victory":true,"max_hp_per_floor":[1,1,1,1,1,1,1,1,1,1,1,1,1,1,1,1,1,1,1,1,1,1,1,1,1,1,1,6,1,1,1,1,1,1,1,1,1,1,1,1,1,1,1,1,1,1,1,1,1,1],"card_choices":[{"not_picked":["Clash","Rampage"],"picked":"Sword Boomerang","floor":1.0},{"not_picked":["Pommel Strike","Whirlwind","MostiFishMod:BrandingRite","Armaments"],"picked":"Pummel","floor":2.0},{"not_picked":["Heavy Blade","Second Wind","Blood for Blood","Body Slam","Pommel Strike"],"picked":"SKIP","floor":4.0},{"not_picked":["Sentinel","Flame Barrier","Entrench","Headbutt","True Grit"],"picked":"SKIP","floor":5.0},{"not_picked":["Clash","Sever Soul","Pommel Strike","Juggernaut","Anger"],"picked":"SKIP","floor":6.0},{"not_picked":["Combust","Warcry","Clash","Clothesline"],"picked":"Pummel","floor":8.0},{"not_picked":["Sentinel","Iron Wave","Thunderclap","Rupture","Carnage"],"picked":"SKIP","floor":10.0},{"not_picked":["True Grit","Rage","Anger","Body Slam","Clash"],"picked":"SKIP","floor":11.0},{"not_picked":["True Grit","MostiFishMod:Mania","Whirlwind","Flex","Anger"],"picked":"SKIP","floor":12.0},{"not_picked":["Armaments","Power Through","Exhume","Inflame","Rage"],"picked":"SKIP","floor":14.0},{"not_picked":["Bludgeon","MostiFishMod:TemporaryOutbreak","Immolate","MostiFishMod:RainCloud"],"picked":"MostiFishMod:RacingGame","floor":16.0},{"not_picked":["Flame Barrier","Flex","True Grit","Shrug It Off"],"picked":"Seeing Red+1","floor":18.0},{"not_picked":["Rage","Searing Blow","Sever Soul+1","Cleave+1"],"picked":"Heavy Blade","floor":20.0},{"not_picked":["MostiFishMod:BrandingRite","Clash","Rupture","Body Slam+1","Dual Wield"],"picked":"SKIP","floor":23.0},{"not_picked":["Iron Wave","Flex","Armaments","Anger","True Grit"],"picked":"SKIP","floor":24.0},{"not_picked":["Inflame","MostiFishMod:TemporaryOutbreak","Sword Boomerang+1","Dark Embrace","Twin Strike+1"],"picked":"SKIP","floor":25.0},{"not_picked":["Clothesline","Feed","Shockwave","Spot Weakness","Sword Boomerang"],"picked":"SKIP","floor":29.0},{"not_picked":["Offering","Metallicize","Warcry+1","Headbutt+1","MostiFishMod:PerfectStrikeMKII+1"],"picked":"SKIP","floor":31.0},{"not_picked":["Barricade","Fiend Fire+1","MostiFishMod:DarkDeal","MostiFishMod:UltimateDefense"],"picked":"MostiFishMod:RacingGame","floor":33},{"not_picked":["Twin Strike+1","Shockwave","Seeing Red+1","Rage+1","Iron Wave+1"],"picked":"SKIP","floor":35},{"not_picked":["True Grit+1","Heavy Blade+1","Wild Strike+1","MostiFishMod:OrdinaryWorld+1","MostiFishMod:#F4004"],"picked":"SKIP","floor":37},{"not_picked":["Cleave+1","Thunderclap+1","Body Slam+1","Clash+1","Twin Strike+1"],"picked":"SKIP","floor":38},{"not_picked":["Clothesline+1","Ghostly Armor+1","Feel No Pain","Thunderclap+1","Anger+1"],"picked":"SKIP","floor":40},{"not_picked":["Combust+1","Wild Strike+1","MostiFishMod:#F4004","Flex+1","Heavy Blade+1"],"picked":"SKIP","floor":42},{"not_picked":["Rage","Reckless Charge+1","Sword Boomerang+1","Clash+1","Flex"],"picked":"SKIP","floor":45},{"not_picked":["Double Tap","Battle Trance","Ghostly Armor","Evolve+1","Shrug It Off+1"],"picked":"SKIP","floor":47},{"not_picked":["Evolve","Iron Wave+1","Flex+1","Headbutt+1","Feel No Pain+1"],"picked":"SKIP","floor":48}],"player_experience":9189,"relics_obtained":[{"floor":1.0,"key":"SynthV:TestCard"},{"floor":8.0,"key":"Oddly Smooth Stone"},{"floor":9.0,"key":"Vajra"},{"floor":14.0,"key":"PreservedInsect"},{"floor":23.0,"key":"Paper Frog"},{"floor":25.0,"key":"testmod-LifeArmor"},{"floor":26.0,"key":"Bag of Preparation"},{"floor":31.0,"key":"Molten Egg 2"},{"floor":40,"key":"SentryEyes"},{"floor":43,"key":"testmod-CasingShield"},{"floor":47,"key":"Shuriken"}],"event_choices":[{"damage_healed":0.0,"max_hp_gain":0.0,"max_hp_loss":0.0,"gold_gain":0.0,"event_name":"Lab","player_choice":"Got Potions","floor":3.0,"gold_loss":0.0,"damage_taken":0.0},{"damage_healed":0.0,"max_hp_gain":0.0,"max_hp_loss":0.0,"gold_gain":0.0,"event_name":"Vampires","player_choice":"Became a vampire","floor":21.0,"gold_loss":0.0,"damage_taken":0.0,"cards_obtained":["Bite","Bite","Bite","Bite","Bite"]},{"cards_removed":["Defend_R"],"damage_healed":0.0,"max_hp_gain":0.0,"max_hp_loss":0.0,"gold_gain":0.0,"event_name":"Back to Basics","player_choice":"Elegance","floor":22.0,"gold_loss":0.0,"damage_taken":0.0},{"damage_healed":0.0,"max_hp_gain":5.0,"max_hp_loss":0.0,"gold_gain":0.0,"event_name":"Forgotten Altar","player_choice":"Shed Blood","floor":28.0,"gold_loss":0.0,"damage_taken":0.0},{"damage_healed":0,"gold_gain":0,"player_choice":"Memory 1","damage_taken":0,"max_hp_gain":0,"max_hp_loss":0,"event_name":"SensoryStone","floor":39,"gold_loss":0}],"is_beta":false,"boss_relics":[{"not_picked":["testmod-IncinerationGenerator","Coffee Dripper"],"picked":"SlaversCollar"},{"not_picked":["Black Star","testmod-Recursion"],"picked":"Transparent"}],"items_purged_floors":[36],"is_endless":false,"potions_floor_spawned":[2,8,11,12,16,18,20,24,35,37,45,47,48],"ascension_level":0}}