{"host":"pfy6u49v5s5r680p","time":1609215965,"event":{"mods":["BaseMod","Colored Map","DeckTracker","Highlight Path","Keyboard Shortcuts","Minty Spire (QoL Compilation)","Permanent Neow","Quick Restart","StSLib","SuperFastMode","everything is the same but u backflip on backflip"],"gold_per_floor":[114,39,50,10,23,23,56,56,56,56,72,0,0,13,13,143,143,162,62,80,80,94,109,109,123,197,197,197,197],"floor_reached":28,"playtime":2191,"items_purged":["Strike_R","Strike_R"],"score":319,"play_id":"c41e6e02-20ca-49f4-b725-3ed59ee6478f","local_time":"20201229132605","is_ascension_mode":true,"campfire_choices":[{"data":"Armaments","floor":6.0,"key":"SMITH"},{"data":"Limit Break","floor":8.0,"key":"SMITH"},{"data":"Carnage","floor":13.0,"key":"SMITH"},{"data":"Heavy Blade","floor":15.0,"key":"SMITH"},{"data":"Secret Technique","floor":24,"key":"SMITH"},{"data":"Dark Embrace","floor":27,"key":"SMITH"}],"circlet_count":0,"master_deck":["Strike_R","Strike_R","Strike_R","Defend_R","Defend_R","Defend_R","Defend_R","Bash","Secret Technique+1","Armaments+1","Second Wind","Carnage+1","Limit Break+1","Shrug It Off","Inflame","Heavy Blade+1","Double Tap","Flex","Pommel Strike","Ghostly","Ghostly","Ghostly","Ghostly","Ghostly","Dark Embrace+1","Battle Trance"],"relics":["Burning Blood","Meat on the Bone","Question Card","Golden Idol","Snecko Eye","Darkstone Periapt"],"acts_visited":["Exordium","TheCity"],"potions_floor_usage":[],"damage_taken":[{"damage":14.0,"enemies":"2 Louse","floor":1.0,"turns":3.0},{"damage":15.0,"enemies":"Small Slimes","floor":3.0,"turns":3.0},{"damage":6.0,"enemies":"Jaw Worm","floor":5.0,"turns":6.0},{"damage":34.0,"enemies":"3 Sentries","floor":7.0,"turns":8.0},{"damage":11.0,"enemies":"Large Slime","floor":11.0,"turns":9.0},{"damage":26.0,"enemies":"3 Louse","floor":14.0,"turns":4.0},{"damage":25.0,"enemies":"Hexaghost","floor":16.0,"turns":9.0},{"damage":19.0,"enemies":"Shell Parasite","floor":18.0,"turns":6.0},{"damage":23.0,"enemies":"2 Thieves","floor":20.0,"turns":3.0},{"damage":15.0,"enemies":"3 Cultists","floor":22.0,"turns":6.0},{"damage":10,"enemies":"Chosen and Byrds","floor":23,"turns":6},{"damage":18,"enemies":"Snake Plant","floor":25,"turns":5},{"damage":37,"enemies":"Gremlin Leader","floor":28,"turns":4}],"seed_played":"-4535997082019084896","potions_obtained":[{"floor":3.0,"key":"Regen Potion"},{"floor":11.0,"key":"BlessingOfTheForge"},{"floor":16.0,"key":"Strength Potion"},{"floor":20.0,"key":"BlessingOfTheForge"},{"floor":23,"key":"Energy Potion"},{"floor":25,"key":"Swift Potion"}],"is_trial":false,"path_per_floor":["M","$","M","$","M","R","E","R","T","?","M","$","R","M","R","B",null,"M","$","M","?","M","M","R","M","T","R","E"],"character_chosen":"IRONCLAD","items_purchased":["Second Wind","Inflame"],"campfire_rested":0,"item_purchase_floors":[4,12],"current_hp_per_floor":[64,64,55,55,55,55,42,42,42,42,49,49,49,41,41,34,67,54,54,49,33,24,32,32,32,32,32,0,0],"gold":197,"neow_bonus":"RANDOM_COLORLESS_2","is_daily":false,"chose_seed":false,"campfire_upgraded":6,"win_rate":0.0,"timestamp":1609215965,"path_taken":["M","$","M","$","M","R","E","R","T","?","M","$","R","M","R","BOSS","M","$","M","?","M","M","R","M","T","R","E"],"items_purchased_type":["Card","Card"],"build_version":"2020-12-22","purchased_purges":2,"victory":false,"max_hp_per_floor":[72,72,72,72,72,72,72,72,72,67,67,67,67,67,67,67,67,67,67,67,33,33,33,33,33,33,33,33,33],"card_choices":[{"not_picked":["Thinking Ahead","Metamorphosis"],"picked":"Secret Technique","floor":0.0},{"not_picked":["Warcry","Cleave","Rupture"],"picked":"SKIP","floor":1.0},{"not_picked":["Cleave","Fire Breathing"],"picked":"Armaments","floor":3.0},{"not_picked":["Perfected Strike","Shrug It Off"],"picked":"Carnage","floor":5.0},{"not_picked":["Clash","Seeing Red"],"picked":"Limit Break","floor":7.0},{"not_picked":["Perfected Strike","Body Slam","Infernal Blade"],"picked":"Shrug It Off","floor":11.0},{"not_picked":["Sever Soul","Pommel Strike","Rampage"],"picked":"Heavy Blade","floor":14.0},{"not_picked":["Offering","Juggernaut","Immolate"],"picked":"Double Tap","floor":16.0},{"not_picked":["Ghostly Armor","Clash","Burning Pact+1"],"picked":"Flex","floor":18.0},{"not_picked":["Havoc+1","Twin Strike","Cleave+1"],"picked":"Pommel Strike","floor":20.0},{"not_picked":["Clothesline","Hemokinesis+1","Intimidate"],"picked":"Dark Embrace","floor":22.0},{"not_picked":["Shrug It Off","Anger+1","Dark Embrace","Cleave"],"picked":"SKIP","floor":23},{"not_picked":["Shrug It Off","Anger+1","Dark Embrace","Cleave"],"picked":"SKIP","floor":23},{"not_picked":["Anger+1","Havoc+1","Wild Strike+1"],"picked":"Battle Trance","floor":25}],"player_experience":46498,"relics_obtained":[{"floor":7.0,"key":"Meat on the Bone"},{"floor":9.0,"key":"Question Card"},{"floor":26,"key":"Darkstone Periapt"}],"event_choices":[{"damage_healed":0.0,"max_hp_gain":0.0,"max_hp_loss":5.0,"gold_gain":0.0,"event_name":"Golden Idol","player_choice":"Lose Max HP","floor":10.0,"gold_loss":0.0,"damage_taken":0.0,"relics_obtained":["Golden Idol"]},{"damage_healed":0.0,"max_hp_gain":0.0,"max_hp_loss":34.0,"gold_gain":0.0,"event_name":"Ghosts","player_choice":"Became a Ghost","floor":21.0,"gold_loss":0.0,"damage_taken":0.0,"cards_obtained":["Ghostly","Ghostly","Ghostly","Ghostly","Ghostly"]}],"is_beta":false,"boss_relics":[{"not_picked":["SacredBark","Philosopher\u0027s Stone"],"picked":"Snecko Eye"}],"items_purged_floors":[2,19],"is_endless":false,"potions_floor_spawned":[3,11,16,20,23,25],"killed_by":"Gremlin Leader","ascension_level":4}}