{"host":"gj3450u0c4def4mj","time":1609238609,"event":{"mods":["2.2 Compatiblity","Act Like it!","BaseMod","Gensokyo","Koishi","Minty Spire (QoL Compilation)","Permanent Neow","StSLib"],"gold_per_floor":[114,114,28,28,28,58,58,90,160,175,175,194,96,125,125,221,221,241,257,269,123,133,133,159,159,159,178,188,222,5,5,5,108,108,119,134,10,10,29,29,59,59,105,105,116,133,133,165,165,165],"floor_reached":51,"playtime":3329,"items_purged":["Clumsy","Koishi:BasicStrike","Injury"],"score":965,"play_id":"e0168170-c3d2-4677-9a2a-f5bfa6eb5ee4","local_time":"20201229054329","is_ascension_mode":true,"campfire_choices":[{"data":"Koishi:VengefulSpirit","floor":7.0,"key":"SMITH"},{"floor":11.0,"key":"REST"},{"data":"Koishi:PerfectMindControl","floor":15.0,"key":"SMITH"},{"data":"Koishi:Untouchable","floor":23.0,"key":"SMITH"},{"data":"Koishi:Heartbroken","floor":32.0,"key":"SMITH"},{"floor":40,"key":"REST"},{"floor":42,"key":"REST"},{"floor":47,"key":"REST"},{"floor":49,"key":"REST"}],"circlet_count":0,"master_deck":["Koishi:BasicStrike","Koishi:BasicStrike","Koishi:BasicStrike","Koishi:BasicDefend","Koishi:BasicDefend","Koishi:BasicDefend","Koishi:BasicDefend","Koishi:Provoke","Koishi:HauntingSlash","Koishi:GrowingPain","Koishi:VengefulSpirit+1","Koishi:SpiritedAway","Koishi:BloodcurdlingScream","Koishi:FleetingPhantom","Koishi:SilentAndRestless","Koishi:Untouchable+1","Koishi:PhantomBarrier","Koishi:PerfectMindControl+1","Koishi:ConfinedInnocent","Koishi:PredatoryInstincts+1","Koishi:StrangeCloudFist+1","Koishi:JumpScare","Koishi:RacingHeart+1","Koishi:PhantomStrike+1","Koishi:Untouchable","Gensokyo:AllTheWorldsEvil","Koishi:Heartbroken+1","Koishi:EmbersOfLove+1","Apotheosis+1","Koishi:Whimsy+1","Dash","Koishi:MindStellarRelief+1","Koishi:StingingMind","Koishi:JumpScare+1","Koishi:PhantomBarrier+1","Koishi:RacingHeart","Koishi:FleetingPhantom+1","Decay","Decay","Koishi:JumpScare+1","Koishi:Untouchable"],"relics":["Koishi:ImaginaryFriend","Gensokyo:NagashiBinaDoll","Smiling Mask","Boot","Shuriken","Ginger","Cursed Key","Toxic Egg 2","Toy Ornithopter","Bag of Marbles","Koishi:BloodstainedWhiteRose","Fusion Hammer","Gensokyo:DualWield","Nunchaku","Whetstone","StrikeDummy","Thread and Needle"],"acts_visited":["Gensokyo:Gensokyo","Gensokyo:Gensokyoer","Gensokyo:Gensokyoest"],"potions_floor_usage":[46],"damage_taken":[{"damage":0.0,"enemies":"Gensokyo:3_Fairies","floor":1.0,"turns":3.0},{"damage":15.0,"enemies":"Gensokyo:Mamizou","floor":6.0,"turns":9.0},{"damage":20.0,"enemies":"Gensokyo:Cirno","floor":8.0,"turns":5.0},{"damage":0.0,"enemies":"Gensokyo:Python","floor":10.0,"turns":3.0},{"damage":0.0,"enemies":"Gensokyo:2_Kodama","floor":12.0,"turns":2.0},{"damage":0.0,"enemies":"Gensokyo:Mamizou","floor":14.0,"turns":7.0},{"damage":35.0,"enemies":"Gensokyo:Yukari","floor":16.0,"turns":19.0},{"damage":1.0,"enemies":"Gensokyo:2_Gloops","floor":18.0,"turns":4.0},{"damage":22.0,"enemies":"Gensokyo:3_Dogs","floor":19.0,"turns":5.0},{"damage":0.0,"enemies":"Gensokyo:3_Gloops","floor":20.0,"turns":5.0},{"damage":35.0,"enemies":"Gensokyo:Monolith_and_Dog","floor":22.0,"turns":4.0},{"damage":22.0,"enemies":"Gensokyo:Tenshi","floor":24.0,"turns":4.0},{"damage":4.0,"enemies":"Gensokyo:Chomper_and_Gloop","floor":27.0,"turns":5.0},{"damage":21.0,"enemies":"Gensokyo:Slime_Group","floor":28.0,"turns":4.0},{"damage":9.0,"enemies":"Gensokyo:Reisen","floor":29.0,"turns":3.0},{"damage":0.0,"enemies":"Gensokyo:Eternal_Rivals","floor":33.0,"turns":8.0},{"damage":0,"enemies":"Gensokyo:3_Bats","floor":35,"turns":3},{"damage":12,"enemies":"Gensokyo:AncientGuardian","floor":36,"turns":4},{"damage":0,"enemies":"Gensokyo:SeedOfUnknown","floor":39,"turns":5},{"damage":34,"enemies":"Gensokyo:Kasen","floor":41,"turns":5},{"damage":12,"enemies":"Gensokyo:Rafflesia","floor":45,"turns":5},{"damage":0,"enemies":"Gensokyo:3_Boulders","floor":46,"turns":2},{"damage":12,"enemies":"Gensokyo:Marisa","floor":48,"turns":5},{"damage":6,"enemies":"Gensokyo:Shinki","floor":50,"turns":10}],"seed_played":"2347721493204984362","potions_obtained":[{"floor":1.0,"key":"SneckoOil"},{"floor":8.0,"key":"Fire Potion"},{"floor":12.0,"key":"Fruit Juice"},{"floor":14.0,"key":"SteroidPotion"},{"floor":35,"key":"SteroidPotion"},{"floor":39,"key":"Energy Potion"},{"floor":46,"key":"Explosive Potion"}],"is_trial":false,"path_per_floor":["M","?","$","COS","?","E","R","E","T","M","R","M","$","E","R","B",null,"M","M","M","$","M","R","E","T","T","M","M","E","$","?","R","B",null,"M","M","$","?","M","R","E","R","T","T","M","M","R","E","R","B",null],"character_chosen":"KOISHI","items_purchased":["Koishi:VengefulSpirit","Koishi:SpiritedAway","Koishi:PhantomBarrier","Koishi:RacingHeart","Koishi:PhantomStrike","Apotheosis+1","Koishi:Whimsy+1","Koishi:PhantomBarrier+1","Koishi:RacingHeart"],"campfire_rested":5,"item_purchase_floors":[3,3,13,21,21,30,30,37,37],"current_hp_per_floor":[60,60,60,60,60,48,48,29,29,30,48,48,48,50,50,18,60,60,57,60,60,41,41,30,30,30,41,25,44,44,44,44,60,60,60,56,56,56,60,60,50,60,60,60,60,60,60,60,60,60],"gold":165,"neow_bonus":"ONE_RANDOM_RARE_CARD","is_daily":false,"chose_seed":false,"campfire_upgraded":4,"win_rate":0.0,"timestamp":1609238609,"path_taken":["M","?","?","COS","?","E","R","E","T","M","R","M","$","E","R","BOSS","M","M","M","$","?","R","E","?","T","?","M","E","$","?","R","BOSS","M","?","$","?","M","R","E","R","T","?","M","M","R","E","R","BOSS"],"items_purchased_type":["Card","Card","Card","Card","Card","Card","Card","Card","Card"],"build_version":"2020-12-22","purchased_purges":3,"victory":true,"max_hp_per_floor":[60,60,60,60,60,60,60,60,60,60,60,60,60,60,60,60,60,60,60,60,60,60,60,60,60,60,60,60,60,60,60,60,60,60,60,60,60,60,60,60,60,60,60,60,60,60,60,60,60,60],"card_choices":[{"not_picked":["Koishi:GhostParty","Koishi:FourthEye","Koishi:ApparitionsStalkTheNight"],"picked":"SKIP","floor":1.0},{"not_picked":["Koishi:HeartfeltFancy","Koishi:Possession"],"picked":"Koishi:BloodcurdlingScream","floor":6.0},{"not_picked":["Koishi:TerrifyingSpectre","Koishi:UnconsciousUprising"],"picked":"Koishi:FleetingPhantom","floor":8.0},{"not_picked":["Koishi:JumpScare","Koishi:SubterraneanRose"],"picked":"Koishi:SilentAndRestless","floor":10.0},{"not_picked":["Koishi:DanmakuParanoia","Koishi:TremblingHands"],"picked":"Koishi:Untouchable","floor":12.0},{"not_picked":["Koishi:SubterraneanRose","Koishi:Catatonia"],"picked":"Koishi:PerfectMindControl","floor":14.0},{"not_picked":["Koishi:Ego","Koishi:RoseHell"],"picked":"Koishi:ConfinedInnocent","floor":16.0},{"not_picked":["Koishi:EmbryosDream","Koishi:Untouchable+1"],"picked":"Koishi:PredatoryInstincts+1","floor":18.0},{"not_picked":["Koishi:SubconsciousSweep","Koishi:DreadfulBlow+1"],"picked":"Koishi:StrangeCloudFist+1","floor":19.0},{"not_picked":["Koishi:ReflexRadar+1","Koishi:FleetingPhantom+1"],"picked":"Koishi:JumpScare","floor":20.0},{"not_picked":["Koishi:MindNumbingTerror+1","Koishi:CatchAndRose"],"picked":"Koishi:Untouchable","floor":22.0},{"not_picked":["Koishi:StrangeCloudFist","Koishi:Jaunt+1","Koishi:FourthEye+1"],"picked":"SKIP","floor":24.0},{"not_picked":["Koishi:StingingMind","Koishi:PhantomBarrier+1"],"picked":"Koishi:Heartbroken","floor":27.0},{"not_picked":["Koishi:Vanish+1","Koishi:VengefulSpirit"],"picked":"Koishi:EmbersOfLove+1","floor":28.0},{"not_picked":["Koishi:Catatonia","Koishi:ReflexRadar+1","Koishi:PerfectMindControl+1"],"picked":"SKIP","floor":29.0},{"not_picked":["Koishi:PerfectMindControl+1","Koishi:MentalBreakdown"],"picked":"Koishi:MindStellarRelief+1","floor":33.0},{"not_picked":["Koishi:FidgetySnatcher","Koishi:CatchAndRose+1"],"picked":"Koishi:StingingMind","floor":35},{"not_picked":["Koishi:Whimsy+1","Koishi:RorschachInDanmaku+1"],"picked":"Koishi:JumpScare+1","floor":36},{"not_picked":["Koishi:PhantomStrike","Koishi:UnansweredLove+1","Koishi:EmbersOfLove+1"],"picked":"SKIP","floor":39},{"not_picked":["Koishi:Jaunt+1","Koishi:FreudianInstinct+1"],"picked":"Koishi:FleetingPhantom+1","floor":41},{"not_picked":["Koishi:EmbryosDream+1","Koishi:SpiritedAway"],"picked":"Koishi:JumpScare+1","floor":45},{"not_picked":["Koishi:DanmakuParanoia+1","Koishi:StingingMind"],"picked":"Koishi:Untouchable","floor":46},{"not_picked":["Koishi:Jaunt+1","Koishi:ApparitionsStalkTheNight+1","Koishi:PhantomStrike"],"picked":"SKIP","floor":48},{"not_picked":["Koishi:Jaunt+1","Koishi:ApparitionsStalkTheNight+1","Koishi:PhantomStrike"],"picked":"SKIP","floor":48}],"player_experience":67304,"relics_obtained":[{"floor":6.0,"key":"Smiling Mask"},{"floor":8.0,"key":"Boot"},{"floor":9.0,"key":"Shuriken"},{"floor":14.0,"key":"Ginger"},{"floor":24.0,"key":"Toxic Egg 2"},{"floor":25.0,"key":"Toy Ornithopter"},{"floor":26.0,"key":"Bag of Marbles"},{"floor":29.0,"key":"Koishi:BloodstainedWhiteRose"},{"floor":41,"key":"Nunchaku"},{"floor":43,"key":"Whetstone"},{"floor":44,"key":"StrikeDummy"},{"floor":48,"key":"Thread and Needle"}],"event_choices":[],"is_beta":false,"boss_relics":[{"not_picked":["Runic Dome","SacredBark"],"picked":"Cursed Key"},{"not_picked":["Empty Cage","Pandora\u0027s Box"],"picked":"Fusion Hammer"}],"items_purged_floors":[13,21,37],"is_endless":false,"potions_floor_spawned":[1,8,12,14,18,22,27,35,36,39,46],"ascension_level":3}}