{"host":"7hpq7e8rzvzbnf1s","time":1609223544,"event":{"mods":["Arknights The Spire","BaseMod","Minty Spire (QoL Compilation)","Quick Restart","StSLib","Waifu the Spire"],"gold_per_floor":[114,189,139,139,139,139,171,186,186,186,35,35,58,58,58,177,177,192,192,192,192],"floor_reached":20,"playtime":632,"items_purged":[],"score":193,"play_id":"d71b1937-ae1d-49c0-b16b-b5cf96e35d4c","local_time":"20201229143224","is_ascension_mode":false,"campfire_choices":[{"data":"ats:Emotion Absorption","floor":6,"key":"SMITH"},{"floor":12,"key":"RECALL"},{"data":"ats:Flexible Camouflage","floor":15,"key":"SMITH"}],"circlet_count":0,"master_deck":["ats:Strike C","ats:Strike G","ats:Strike V+1","ats:Armor Crushing Shot+1","ats:Defend","ats:Defend","ats:Defend","ats:Emotion Absorption+1","ats:Curse Doll","ats:Sunburst","ats:Wolf Pack","ats:Flexible Camouflage+1","ats:Dogmatic Field","ats:Hammer On","ats:Dogmatic Field"],"relics":["ats:Sanity","NeowsBlessing","ats:Originium","Potion Belt","Sundial","Golden Idol","ats:Snipe","ats:Omniscience"],"acts_visited":["Exordium","TheCity"],"potions_floor_usage":[16],"damage_taken":[{"damage":0,"enemies":"Cultist","floor":1,"turns":1},{"damage":0,"enemies":"Lagavulin","floor":7,"turns":1},{"damage":0,"enemies":"2 Louse","floor":8,"turns":1},{"damage":3,"enemies":"Small Slimes","floor":13,"turns":3},{"damage":31,"enemies":"Hexaghost","floor":16,"turns":12},{"damage":35,"enemies":"Shell Parasite","floor":18,"turns":7},{"damage":65,"enemies":"3 Byrds","floor":20,"turns":7}],"seed_played":"-2114605880715460327","potions_obtained":[{"floor":1,"key":"PowerPotion"},{"floor":16,"key":"ColorlessPotion"}],"is_trial":false,"path_per_floor":["M","?","?","?","?","R","E","M","T","?","$","R","M","?","R","B",null,"M","?","M"],"character_chosen":"DOCTOR_CLASS","items_purchased":["ats:Snipe"],"campfire_rested":0,"item_purchase_floors":[11],"current_hp_per_floor":[72,61,61,47,52,52,52,52,52,33,33,33,30,30,30,4,77,52,52,0,0],"gold":192,"neow_bonus":"THREE_ENEMY_KILL","is_daily":false,"chose_seed":false,"campfire_upgraded":2,"win_rate":0.0,"timestamp":1609223544,"path_taken":["M","?","?","?","?","R","E","?","T","?","?","R","M","?","R","BOSS","M","?","M"],"items_purchased_type":["Relic"],"build_version":"2020-12-22","purchased_purges":0,"victory":false,"max_hp_per_floor":[72,72,72,72,77,77,77,77,77,77,77,77,77,77,77,77,77,77,77,77,77],"card_choices":[{"not_picked":["ats:Guardian Obelisk","ats:Sword Rain"],"picked":"ats:Curse Doll","floor":1},{"not_picked":["ats:Poison Spread","ats:Red Shift"],"picked":"ats:Sunburst","floor":7},{"not_picked":["ats:Spore Proliferation","ats:Consecutive Shot Auto"],"picked":"ats:Wolf Pack","floor":8},{"not_picked":["ats:Cat Scratch","ats:Ignite"],"picked":"ats:Flexible Camouflage","floor":13},{"not_picked":["ats:Calcification","ats:Soul Rend"],"picked":"ats:Dogmatic Field","floor":16},{"not_picked":["ats:Demon Strength+1","ats:Poison Spread+1"],"picked":"ats:Hammer On","floor":18}],"player_experience":181975,"relics_obtained":[{"floor":7,"key":"ats:Originium"},{"floor":7,"key":"Potion Belt"},{"floor":9,"key":"Sundial"}],"event_choices":[{"damage_healed":0,"gold_gain":75,"player_choice":"Gather Gold","damage_taken":11,"max_hp_gain":0,"max_hp_loss":0,"event_name":"World of Goop","floor":2,"gold_loss":0},{"cards_removed":["ats:Strike S"],"damage_healed":0,"gold_gain":0,"player_choice":"Card Removal","damage_taken":0,"max_hp_gain":0,"max_hp_loss":0,"event_name":"The Cleric","floor":3,"gold_loss":50},{"damage_healed":0,"gold_gain":0,"player_choice":"Entered Light","damage_taken":14,"max_hp_gain":0,"max_hp_loss":0,"event_name":"Shining Light","floor":4,"gold_loss":0,"cards_upgraded":["ats:Strike V","ats:Armor Crushing Shot"]},{"damage_healed":0,"gold_gain":0,"player_choice":"Donut","damage_taken":0,"max_hp_gain":5,"max_hp_loss":0,"event_name":"Big Fish","floor":5,"gold_loss":0},{"damage_healed":0,"gold_gain":0,"player_choice":"Take Damage","damage_taken":19,"relics_obtained":["Golden Idol"],"max_hp_gain":0,"max_hp_loss":0,"event_name":"Golden Idol","floor":10,"gold_loss":0},{"damage_healed":0,"gold_gain":0,"player_choice":"Ignored","damage_taken":0,"max_hp_gain":0,"max_hp_loss":0,"event_name":"Liars Game","floor":14,"gold_loss":0},{"damage_healed":0,"gold_gain":0,"cards_transformed":["ats:Defend"],"player_choice":"Transformed","damage_taken":0,"max_hp_gain":0,"max_hp_loss":0,"event_name":"Transmorgrifier","floor":19,"gold_loss":0,"cards_obtained":["ats:Dogmatic Field"]}],"is_beta":false,"boss_relics":[{"not_picked":["Black Star","Velvet Choker"],"picked":"ats:Omniscience"}],"items_purged_floors":[],"is_endless":false,"potions_floor_spawned":[1,7,16],"killed_by":"3 Byrds","ascension_level":0}}