{"host":"sc0o2qwpf9j16a4i","time":1609268917,"event":{"mods":["AchievementEnabler","BaseMod","BetterRewards","Block Reminder","Colored Map","Colored Powertips","Custom Start","Highlight Path","Minty Spire (QoL Compilation)","Relic Stats"],"gold_per_floor":[113,126,139,139,8,8,42,54,54,67,67,97,122,122,122,200,200,216,234,8,27,27,27,27,27],"floor_reached":24,"playtime":537,"items_purged":[],"score":486,"play_id":"ef3a30d3-f3b2-4b96-95ac-676c185db4c5","local_time":"20201229210837","is_ascension_mode":true,"campfire_choices":[{"floor":6,"key":"REST"},{"data":"MentalFortress","floor":11,"key":"SMITH"},{"floor":15,"key":"REST"},{"floor":23,"key":"REST"}],"circlet_count":0,"master_deck":["AscendersBane","Strike_P","Strike_P","Strike_P","Strike_P","Defend_P+1","Defend_P","Defend_P","Defend_P","Eruption","Vigilance","Conclude","Crescendo","MentalFortress+1","Adaptation","InnerPeace","FlyingSleeves","Protect+1","CarveReality","SpiritShield","Establishment","LikeWater","FlurryOfBlows+1"],"relics":["VioletLotus","Pear","Pantograph","Dream Catcher","Philosopher\u0027s Stone","War Paint"],"acts_visited":["Exordium","TheCity"],"potions_floor_usage":[13,16,21,21],"damage_taken":[{"damage":8,"enemies":"Small Slimes","floor":1,"turns":6},{"damage":0,"enemies":"Cultist","floor":2,"turns":3},{"damage":7,"enemies":"Jaw Worm","floor":3,"turns":2},{"damage":3,"enemies":"Lagavulin","floor":7,"turns":5},{"damage":16,"enemies":"3 Louse","floor":8,"turns":4},{"damage":1,"enemies":"Looter","floor":10,"turns":3},{"damage":16,"enemies":"3 Sentries","floor":13,"turns":4},{"damage":0,"enemies":"Slime Boss","floor":16,"turns":6},{"damage":50,"enemies":"2 Thieves","floor":18,"turns":4},{"damage":11,"enemies":"Chosen","floor":19,"turns":5},{"damage":10,"enemies":"Snake Plant","floor":21,"turns":3},{"damage":32,"enemies":"Book of Stabbing","floor":24,"turns":3}],"seed_played":"-5827461522423040570","potions_obtained":[{"floor":1,"key":"PowerPotion"},{"floor":8,"key":"BlessingOfTheForge"},{"floor":19,"key":"SteroidPotion"}],"is_trial":false,"path_per_floor":["M","M","M","?","$","R","E","M","T","M","R","?","E","?","R","B",null,"M","M","$","M","$","R","E"],"character_chosen":"WATCHER","items_purchased":["Adaptation","InnerPeace","War Paint","BlessingOfTheForge"],"campfire_rested":3,"item_purchase_floors":[5,5,20,20],"current_hp_per_floor":[53,53,46,36,36,56,63,47,47,46,46,46,30,4,27,52,72,22,11,11,1,1,24,0,0],"gold":27,"neow_bonus":"BOSS_RELIC","is_daily":false,"chose_seed":false,"campfire_upgraded":1,"win_rate":0.0,"timestamp":1609268917,"path_taken":["M","M","M","?","$","R","E","M","T","?","R","?","E","?","R","BOSS","M","M","$","M","$","R","E"],"items_purchased_type":["Card","Card","Relic","Potion"],"build_version":"2020-12-22","purchased_purges":0,"victory":false,"max_hp_per_floor":[68,68,68,68,68,68,78,78,78,78,78,78,78,78,78,78,78,78,78,78,78,78,78,78,78],"relic_stats":{"Dream Catcher":2,"counters":[12,48],"Pantograph":25,"VioletLotus":[11],"War Paint":["Protect","Defend_P"],"obtain_stats":[{"Dream Catcher":13,"Pear":7,"Pantograph":9,"Philosopher\u0027s Stone":17,"VioletLotus":0,"PureWater":0,"War Paint":20},{"Dream Catcher":7,"Pear":4,"Pantograph":5,"Philosopher\u0027s Stone":8,"VioletLotus":0,"PureWater":0,"War Paint":10},{"Dream Catcher":27,"Pear":16,"Pantograph":20,"Philosopher\u0027s Stone":33,"VioletLotus":0,"PureWater":0,"War Paint":42}]},"card_choices":[{"not_picked":["InnerPeace","Protect"],"picked":"Conclude","floor":1},{"not_picked":["ThirdEye","Wireheading"],"picked":"Crescendo","floor":2},{"not_picked":["Evaluate","CutThroughFate"],"picked":"MentalFortress","floor":3},{"not_picked":["Consecrate","Conclude"],"picked":"FlyingSleeves","floor":7},{"not_picked":["CrushJoints","Crescendo"],"picked":"Protect","floor":8},{"not_picked":["CutThroughFate","Perseverance"],"picked":"CarveReality","floor":10},{"not_picked":["Study","Prostrate"],"picked":"SpiritShield","floor":13},{"not_picked":["DevaForm","SpiritShield"],"picked":"Establishment","floor":16},{"not_picked":["Tantrum","WindmillStrike"],"picked":"LikeWater","floor":18},{"not_picked":["Prostrate","Nirvana"],"picked":"FlurryOfBlows+1","floor":19},{"not_picked":["CarveReality","Vengeance+1","Prostrate"],"picked":"SKIP","floor":21}],"player_experience":409540,"relics_obtained":[{"floor":7,"key":"Pear"},{"floor":9,"key":"Pantograph"},{"floor":13,"key":"Dream Catcher"}],"event_choices":[{"damage_healed":0,"gold_gain":0,"player_choice":"Damaged","damage_taken":10,"max_hp_gain":0,"max_hp_loss":0,"event_name":"Wheel of Change","floor":4,"gold_loss":0},{"damage_healed":0,"gold_gain":30,"player_choice":"Searched \u00271\u0027 times","damage_taken":0,"max_hp_gain":0,"max_hp_loss":0,"event_name":"Dead Adventurer","floor":12,"gold_loss":0},{"damage_healed":0,"gold_gain":0,"player_choice":"Fled","damage_taken":26,"max_hp_gain":0,"max_hp_loss":0,"event_name":"Scrap Ooze","floor":14,"gold_loss":0}],"is_beta":false,"boss_relics":[{"not_picked":["Fusion Hammer","Black Star"],"picked":"Philosopher\u0027s Stone"}],"items_purged_floors":[],"is_endless":false,"potions_floor_spawned":[1,8,10,19],"killed_by":"Book of Stabbing","ascension_level":18}}