{"host":"78zdngn0u28jm0pp","time":1609218653,"event":{"mods":["BaseMod","Jorbs\u0027s Wanderer Trilogy","Minty Spire (QoL Compilation)","Permanent Neow","Quick Restart","Relic Stats","StSLib","Unceasing Turn Reminder"],"gold_per_floor":[114,133,133,133,152,187,206,206,206,56,56,56,4,34,34,109,109,124,399,141,66,66,79,79,79],"floor_reached":24,"playtime":851,"items_purged":["Strike_G","Regret"],"score":433,"play_id":"310ce050-0ff5-42e2-be6a-68240c4c6631","local_time":"20201228221053","is_ascension_mode":true,"campfire_choices":[{"floor":8,"key":"REST"},{"data":"Cloak And Dagger","floor":15,"key":"SMITH"}],"circlet_count":0,"master_deck":["AscendersBane","Strike_G","Strike_G","Defend_G","Defend_G","Defend_G","Defend_G","Defend_G","Survivor","Neutralize+1","Footwork","Dagger Throw","Noxious Fumes","Blur","Cloak And Dagger+1","Tactician","Noxious Fumes","Dagger Throw","Blur","Corpse Explosion","Backflip","Malaise","Slice"],"relics":["Black Star","Juzu Bracelet","Pear","Orichalcum","Blue Candle","Mango","Cursed Key"],"acts_visited":["Exordium","TheCity"],"potions_floor_usage":[12,23,24],"damage_taken":[{"damage":9.0,"enemies":"Cultist","floor":1.0,"turns":4.0},{"damage":2.0,"enemies":"2 Louse","floor":2.0,"turns":3.0},{"damage":0.0,"enemies":"Jaw Worm","floor":5.0,"turns":5.0},{"damage":42.0,"enemies":"Gremlin Nob","floor":6.0,"turns":5.0},{"damage":6,"enemies":"Large Slime","floor":7,"turns":8},{"damage":0,"enemies":"Exordium Wildlife","floor":12,"turns":1},{"damage":1,"enemies":"Lagavulin","floor":14,"turns":8},{"damage":44,"enemies":"Hexaghost","floor":16,"turns":12},{"damage":12,"enemies":"Shell Parasite","floor":18,"turns":7},{"damage":6,"enemies":"Chosen","floor":23,"turns":7},{"damage":54,"enemies":"Gremlin Leader","floor":24,"turns":7}],"seed_played":"-1250453098577488530","potions_obtained":[{"floor":1.0,"key":"ColorlessPotion"},{"floor":2.0,"key":"Ancient Potion"},{"floor":7,"key":"SmokeBomb"},{"floor":16,"key":"GamblersBrew"},{"floor":18,"key":"Poison Potion"}],"is_trial":false,"path_per_floor":["M","M","T","?","M","E","M","R","T","$","?","M","$","E","R","B",null,"M","?","$","?","?","M","E"],"character_chosen":"THE_SILENT","items_purchased":["Tactician","Dagger Throw","Malaise"],"campfire_rested":1,"item_purchase_floors":[10,13,20],"current_hp_per_floor":[50,48,48,48,48,16,10,32,32,32,32,32,32,45,45,1,68,56,56,56,56,56,50,0,0],"gold":79,"neow_bonus":"BOSS_RELIC","is_daily":false,"chose_seed":false,"campfire_upgraded":1,"win_rate":0.0,"timestamp":1609218653,"path_taken":["M","?","?","?","M","E","M","R","T","$","?","M","?","E","R","BOSS","M","?","?","?","?","M","E"],"items_purchased_type":["Card","Card","Card"],"build_version":"2020-12-22","purchased_purges":2,"victory":false,"max_hp_per_floor":[66,66,66,66,66,76,76,76,76,76,76,76,76,90,90,90,90,90,90,90,90,90,90,90,90],"relic_stats":{"counters":[11,67],"Blue Candle":[0],"Black Star":2,"Juzu Bracelet":1,"Orichalcum":[54],"Cursed Key":0,"obtain_stats":[{"Pear":6,"Blue Candle":14,"Mango":14,"Black Star":0,"Juzu Bracelet":3,"Orichalcum":6,"Cursed Key":17,"Ring of the Snake":0},{"Pear":4,"Blue Candle":7,"Mango":7,"Black Star":0,"Juzu Bracelet":2,"Orichalcum":4,"Cursed Key":8,"Ring of the Snake":0},{"Pear":17,"Blue Candle":34,"Mango":34,"Black Star":0,"Juzu Bracelet":7,"Orichalcum":17,"Cursed Key":46,"Ring of the Snake":0}]},"card_choices":[{"not_picked":["Setup","Bane"],"picked":"Footwork","floor":1.0},{"not_picked":["Heel Hook","Predator"],"picked":"Dagger Throw","floor":2.0},{"not_picked":["Dodge and Roll","Quick Slash"],"picked":"Noxious Fumes","floor":5.0},{"not_picked":["Eviscerate","Bane"],"picked":"Blur","floor":6.0},{"not_picked":["Bane","Acrobatics"],"picked":"Cloak And Dagger","floor":7},{"not_picked":["Dodge and Roll","Slice"],"picked":"Blur","floor":14},{"not_picked":["Venomology","Envenom"],"picked":"Corpse Explosion","floor":16},{"not_picked":["Dagger Throw","Outmaneuver"],"picked":"Backflip","floor":18},{"not_picked":["Outmaneuver","Quick Slash"],"picked":"Slice","floor":23}],"player_experience":704217,"relics_obtained":[{"floor":3.0,"key":"Juzu Bracelet"},{"floor":6.0,"key":"Pear"},{"floor":6.0,"key":"Orichalcum"},{"floor":14,"key":"Blue Candle"},{"floor":14,"key":"Mango"}],"event_choices":[{"damage_healed":0.0,"max_hp_gain":0.0,"max_hp_loss":0.0,"gold_gain":0.0,"event_name":"Upgrade Shrine","player_choice":"Upgraded","floor":4.0,"gold_loss":0.0,"damage_taken":0.0,"cards_upgraded":["Neutralize"]},{"damage_healed":0,"gold_gain":0,"cards_transformed":["Strike_G"],"player_choice":"Transformed","damage_taken":0,"max_hp_gain":0,"max_hp_loss":0,"event_name":"Transmorgrifier","floor":11,"gold_loss":0,"cards_obtained":["Noxious Fumes"]},{"damage_healed":0,"gold_gain":275,"player_choice":"Desecrate","damage_taken":0,"max_hp_gain":0,"max_hp_loss":0,"event_name":"Golden Shrine","floor":19,"gold_loss":0,"cards_obtained":["Regret"]},{"cards_removed":["Strike_G"],"damage_healed":0,"gold_gain":0,"player_choice":"Gave Gold","damage_taken":0,"max_hp_gain":0,"max_hp_loss":0,"event_name":"Beggar","floor":21,"gold_loss":75},{"damage_healed":0,"gold_gain":0,"player_choice":"Ignored","damage_taken":0,"max_hp_gain":0,"max_hp_loss":0,"event_name":"Ghosts","floor":22,"gold_loss":0}],"is_beta":false,"boss_relics":[{"not_picked":["SacredBark","Fusion Hammer"],"picked":"Cursed Key"}],"items_purged_floors":[10,20],"is_endless":false,"potions_floor_spawned":[1,2,7,16,18],"killed_by":"Gremlin Leader","ascension_level":20}}