{"host":"wukocnei7dgudpva","time":1609224821,"event":{"mods":["AchievementEnabler","BaseMod","Colored Map","Minty Spire (QoL Compilation)","Permanent Neow","Relic Stats","StSLib","SuperFastMode"],"gold_per_floor":[111,125,125,125,125,158,177,177,223,240,205,205,217,69,69,165,165,181,199,219,219,219,219,63,63,63,81,81,92,105,122,122,219,219,234,249,152,164,214,214,231,231,255,266,266,95,108,108,108,108,108,108,36,36,36],"floor_reached":54,"playtime":4906,"items_purged":[],"score":666,"play_id":"3c3f666e-f5d7-4b1f-8dba-fcc7e06748e6","local_time":"20201229155341","is_ascension_mode":false,"campfire_choices":[{"floor":8.0,"key":"RECALL"},{"data":"Coolheaded","floor":15.0,"key":"SMITH"},{"floor":23.0,"key":"REST"},{"data":"Cold Snap","floor":25.0,"key":"SMITH"},{"data":"Echo Form","floor":28.0,"key":"SMITH"},{"floor":32.0,"key":"REST"},{"floor":40.0,"key":"REST"},{"floor":42.0,"key":"REST"},{"floor":49.0,"key":"REST"},{"data":"Double Energy","floor":52,"key":"SMITH"}],"circlet_count":0,"master_deck":["Strike_B","Strike_B","Strike_B","Defend_B","Defend_B","Defend_B","Defend_B","Zap","Dualcast+1","Glacier+1","Echo Form+1","Coolheaded+1","Beam Cell","Cold Snap+1","Hologram+1","Double Energy+1","Reboot","Cold Snap+1","Defragment+1","Coolheaded","Cold Snap","Blind","BootSequence"],"relics":["Cracked Core","Potion Belt","Lantern","Happy Flower","DataDisk","PreservedInsect","Ice Cream","Nuclear Battery","Incense Burner"],"acts_visited":["Exordium","TheCity","TheBeyond","TheEnding"],"potions_floor_usage":[50,50,54],"damage_taken":[{"damage":0.0,"enemies":"Cultist","floor":1.0,"turns":4.0},{"damage":0.0,"enemies":"Small Slimes","floor":2.0,"turns":3.0},{"damage":11.0,"enemies":"Lagavulin","floor":6.0,"turns":5.0},{"damage":0.0,"enemies":"Jaw Worm","floor":7.0,"turns":5.0},{"damage":1.0,"enemies":"3 Louse","floor":10.0,"turns":4.0},{"damage":1.0,"enemies":"Lots of Slimes","floor":13.0,"turns":6.0},{"damage":0.0,"enemies":"Slime Boss","floor":16.0,"turns":17.0},{"damage":13.0,"enemies":"Chosen","floor":18.0,"turns":9.0},{"damage":0.0,"enemies":"Spheric Guardian","floor":19.0,"turns":1.0},{"damage":2.0,"enemies":"3 Cultists","floor":20.0,"turns":8.0},{"damage":6.0,"enemies":"Cultist and Chosen","floor":27.0,"turns":6.0},{"damage":0.0,"enemies":"Snecko","floor":29.0,"turns":5.0},{"damage":10.0,"enemies":"Snake Plant","floor":30.0,"turns":3.0},{"damage":0.0,"enemies":"Cultist and Chosen","floor":31.0,"turns":9.0},{"damage":28.0,"enemies":"Automaton","floor":33.0,"turns":11.0},{"damage":0.0,"enemies":"3 Darklings","floor":35.0,"turns":14.0},{"damage":0.0,"enemies":"Orb Walker","floor":36.0,"turns":4.0},{"damage":11.0,"enemies":"4 Shapes","floor":38.0,"turns":7.0},{"damage":47.0,"enemies":"2 Orb Walkers","floor":39.0,"turns":8.0},{"damage":6.0,"enemies":"Writhing Mass","floor":41.0,"turns":10.0},{"damage":6.0,"enemies":"Sphere and 2 Shapes","floor":44.0,"turns":32.0},{"damage":2.0,"enemies":"Spire Growth","floor":47.0,"turns":8.0},{"damage":71,"enemies":"Time Eater","floor":50,"turns":20},{"damage":90,"enemies":"Shield and Spear","floor":54,"turns":21}],"seed_played":"-8201877341527596052","potions_obtained":[{"floor":0.0,"key":"EssenceOfDarkness"},{"floor":0.0,"key":"Dexterity Potion"},{"floor":0.0,"key":"FairyPotion"},{"floor":6.0,"key":"SpeedPotion"},{"floor":13.0,"key":"EntropicBrew"},{"floor":16.0,"key":"LiquidBronze"},{"floor":19.0,"key":"FocusPotion"},{"floor":20.0,"key":"FocusPotion"},{"floor":30.0,"key":"AttackPotion"},{"floor":31.0,"key":"CultistPotion"},{"floor":38.0,"key":"Weak Potion"},{"floor":39.0,"key":"SteroidPotion"},{"floor":41.0,"key":"Energy Potion"},{"floor":44.0,"key":"Energy Potion"},{"floor":48.0,"key":"FocusPotion"},{"floor":48.0,"key":"Block Potion"}],"is_trial":false,"path_per_floor":["M","M","?","?","?","E","M","R","T","M","?","?","M","$","R","B",null,"M","M","M","?","?","R","$","R","T","M","R","M","M","M","R","B",null,"M","M","$","M","?","R","M","R","T","M","?","$","M","?","R","B",null,"R","$","E"],"character_chosen":"DEFECT","items_purchased":["DataDisk","PreservedInsect","FocusPotion","Coolheaded","LiquidBronze","Blind","BootSequence"],"campfire_rested":5,"item_purchase_floors":[14,24,37,37,46,46,53],"current_hp_per_floor":[75,75,68,68,68,57,57,57,57,56,74,74,73,73,73,73,75,62,62,60,46,46,70,70,70,70,64,64,64,54,54,78,50,80,80,80,80,69,22,46,40,64,64,58,58,58,56,56,80,9,80,80,80,0,0],"gold":36,"neow_bonus":"THREE_SMALL_POTIONS","is_daily":false,"chose_seed":false,"campfire_upgraded":4,"win_rate":0.0,"timestamp":1609224821,"path_taken":["M","M","?","?","?","E","M","R","T","?","?","?","M","$","R","BOSS","M","?","M","?","?","R","$","R","T","?","R","?","M","M","R","BOSS","M","M","$","M","?","R","M","R","T","M","?","$","M","?","R","BOSS","R","$","E"],"items_purchased_type":["Relic","Relic","Potion","Card","Potion","Card","Card"],"build_version":"2020-12-22","purchased_purges":0,"victory":false,"max_hp_per_floor":[75,75,75,75,75,75,75,75,75,75,75,75,75,75,75,75,75,75,75,75,80,80,80,80,80,80,80,80,80,80,80,80,80,80,80,80,80,80,80,80,80,80,80,80,80,80,80,80,80,80,80,80,80,80,80],"relic_stats":{"Happy Flower":[66],"counters":[24,220],"PreservedInsect":68,"obtain_stats":[{"Potion Belt":6,"Ice Cream":26,"Lantern":9,"DataDisk":14,"Happy Flower":12,"PreservedInsect":24,"Incense Burner":39,"Cracked Core":0,"Nuclear Battery":34},{"Potion Belt":3,"Ice Cream":10,"Lantern":4,"DataDisk":6,"Happy Flower":5,"PreservedInsect":10,"Incense Burner":19,"Cracked Core":0,"Nuclear Battery":15},{"Potion Belt":12,"Ice Cream":62,"Lantern":17,"DataDisk":27,"Happy Flower":21,"PreservedInsect":62,"Incense Burner":129,"Cracked Core":0,"Nuclear Battery":96}]},"card_choices":[{"not_picked":["Conserve Battery","Sweeping Beam"],"picked":"Glacier","floor":1.0},{"not_picked":["Force Field","Leap","Tempest"],"picked":"SKIP","floor":2.0},{"not_picked":["Beam Cell","Rebound"],"picked":"Echo Form","floor":6.0},{"not_picked":["BootSequence","Cold Snap"],"picked":"Coolheaded","floor":7.0},{"not_picked":["Barrage","Rip and Tear","Leap"],"picked":"SKIP","floor":10.0},{"not_picked":["Meteor Strike","Redo"],"picked":"Beam Cell","floor":13.0},{"not_picked":["Reinforced Body","Compile Driver"],"picked":"Melter+1","floor":18.0},{"not_picked":["Sweeping Beam","Steam","Stack+1"],"picked":"SKIP","floor":19.0},{"not_picked":["Recycle","Stack","Machine Learning"],"picked":"SKIP","floor":20.0},{"not_picked":["Darkness+1","Rip and Tear","Leap"],"picked":"SKIP","floor":27.0},{"not_picked":["Skim","Reprogram","Rebound"],"picked":"SKIP","floor":29.0},{"not_picked":["Barrage+1","Turbo"],"picked":"Hologram+1","floor":30.0},{"not_picked":["Stack+1","Aggregate+1"],"picked":"Double Energy","floor":31.0},{"not_picked":["Fission","Biased Cognition"],"picked":"Reboot","floor":33.0},{"not_picked":["Fusion+1","Leap+1"],"picked":"Cold Snap+1","floor":35.0},{"not_picked":["Steam Power+1","Hello World+1"],"picked":"Defragment+1","floor":36.0},{"not_picked":["Sweeping Beam","Aggregate","Sunder+1"],"picked":"SKIP","floor":38.0},{"not_picked":["Scrape+1","Static Discharge"],"picked":"Cold Snap","floor":39.0},{"not_picked":["Glacier","White Noise+1","Conserve Battery+1"],"picked":"SKIP","floor":41.0},{"not_picked":["Glacier","Sweeping Beam+1","Rip and Tear+1"],"picked":"SKIP","floor":44.0},{"not_picked":["Leap+1","All For One","Compile Driver"],"picked":"SKIP","floor":47.0}],"player_experience":268291,"relics_obtained":[{"floor":6.0,"key":"Potion Belt"},{"floor":9.0,"key":"Lantern"},{"floor":26.0,"key":"Ice Cream"},{"floor":39.0,"key":"Incense Burner"}],"event_choices":[{"cards_removed":["Strike_B"],"damage_healed":0.0,"max_hp_gain":0.0,"max_hp_loss":0.0,"gold_gain":0.0,"event_name":"Golden Wing","player_choice":"Card Removal","floor":3.0,"gold_loss":0.0,"damage_taken":7.0},{"damage_healed":0.0,"max_hp_gain":0.0,"max_hp_loss":0.0,"gold_gain":0.0,"event_name":"Living Wall","player_choice":"Grow","floor":4.0,"gold_loss":0.0,"damage_taken":0.0,"cards_upgraded":["Glacier"]},{"damage_healed":0.0,"max_hp_gain":0.0,"max_hp_loss":0.0,"gold_gain":0.0,"event_name":"Upgrade Shrine","player_choice":"Upgraded","floor":5.0,"gold_loss":0.0,"damage_taken":0.0,"cards_upgraded":["Dualcast"]},{"damage_healed":18.0,"max_hp_gain":0.0,"max_hp_loss":0.0,"gold_gain":0.0,"event_name":"The Cleric","player_choice":"Healed","floor":11.0,"gold_loss":35.0,"damage_taken":0.0},{"damage_healed":0.0,"max_hp_gain":0.0,"max_hp_loss":0.0,"gold_gain":0.0,"event_name":"WeMeetAgain","player_choice":"Gave Potion","floor":12.0,"gold_loss":0.0,"damage_taken":0.0,"relics_obtained":["Happy Flower"]},{"damage_healed":0.0,"max_hp_gain":5.0,"max_hp_loss":0.0,"gold_gain":0.0,"event_name":"Forgotten Altar","player_choice":"Shed Blood","floor":21.0,"gold_loss":0.0,"damage_taken":19.0},{"damage_healed":0.0,"max_hp_gain":0.0,"max_hp_loss":0.0,"gold_gain":0.0,"event_name":"The Library","player_choice":"Read","floor":22.0,"gold_loss":0.0,"damage_taken":0.0,"cards_obtained":["Cold Snap"]},{"damage_healed":0.0,"max_hp_gain":0.0,"max_hp_loss":0.0,"gold_gain":0.0,"event_name":"Mysterious Sphere","player_choice":"Fight","floor":39.0,"gold_loss":0.0,"damage_taken":0.0},{"cards_removed":["Melter"],"damage_healed":0.0,"max_hp_gain":0.0,"max_hp_loss":0.0,"gold_gain":0.0,"event_name":"Falling","player_choice":"Removed Attack","floor":45.0,"gold_loss":0.0,"damage_taken":0.0},{"damage_healed":0.0,"max_hp_gain":0.0,"max_hp_loss":0.0,"gold_gain":0.0,"event_name":"Lab","player_choice":"Got Potions","floor":48.0,"gold_loss":0.0,"damage_taken":0.0}],"is_beta":false,"boss_relics":[{"not_picked":["Pandora\u0027s Box","Fusion Hammer","Runic Pyramid"]},{"not_picked":["Black Star","Calling Bell"],"picked":"Nuclear Battery"}],"items_purged_floors":[],"is_endless":false,"potions_floor_spawned":[1,2,6,13,16,19,20,30,31,38,39,41,44],"killed_by":"Shield and Spear","ascension_level":0}}