{"host":"9ylwqx3xq4e4v98b","time":1609280957,"event":{"mods":["AchievementEnabler","BaseMod","Colored Map","DeckTracker","Minty Spire (QoL Compilation)","Permanent Neow","StSLib","SuperFastMode","Td1madao Mod","The Animator"],"gold_per_floor":[109,184,203,58,75,75,75,94,94,94,94,94,94,114,114,214,214,230,230,240,240,255,255,255,271,271,271,288,288,288,305,305,305,305],"floor_reached":33,"playtime":1058,"items_purged":["Strike_G"],"score":262,"play_id":"09e2d526-ecee-4020-a11b-ae489b942088","local_time":"20201229142917","is_ascension_mode":false,"campfire_choices":[{"data":"Mayhem","floor":6,"key":"SMITH"},{"data":"Catalyst","floor":10,"key":"SMITH"},{"data":"Dodge and Roll","floor":13,"key":"SMITH"},{"data":"Poisoned Stab","floor":15,"key":"SMITH"},{"data":"Doppelganger","floor":23,"key":"SMITH"},{"data":"Neutralize","floor":29,"key":"SMITH"},{"data":"Poisoned Stab","floor":32,"key":"SMITH"}],"circlet_count":0,"master_deck":["Defend_G","Defend_G","Defend_G","Defend_G","Survivor","Neutralize+1","Mayhem+1","Dodge and Roll+1","Poisoned Stab+1","Catalyst+1","Slice","Poisoned Stab+1","Backstab","Bullet Time","Doppelganger+1","Poisoned Stab+1","Bite","Bite","Bite","Bite","Bite","Bane+1","Blur","PiercingWail+1","Dagger Spray+1"],"relics":["Ring of the Snake"],"acts_visited":["Exordium","TheCity"],"potions_floor_usage":[16,28,31],"damage_taken":[{"damage":0,"enemies":"Cultist","floor":1,"turns":5},{"damage":0,"enemies":"2 Louse","floor":3,"turns":4},{"damage":0,"enemies":"Small Slimes","floor":5,"turns":4},{"damage":7,"enemies":"3 Louse","floor":8,"turns":4},{"damage":2,"enemies":"Large Slime","floor":14,"turns":9},{"damage":19,"enemies":"Hexaghost","floor":16,"turns":9},{"damage":10,"enemies":"Shell Parasite","floor":18,"turns":6},{"damage":10,"enemies":"Chosen","floor":20,"turns":7},{"damage":32,"enemies":"Shelled Parasite and Fungi","floor":22,"turns":8},{"damage":3,"enemies":"Centurion and Healer","floor":25,"turns":4},{"damage":37,"enemies":"3 Cultists","floor":28,"turns":6},{"damage":12,"enemies":"Snake Plant","floor":31,"turns":4},{"damage":63,"enemies":"Champ","floor":33,"turns":10}],"seed_played":"8069928872844400106","potions_obtained":[{"floor":5,"key":"SpeedPotion"},{"floor":14,"key":"Fire Potion"},{"floor":18,"key":"SneckoOil"},{"floor":20,"key":"FearPotion"},{"floor":25,"key":"Regen Potion"}],"is_trial":false,"path_per_floor":["M","?","M","$","M","R","$","M","T","R","T","?","R","M","R","B",null,"M","?","M","?","M","R","?","M","T","?","M","R","$","M","R","B"],"character_chosen":"THE_SILENT","items_purchased":["Catalyst"],"campfire_rested":0,"item_purchase_floors":[4],"current_hp_per_floor":[63,57,57,57,57,57,57,50,50,50,50,50,50,48,48,29,63,53,53,43,43,31,31,31,38,38,38,15,15,15,25,25,0,0],"gold":305,"neow_bonus":"RANDOM_COLORLESS_2","is_daily":false,"chose_seed":false,"campfire_upgraded":7,"win_rate":0.0,"timestamp":1609280957,"path_taken":["M","?","M","$","M","R","?","?","T","R","?","?","R","M","R","BOSS","M","?","M","?","M","R","?","M","T","?","M","R","$","?","R","BOSS"],"items_purchased_type":["Card"],"build_version":"2020-12-22","purchased_purges":1,"victory":false,"max_hp_per_floor":[63,63,63,63,63,63,63,63,63,63,63,63,63,63,63,63,63,63,63,63,44,44,44,44,44,44,44,44,44,44,44,44,44,44],"card_choices":[{"not_picked":["Sadistic Nature","Thinking Ahead"],"picked":"Mayhem","floor":0},{"not_picked":["Slice","Poisoned Stab"],"picked":"Dodge and Roll","floor":1},{"not_picked":["Choke","PiercingWail"],"picked":"Poisoned Stab","floor":3},{"not_picked":["Crippling Poison","Finisher"],"picked":"Slice","floor":5},{"not_picked":["Deadly Poison","Dagger Spray"],"picked":"Poisoned Stab","floor":8},{"not_picked":["Sucker Punch","Underhanded Strike"],"picked":"Backstab","floor":14},{"not_picked":["Dagger Throw","Choke+1","Dagger Spray"],"picked":"SKIP","floor":18},{"not_picked":["Outmaneuver","Quick Slash"],"picked":"Poisoned Stab+1","floor":20},{"not_picked":["Infinite Blades","Prepared"],"picked":"Bane+1","floor":22},{"not_picked":["Deadly Poison","Riddle With Holes"],"picked":"Blur","floor":25},{"not_picked":["Blade Dance+1","Masterful Stab"],"picked":"PiercingWail+1","floor":28},{"not_picked":["Accuracy+1","Venomology"],"picked":"Dagger Spray+1","floor":31}],"player_experience":188513,"relics_obtained":[],"event_choices":[{"damage_healed":0,"gold_gain":75,"player_choice":"Touch","damage_taken":6,"max_hp_gain":0,"max_hp_loss":0,"event_name":"FaceTrader","floor":2,"gold_loss":0},{"cards_removed":["Strike_G"],"damage_healed":0,"gold_gain":0,"player_choice":"Forget","damage_taken":0,"max_hp_gain":0,"max_hp_loss":0,"event_name":"Living Wall","floor":12,"gold_loss":0},{"damage_healed":0,"gold_gain":0,"cards_transformed":["Defend_G","Strike_G"],"player_choice":"Became Test Subject","damage_taken":0,"max_hp_gain":0,"max_hp_loss":0,"event_name":"Drug Dealer","floor":19,"gold_loss":0,"cards_obtained":["Bullet Time","Doppelganger"]},{"damage_healed":0,"gold_gain":0,"player_choice":"Became a vampire","damage_taken":0,"max_hp_gain":0,"max_hp_loss":19,"event_name":"Vampires","floor":21,"gold_loss":0,"cards_obtained":["Bite","Bite","Bite","Bite","Bite"]},{"damage_healed":0,"gold_gain":0,"player_choice":"Ignored","damage_taken":0,"max_hp_gain":0,"max_hp_loss":0,"event_name":"Cursed Tome","floor":24,"gold_loss":0},{"damage_healed":0,"gold_gain":0,"player_choice":"Ignored","damage_taken":0,"max_hp_gain":0,"max_hp_loss":0,"event_name":"NoteForYourself","floor":27,"gold_loss":0}],"is_beta":false,"boss_relics":[{"not_picked":[]}],"items_purged_floors":[4],"is_endless":false,"potions_floor_spawned":[5,14,18,20,25],"killed_by":"Champ","ascension_level":0}}