{"host":"ye7mfqqt9ljtnqit","time":1609257817,"event":{"mods":["BaseMod","Colored Map","Downfall","Marisa£®ÏF”Í°°ƒß¿Ì…≥£©","Minty Spire (QoL Compilation)","StSLib","SuperFastMode","The Servant 0.9.4"],"gold_per_floor":[112,130,130,192,209,240,260,13,64,64,25,25,59,72,72,175,175,185,185,197,211,79,129,129,163,236,236,8,38,38,48,48,168,168,183,199,51,86,105,133,133,133,133],"floor_reached":42,"playtime":2293,"items_purged":[],"score":571,"play_id":"87e1890c-6322-4441-8430-c42a5ff1af63","local_time":"20201230000337","is_ascension_mode":false,"campfire_choices":[{"floor":10.0,"key":"REST"},{"data":"FinalSpark","floor":12.0,"key":"SMITH"},{"data":"Singularity","floor":15.0,"key":"SMITH"},{"floor":24.0,"key":"REST"},{"floor":27.0,"key":"REST"},{"floor":30.0,"key":"REST"},{"floor":32.0,"key":"RECALL"},{"floor":41,"key":"REST"}],"circlet_count":0,"master_deck":["Strike_MRS","Strike_MRS","Defend_MRS","Defend_MRS+1","Defend_MRS+1","Defend_MRS","MasterSpark","UpSweep","FinalSpark+1","MysteriousBeam","Acceleration","Occultation+1","CasketOfStar","EventHorizon","Singularity+1","IllusionStar+1","StarDustReverie+1","IllusionStar+1","Occultation+1","MilkyWay+1","IllusionStar+1","OpenUniverse+1","WitchOfGreed","AsteroidBelt+1","MagicAbsorber+1","Singularity","FinalSpark","Singularity","FinalSpark","AsteroidBelt+1","EarthLightRay+1","TreasureHunter","MilkyWay+1","IllusionStar+1","Acceleration+1"],"relics":["MiniHakkero","Toxic Egg 2","Anchor","Mummified Hand","War Paint","HornCleat","Empty Cage","Kunai","Omamori","Oddly Smooth Stone","Incense Burner","Cursed Key","Bronze Scales"],"acts_visited":["Exordium","TheCity","TheBeyond"],"potions_floor_usage":[],"damage_taken":[{"damage":0.0,"enemies":"Small Slimes","floor":1.0,"turns":3.0},{"damage":1.0,"enemies":"2 Louse","floor":2.0,"turns":2.0},{"damage":13.0,"enemies":"Jaw Worm","floor":5.0,"turns":3.0},{"damage":9.0,"enemies":"3 Sentries","floor":6.0,"turns":5.0},{"damage":0.0,"enemies":"2 Fungi Beasts","floor":7.0,"turns":3.0},{"damage":0.0,"enemies":"Lagavulin","floor":13.0,"turns":3.0},{"damage":0.0,"enemies":"Gremlin Gang","floor":14.0,"turns":1.0},{"damage":36.0,"enemies":"The Guardian","floor":16.0,"turns":7.0},{"damage":2.0,"enemies":"3 Byrds","floor":18.0,"turns":4.0},{"damage":8.0,"enemies":"2 Thieves","floor":20.0,"turns":4.0},{"damage":17.0,"enemies":"Centurion and Healer","floor":21.0,"turns":5.0},{"damage":40.0,"enemies":"Slavers","floor":23.0,"turns":7.0},{"damage":13.0,"enemies":"Book of Stabbing","floor":25.0,"turns":4.0},{"damage":13.0,"enemies":"Gremlin Leader","floor":29.0,"turns":5.0},{"damage":0.0,"enemies":"Snecko","floor":31.0,"turns":5.0},{"damage":11.0,"enemies":"Collector","floor":33.0,"turns":5.0},{"damage":0.0,"enemies":"Orb Walker","floor":35.0,"turns":2.0},{"damage":0.0,"enemies":"3 Darklings","floor":36.0,"turns":3.0},{"damage":5.0,"enemies":"Jaw Worm Horde","floor":38.0,"turns":5.0},{"damage":8.0,"enemies":"4 Shapes","floor":39.0,"turns":3.0},{"damage":65,"enemies":"Reptomancer","floor":40,"turns":7},{"damage":32,"enemies":"Sphere and 2 Shapes","floor":42,"turns":3}],"seed_played":"-7114436744929826418","potions_obtained":[{"floor":1.0,"key":"champ:CounterPotion"},{"floor":5.0,"key":"ShroomBrew"},{"floor":7.0,"key":"PowerPotion"},{"floor":29.0,"key":"PowerPotion"},{"floor":31.0,"key":"EntropicBrew"}],"is_trial":false,"path_per_floor":["M","M","?","?","M","E","M","$","T","R","$","R","E","M","R","B",null,"M","?","M","M","$","E","R","E","T","R","$","E","R","M","R","B",null,"M","M","$","M","M","E","R","M"],"character_chosen":"MARISA","items_purchased":["Mummified Hand","Singularity","OpenUniverse+1","WitchOfGreed","Singularity","Oddly Smooth Stone","TreasureHunter"],"campfire_rested":5,"item_purchase_floors":[8,11,22,22,28,28,37],"current_hp_per_floor":[54,53,41,41,28,19,19,19,19,41,41,41,41,41,41,5,75,73,73,65,48,48,8,30,17,17,39,39,26,48,48,48,37,75,75,75,75,70,62,3,25,0,0],"gold":133,"neow_bonus":"THREE_RARE_CARDS","is_daily":false,"chose_seed":false,"campfire_upgraded":2,"win_rate":0.0,"timestamp":1609257817,"path_taken":["M","M","?","?","M","E","M","?","T","R","$","R","E","M","R","BOSS","M","?","?","M","$","E","R","E","T","R","$","E","R","M","R","BOSS","M","M","$","M","M","E","R","?"],"items_purchased_type":["Relic","Card","Card","Card","Card","Relic","Card"],"build_version":"2020-12-22","purchased_purges":0,"victory":false,"max_hp_per_floor":[75,75,75,75,75,75,75,75,75,75,75,75,75,75,75,75,75,75,75,75,75,75,75,75,75,75,75,75,75,75,75,75,75,75,75,75,75,75,75,75,75,75,75],"card_choices":[{"not_picked":["EscapeVelocity","MaximisePower"],"picked":"FinalSpark","floor":0.0},{"not_picked":["ShootingEcho","AsteroidBelt"],"picked":"MysteriousBeam","floor":1.0},{"not_picked":["DarkSpark","MachineGunSpark"],"picked":"Acceleration","floor":2.0},{"not_picked":["LuminesStrike","MysteriousBeam"],"picked":"Occultation+1","floor":5.0},{"not_picked":["6A","WitchOfGreed"],"picked":"CasketOfStar","floor":6.0},{"not_picked":["WitchOfGreed","FairyDestructionRay"],"picked":"EventHorizon","floor":7.0},{"not_picked":["FinalSpark","ChargeUpSpray"],"picked":"IllusionStar+1","floor":13.0},{"not_picked":["ShootingEcho","LuminesStrike","UnstableBomb"],"picked":"SKIP","floor":14.0},{"not_picked":["SuperNova","SatelliteIllusion"],"picked":"StarDustReverie+1","floor":16.0},{"not_picked":["NonDirectionalLaser+1","GrandCross"],"picked":"IllusionStar+1","floor":18.0},{"not_picked":["Occultation+1","GravityBeat"],"picked":"MilkyWay+1","floor":20.0},{"not_picked":["UnstableBomb","PowerUp+1"],"picked":"IllusionStar+1","floor":21.0},{"not_picked":["DoubleSpark","WitchLeyline"],"picked":"AsteroidBelt+1","floor":23.0},{"not_picked":["ShootingEcho","DeepEcoloBomb"],"picked":"MagicAbsorber+1","floor":25.0},{"not_picked":["AlicesGift","BigCrunch+1"],"picked":"FinalSpark","floor":29.0},{"not_picked":["StarlightTyphoon+1","GravityBeat"],"picked":"Singularity","floor":31.0},{"not_picked":["SuperNova","JA"],"picked":"FinalSpark","floor":33.0},{"not_picked":["ShootingEcho","BlazeAway+1"],"picked":"AsteroidBelt+1","floor":35.0},{"not_picked":["NonDirectionalLaser+1","GrandCross+1"],"picked":"EarthLightRay+1","floor":36.0},{"not_picked":["DoubleSpark+1","PowerUp+1"],"picked":"MilkyWay+1","floor":38.0},{"not_picked":["LuminesStrike","MysteriousBeam"],"picked":"IllusionStar+1","floor":39.0},{"not_picked":["DC","WitchOfGreed"],"picked":"Acceleration+1","floor":40}],"player_experience":61752,"relics_obtained":[{"floor":6.0,"key":"Anchor"},{"floor":9.0,"key":"War Paint"},{"floor":13.0,"key":"HornCleat"},{"floor":23.0,"key":"Kunai"},{"floor":25.0,"key":"Omamori"},{"floor":29.0,"key":"Incense Burner"},{"floor":40,"key":"Bronze Scales"}],"event_choices":[{"damage_healed":0.0,"max_hp_gain":0.0,"max_hp_loss":0.0,"gold_gain":0.0,"event_name":"Scrap Ooze","player_choice":"Success","floor":3.0,"gold_loss":0.0,"damage_taken":12.0,"relics_obtained":["Toxic Egg 2"]},{"damage_healed":0.0,"max_hp_gain":0.0,"max_hp_loss":0.0,"gold_gain":62.0,"event_name":"Golden Wing","player_choice":"Gained Gold","floor":4.0,"gold_loss":0.0,"damage_taken":0.0},{"damage_healed":0.0,"max_hp_gain":0.0,"max_hp_loss":0.0,"gold_gain":0.0,"event_name":"Duplicator","player_choice":"Copied","floor":19.0,"gold_loss":0.0,"damage_taken":0.0,"cards_obtained":["Occultation"]}],"is_beta":false,"boss_relics":[{"not_picked":["SacredBark","Sozu"],"picked":"Empty Cage"},{"not_picked":["Fusion Hammer","Velvet Choker"],"picked":"Cursed Key"}],"items_purged_floors":[],"is_endless":false,"potions_floor_spawned":[1,5,7,16,23,29,31,33,38,39],"killed_by":"Sphere and 2 Shapes","ascension_level":0}}