{"host":"o0z3kdqg8ievkxue","time":1609228444,"event":{"mods":["Ascension Reborn","Aspiration","Astrologer","BaseMod","Challenge The Spire","Conspire","Downfall","Energized Spire","Halation","Hubris","Infinite Spire","Marisa£®ÏF”Í°°ƒß¿Ì…≥£©","Minty Spire (QoL Compilation)","Quick Restart","Reimu£®≤©¿ˆ¡È√Œ£©","Shop Mod","Spicy Shops","StSLib","SuperFastMode","The Administrix","The Animator","The Bug Knight","The Construct","The Cursed","The Disciple","The Jungle","The Necromancer","The Servant 0.9.4","UnlockEverythingMod","vexMod"],"gold_per_floor":[44,44,76,107,135,135,135,135,164,191,226,226,226,226,260,287,317,348],"floor_reached":19,"playtime":1753,"items_purged":["Strike_G"],"score":595,"play_id":"38a4eedf-5861-4bae-90a0-ebb2a42053bd","local_time":"20201229155404","daily_mods":["challengethespire:Platinum Difficulty","challengethespire:Elite Rush","Uncertain Future"],"is_ascension_mode":true,"campfire_choices":[{"data":"Finesse","floor":2,"key":"SMITH"},{"data":"Expertise","floor":7,"key":"SMITH"},{"data":"Slice","floor":8,"key":"SMITH"},{"data":"Envenom","floor":13,"key":"SMITH"},{"data":"Prepared","floor":14,"key":"SMITH"}],"circlet_count":0,"master_deck":["Strike_G","Strike_G","Strike_G","Strike_G","Defend_G","Defend_G","Defend_G","Defend_G","Defend_G","Survivor","Neutralize","Finesse+1","Slice+1","Sucker Punch","Master of Strategy","Concentrate","Envenom+1","Expertise+1","Acrobatics","Prepared+1","Heel Hook","Reflex","Terror"],"relics":["Ring of the Snake","Black Star","Sling","PreservedInsect","Ice Cream","HollowMod:JonisBlessing","aspiration:Lifesprig","conspire:Dentures","Boot","halation:PromiseList","aspiration:VileToxins","Meat on the Bone","Sozu","Shuriken","sneckomod:BlankCard","infinitespire:FocusingShard","Anchor","Philosopher\u0027s Stone","hubris:Metronome","HollowMod:LifeEnderRelic","construct:BoolHorns","vexMod:BarristanHead","MealTicket","aspiration:TomeofQuesting","halation:TwoAmDonut","Omamori"],"acts_visited":["Exordium"],"potions_floor_usage":[],"damage_taken":[{"damage":0,"enemies":"Lagavulin","floor":3,"turns":7},{"damage":0,"enemies":"3 Sentries","floor":4,"turns":7},{"damage":0,"enemies":"Gremlin Nob","floor":5,"turns":3},{"damage":0,"enemies":"Book of Stabbing","floor":9,"turns":5},{"damage":12,"enemies":"Gremlin Leader","floor":10,"turns":6},{"damage":0,"enemies":"Slavers","floor":11,"turns":4},{"damage":4,"enemies":"Reptomancer","floor":15,"turns":4},{"damage":0,"enemies":"Nemesis","floor":16,"turns":4},{"damage":0,"enemies":"Giant Head","floor":17,"turns":3},{"damage":0,"enemies":"Shield and Spear","floor":18,"turns":3}],"seed_played":"723116578107089589","potions_obtained":[{"floor":4,"key":"Swift Potion"}],"is_trial":true,"path_per_floor":["$","R","E","E","E","T","R","R","E","E","E","T","R","R","E","E","E","E",null],"character_chosen":"THE_SILENT","items_purchased":["Finesse","Ice Cream","HollowMod:JonisBlessing","Slice","Sucker Punch","Master of Strategy"],"campfire_rested":0,"item_purchase_floors":[1,1,1,1,1,1],"current_hp_per_floor":[70,70,70,70,70,70,70,70,70,58,58,58,58,58,54,54,54,54],"gold":348,"neow_bonus":"","is_daily":false,"chose_seed":false,"campfire_upgraded":5,"win_rate":0.0,"timestamp":1609228444,"path_taken":["$","R","E","E","E","T","R","R","E","E","E","T","R","R","E","E","E","E"],"items_purchased_type":["Card","Relic","Relic","Card","Card","Card"],"build_version":"2020-12-22","purchased_purges":1,"victory":true,"max_hp_per_floor":[70,70,70,70,70,70,70,70,70,70,70,70,70,70,70,70,70,70],"card_choices":[],"player_experience":3872,"relics_obtained":[{"floor":3,"key":"aspiration:Lifesprig"},{"floor":3,"key":"conspire:Dentures"},{"floor":4,"key":"Boot"},{"floor":4,"key":"halation:PromiseList"},{"floor":5,"key":"aspiration:VileToxins"},{"floor":5,"key":"Meat on the Bone"},{"floor":9,"key":"Shuriken"},{"floor":9,"key":"sneckomod:BlankCard"},{"floor":10,"key":"infinitespire:FocusingShard"},{"floor":11,"key":"Anchor"},{"floor":15,"key":"hubris:Metronome"},{"floor":15,"key":"HollowMod:LifeEnderRelic"},{"floor":16,"key":"construct:BoolHorns"},{"floor":16,"key":"vexMod:BarristanHead"},{"floor":17,"key":"MealTicket"},{"floor":17,"key":"aspiration:TomeofQuesting"},{"floor":18,"key":"halation:TwoAmDonut"},{"floor":18,"key":"Omamori"}],"event_choices":[],"is_beta":false,"boss_relics":[{"not_picked":["aspiration:RitualDagger","conspire:SpecialSausage"],"picked":"Sozu"},{"not_picked":["SacredBark","Coffee Dripper"],"picked":"Philosopher\u0027s Stone"}],"items_purged_floors":[1],"is_endless":false,"potions_floor_spawned":[4,9,10,15,17],"ascension_level":0}}