{"host":"9l2xd2qbyxfqdc97","time":1609255193,"event":{"mods":["BaseMod","Colored Map","Highlight Path","Minty Spire (QoL Compilation)","Quick Restart"],"gold_per_floor":[218,235,11,11,24,24,42,42,92,92,108,108,123,48,48,174,174,194,39,52,52,52,52,85,85,85,85,121,121,142,160,160,280,280,305,329,354,254,254,285,285,303,328,119,119,133,133,167,167,167],"floor_reached":51,"playtime":1442,"items_purged":["Defend_B","Defend_B","Strike_B"],"score":867,"play_id":"506a5ca2-e8b9-4164-b68b-a7c1e3e4de65","local_time":"20201230001953","is_ascension_mode":true,"campfire_choices":[{"data":"Zap","floor":6.0,"key":"SMITH"},{"data":"Dualcast","floor":8.0,"key":"SMITH"},{"data":"Hyperbeam","floor":12.0,"key":"SMITH"},{"data":"Beam Cell","floor":15.0,"key":"SMITH"},{"data":"All For One","floor":23,"key":"SMITH"},{"data":"All For One","floor":25,"key":"SMITH"},{"floor":29,"key":"REST"},{"data":"Go for the Eyes","floor":32,"key":"SMITH"},{"floor":47,"key":"REST"},{"data":"Hyperbeam","floor":49,"key":"SMITH"}],"circlet_count":0,"master_deck":["Strike_B","Defend_B+1","Defend_B+1","Dualcast+1","Beam Cell+1","Hyperbeam+1","Steam","Hologram","Self Repair","FTL","All For One+1","All For One+1","Go for the Eyes+1","Necronomicurse","Machine Learning","Force Field","Hyperbeam+1","Flash of Steel","FTL","Gash"],"relics":["Cracked Core","Anchor","Golden Idol","War Paint","Nuclear Battery","DollysMirror","Necronomicon","Vajra","Gambling Chip","Nunchaku","Sozu","Bottled Flame","Dream Catcher","Membership Card","PreservedInsect"],"acts_visited":["Exordium","TheCity","TheBeyond"],"potions_floor_usage":[50,50],"damage_taken":[{"damage":7.0,"enemies":"Jaw Worm","floor":1.0,"turns":3.0},{"damage":0.0,"enemies":"Small Slimes","floor":2.0,"turns":2.0},{"damage":0.0,"enemies":"Cultist","floor":5.0,"turns":2.0},{"damage":0.0,"enemies":"Lots of Slimes","floor":7.0,"turns":1.0},{"damage":0.0,"enemies":"Blue Slaver","floor":11.0,"turns":3.0},{"damage":9.0,"enemies":"Large Slime","floor":13.0,"turns":3.0},{"damage":33.0,"enemies":"Slime Boss","floor":16.0,"turns":9.0},{"damage":1.0,"enemies":"2 Thieves","floor":18.0,"turns":2.0},{"damage":2.0,"enemies":"Shell Parasite","floor":20.0,"turns":2.0},{"damage":6,"enemies":"Gremlin Leader","floor":24,"turns":3},{"damage":16,"enemies":"Slavers","floor":28,"turns":2},{"damage":0,"enemies":"Centurion and Healer","floor":30,"turns":2},{"damage":0,"enemies":"Snake Plant","floor":31,"turns":1},{"damage":1,"enemies":"Champ","floor":33,"turns":5},{"damage":0,"enemies":"Orb Walker","floor":35,"turns":1},{"damage":6,"enemies":"3 Shapes","floor":36,"turns":1},{"damage":0,"enemies":"Jaw Worm Horde","floor":37,"turns":1},{"damage":31,"enemies":"Reptomancer","floor":40,"turns":3},{"damage":0,"enemies":"Sphere and 2 Shapes","floor":42,"turns":1},{"damage":0,"enemies":"4 Shapes","floor":46,"turns":1},{"damage":0,"enemies":"Giant Head","floor":48,"turns":5},{"damage":20,"enemies":"Donu and Deca","floor":50,"turns":4}],"seed_played":"-5528963945528640924","potions_obtained":[{"floor":2.0,"key":"Explosive Potion"},{"floor":7.0,"key":"FearPotion"},{"floor":13.0,"key":"AttackPotion"},{"floor":20.0,"key":"ColorlessPotion"},{"floor":30,"key":"Regen Potion"}],"is_trial":false,"path_per_floor":["M","M","$","?","M","R","M","R","T","?","M","R","M","$","R","B",null,"M","$","M","?","$","R","E","R","T","?","E","R","M","M","R","B",null,"M","M","M","$","?","E","?","M","T","$","?","M","R","E","R","B",null],"character_chosen":"DEFECT","items_purchased":["Steam","Hologram","Anchor","DollysMirror","Membership Card"],"campfire_rested":2,"item_purchase_floors":[3,3,3,19,44],"current_hp_per_floor":[68,68,68,68,68,68,68,68,68,68,68,68,59,59,59,33,69,69,69,69,53,53,53,54,54,54,54,45,65,65,65,65,69,69,69,63,63,63,63,39,39,39,39,39,39,39,58,65,65,45],"gold":167,"neow_bonus":"HUNDRED_GOLD","is_daily":false,"chose_seed":false,"campfire_upgraded":8,"win_rate":0.0,"timestamp":1609255193,"path_taken":["M","M","$","?","M","R","M","R","T","?","?","R","?","?","R","BOSS","M","$","?","?","$","R","E","R","T","?","E","R","M","M","R","BOSS","M","M","M","$","?","E","?","M","T","$","?","M","R","E","R","BOSS"],"items_purchased_type":["Card","Card","Relic","Relic","Relic"],"build_version":"2020-12-22","purchased_purges":3,"victory":true,"max_hp_per_floor":[75,75,75,69,69,69,69,69,69,69,69,69,69,69,69,69,69,69,69,69,69,69,69,69,69,69,69,69,69,69,69,69,69,69,69,69,69,69,69,69,69,69,69,69,66,66,66,66,66,66],"card_choices":[{"not_picked":["Leap","Barrage"],"picked":"Beam Cell","floor":1.0},{"not_picked":["Undo","Turbo"],"picked":"Hyperbeam","floor":2.0},{"not_picked":["Beam Cell","Genetic Algorithm"],"picked":"Self Repair","floor":5.0},{"not_picked":["Steam","Sweeping Beam","Compile Driver"],"picked":"SKIP","floor":7.0},{"not_picked":["Force Field","Creative AI"],"picked":"FTL","floor":11.0},{"not_picked":["Double Energy","Reinforced Body","Ball Lightning"],"picked":"SKIP","floor":13.0},{"not_picked":["Machine Learning","Fission"],"picked":"All For One","floor":16.0},{"not_picked":["Sweeping Beam","Rebound","Recycle"],"picked":"SKIP","floor":18.0},{"not_picked":["Leap","Reinforced Body+1"],"picked":"Go for the Eyes","floor":20.0},{"not_picked":["Hologram","Loop","Beam Cell"],"picked":"SKIP","floor":24},{"not_picked":["Doom and Gloom","Core Surge","Hologram"],"picked":"SKIP","floor":28},{"not_picked":["Static Discharge+1","Rebound+1","Fusion+1"],"picked":"SKIP","floor":30},{"not_picked":["Doom and Gloom","Hologram","BootSequence"],"picked":"SKIP","floor":31},{"not_picked":["Amplify","Electrodynamics"],"picked":"Hyperbeam","floor":33},{"not_picked":["Sunder","Streamline+1","Turbo"],"picked":"SKIP","floor":35},{"not_picked":["Darkness","Steam+1","Conserve Battery+1"],"picked":"SKIP","floor":36},{"not_picked":["Rebound+1","Turbo+1","Hologram"],"picked":"SKIP","floor":37},{"not_picked":["Panache","Sadistic Nature"],"picked":"Flash of Steel","floor":39},{"not_picked":["Biased Cognition","Stack","Steam+1"],"picked":"SKIP","floor":40},{"not_picked":["Doom and Gloom+1","Leap+1"],"picked":"FTL","floor":42},{"not_picked":["Storm","Rebound+1","Barrage+1"],"picked":"SKIP","floor":46},{"not_picked":["Force Field+1","Stack+1"],"picked":"Gash","floor":47},{"not_picked":["Reboot","Go for the Eyes","Blizzard"],"picked":"SKIP","floor":48}],"player_experience":199850,"relics_obtained":[{"floor":9.0,"key":"War Paint"},{"floor":21,"key":"Necronomicon"},{"floor":24,"key":"Vajra"},{"floor":26,"key":"Gambling Chip"},{"floor":28,"key":"Nunchaku"},{"floor":40,"key":"Bottled Flame"},{"floor":43,"key":"Dream Catcher"},{"floor":48,"key":"PreservedInsect"}],"event_choices":[{"damage_healed":0.0,"max_hp_gain":0.0,"max_hp_loss":6.0,"gold_gain":0.0,"event_name":"Golden Idol","player_choice":"Lose Max HP","floor":4.0,"gold_loss":0.0,"damage_taken":0.0,"relics_obtained":["Golden Idol"]},{"damage_healed":0.0,"max_hp_gain":0.0,"max_hp_loss":0.0,"gold_gain":0.0,"event_name":"The Woman in Blue","player_choice":"Bought 0 Potions","floor":10.0,"gold_loss":0.0,"damage_taken":0.0},{"damage_healed":0,"gold_gain":0,"player_choice":"Obtained Book","damage_taken":16,"max_hp_gain":0,"max_hp_loss":0,"event_name":"Cursed Tome","floor":21,"gold_loss":0},{"damage_healed":0,"gold_gain":0,"cards_transformed":["Strike_B","Strike_B"],"player_choice":"Became Test Subject","damage_taken":0,"max_hp_gain":0,"max_hp_loss":0,"event_name":"Drug Dealer","floor":27,"gold_loss":0,"cards_obtained":["Machine Learning","Force Field"]},{"damage_healed":0,"gold_gain":0,"player_choice":"Memory 1","damage_taken":0,"max_hp_gain":0,"max_hp_loss":0,"event_name":"SensoryStone","floor":39,"gold_loss":0},{"cards_removed":["Zap"],"damage_healed":0,"gold_gain":0,"player_choice":"Removed Skill","damage_taken":0,"max_hp_gain":0,"max_hp_loss":0,"event_name":"Falling","floor":41,"gold_loss":0},{"damage_healed":0,"gold_gain":0,"player_choice":"Max HP","damage_taken":0,"max_hp_gain":0,"max_hp_loss":3,"event_name":"Winding Halls","floor":45,"gold_loss":0}],"is_beta":false,"boss_relics":[{"not_picked":["Snecko Eye","Coffee Dripper"],"picked":"Nuclear Battery"},{"not_picked":["Runic Dome","Tiny House"],"picked":"Sozu"}],"items_purged_floors":[14,38,44],"is_endless":false,"potions_floor_spawned":[2,7,13,20,30,33,35,36,46],"ascension_level":3}}