{"host":"48zyk7qbyaqvksy3","time":1609257676,"event":{"mods":["Act Like it!","BaseMod","GifTheSpireLib","Marisa£®ÏF”Í°°ƒß¿Ì…≥£©","Minty Spire (QoL Compilation)","StSLib","The Servant 0.9.4","Waifu the Spire"],"gold_per_floor":[116,96,116,126,143,143,168,179,179,179,211,230,261,211,211,316,316,326,341,341,341,355,355,380,395,395,395,415,23,42,56,56,153,153,172,184,204,204,14,14,24,24,71,97,97,148,148,0,0,0],"floor_reached":51,"playtime":2913,"items_purged":[],"score":698,"play_id":"2b2f367f-ed3f-4443-b85c-3dd683ce2c23","local_time":"20201230000116","is_ascension_mode":true,"campfire_choices":[{"data":"MilkyWay","floor":6.0,"key":"SMITH"},{"data":"DarkMatter","floor":10.0,"key":"SMITH"},{"floor":15.0,"key":"REST"},{"data":"CasketOfStar","floor":23.0,"key":"SMITH"},{"floor":27.0,"key":"DIG"},{"floor":32.0,"key":"DIG"},{"floor":40,"key":"DIG"},{"floor":42,"key":"DIG"},{"floor":45,"key":"DIG"},{"floor":47,"key":"DIG"},{"floor":49,"key":"DIG"}],"circlet_count":0,"master_deck":["Strike_MRS","Strike_MRS","Strike_MRS","Strike_MRS","Defend_MRS","Defend_MRS","Defend_MRS","Defend_MRS","MasterSpark","UpSweep","PulseMagic","MilkyWay+1","DarkMatter+1","ShootTheMoon","PowerUp","DoubleSpark","EnergyFlow","CasketOfStar+1","FinalSpark","MagicAbsorber","GalacticHalo","MaximisePower","FinalSpark+1","EarthLightRay","BlazeAway+1","MilkyWay+1","Apotheosis","DoubleSpark+1"],"relics":["BewitchedHakkero","Toy Ornithopter","Meat on the Bone","Blue Candle","Omamori","Darkstone Periapt","Snecko Eye","InkBottle","Singing Bowl","Shovel","Pantograph","Molten Egg 2","Lizard Tail","CeramicFish","Bronze Scales","Blood Vial","Juzu Bracelet","CatCart","Potion Belt","Red Mask","FossilizedHelix"],"acts_visited":["Exordium","TheCity","TheBeyond"],"potions_floor_usage":[33],"damage_taken":[{"damage":0.0,"enemies":"2 Louse","floor":1.0,"turns":2.0},{"damage":4.0,"enemies":"Cultist","floor":3.0,"turns":4.0},{"damage":1.0,"enemies":"Jaw Worm","floor":4.0,"turns":3.0},{"damage":6.0,"enemies":"2 Fungi Beasts","floor":5.0,"turns":2.0},{"damage":9.0,"enemies":"Lagavulin","floor":7.0,"turns":7.0},{"damage":14.0,"enemies":"Exordium Wildlife","floor":8.0,"turns":4.0},{"damage":6.0,"enemies":"3 Sentries","floor":11.0,"turns":7.0},{"damage":13.0,"enemies":"Gremlin Gang","floor":12.0,"turns":5.0},{"damage":20.0,"enemies":"Gremlin Nob","floor":13.0,"turns":5.0},{"damage":22.0,"enemies":"Slime Boss","floor":16.0,"turns":9.0},{"damage":5.0,"enemies":"Chosen","floor":18.0,"turns":3.0},{"damage":0.0,"enemies":"Spheric Guardian","floor":19.0,"turns":3.0},{"damage":20.0,"enemies":"Centurion and Healer","floor":22.0,"turns":4.0},{"damage":25.0,"enemies":"Gremlin Leader","floor":24.0,"turns":4.0},{"damage":8.0,"enemies":"Snecko","floor":25.0,"turns":4.0},{"damage":28.0,"enemies":"Snake Plant","floor":28.0,"turns":4.0},{"damage":21.0,"enemies":"Centurion and Healer","floor":30.0,"turns":4.0},{"damage":0.0,"enemies":"Cultist and Chosen","floor":31.0,"turns":4.0},{"damage":77,"enemies":"Champ","floor":33,"turns":10},{"damage":0,"enemies":"Orb Walker","floor":35,"turns":1},{"damage":13,"enemies":"3 Shapes","floor":36,"turns":2},{"damage":16,"enemies":"Transient","floor":37,"turns":5},{"damage":34,"enemies":"Maw","floor":41,"turns":5},{"damage":22,"enemies":"3 Darklings","floor":44,"turns":2},{"damage":22,"enemies":"Orin","floor":46,"turns":8},{"damage":87,"enemies":"Donu and Deca","floor":50,"turns":6}],"seed_played":"-4672169591875604971","potions_obtained":[{"floor":2.0,"key":"SkillPotion"},{"floor":5.0,"key":"Weak Potion"},{"floor":8.0,"key":"FairyPotion"},{"floor":11.0,"key":"Strength Potion"},{"floor":16.0,"key":"EssenceOfSteel"},{"floor":18.0,"key":"FairyPotion"},{"floor":25.0,"key":"Explosive Potion"},{"floor":28.0,"key":"BlessingOfTheForge"},{"floor":33,"key":"BlessingOfTheForge"},{"floor":46,"key":"Block Potion"}],"is_trial":false,"path_per_floor":["M","?","M","M","M","R","E","M","T","R","E","M","E","?","R","B",null,"M","M","?","?","M","R","E","M","T","R","M","$","M","M","R","B",null,"M","M","M","?","$","R","M","R","T","M","R","?","R","?","R","B",null],"character_chosen":"MARISA","items_purchased":["Molten Egg 2","MaximisePower","Apotheosis"],"campfire_rested":1,"item_purchase_floors":[29,29,39],"current_hp_per_floor":[75,75,71,70,64,64,60,46,46,46,40,39,31,31,53,43,75,70,70,70,70,50,50,39,43,43,43,29,29,22,36,36,36,83,83,70,58,58,58,58,38,38,38,30,30,30,30,30,30,22],"gold":0,"neow_bonus":"RANDOM_COMMON_RELIC","is_daily":false,"chose_seed":false,"campfire_upgraded":3,"win_rate":0.0,"timestamp":1609257676,"path_taken":["M","?","M","?","M","R","E","M","T","R","E","?","E","?","R","BOSS","M","M","?","?","M","R","E","M","T","R","M","$","M","M","R","BOSS","M","?","M","?","$","R","M","R","T","M","R","?","R","?","R","BOSS"],"items_purchased_type":["Relic","Card","Card"],"build_version":"2020-12-22","purchased_purges":0,"victory":true,"max_hp_per_floor":[75,75,75,75,75,75,75,75,75,75,75,75,75,75,75,75,75,75,75,75,75,75,75,77,77,77,77,79,79,81,83,83,83,83,83,83,83,83,83,83,85,85,85,85,85,87,87,87,87,87],"card_choices":[{"not_picked":["WitchLeyline","MilkyWay"],"picked":"PulseMagic","floor":1.0},{"not_picked":["WitchLeyline","NonDirectionalLaser"],"picked":"MilkyWay","floor":3.0},{"not_picked":["OpenUniverse","OneTimeOff"],"picked":"DarkMatter","floor":4.0},{"not_picked":["NonDirectionalLaser","GravityBeat"],"picked":"ShootTheMoon","floor":5.0},{"not_picked":["RefractionSpark","MagicAbsorber"],"picked":"PowerUp","floor":7.0},{"not_picked":["ChargingUp","GalacticHalo"],"picked":"DoubleSpark","floor":8.0},{"not_picked":["GalacticHalo","DC","SporeBomb"],"picked":"SKIP","floor":11.0},{"not_picked":["DC","SporeBomb"],"picked":"GalacticHalo","floor":11.0},{"not_picked":["DoubleSpark","Acceleration"],"picked":"EnergyFlow","floor":12.0},{"not_picked":["FairyDestructionRay","SporeBomb"],"picked":"CasketOfStar","floor":13.0},{"not_picked":["EscapeVelocity","MillisecondPulsars"],"picked":"FinalSpark","floor":16.0},{"not_picked":["Acceleration","IllusionStar","EnergyRecoil"],"picked":"SKIP","floor":18.0},{"not_picked":["FairyDestructionRay","MilkyWay","AsteroidBelt+1"],"picked":"SKIP","floor":19.0},{"not_picked":["SporeBomb","StarlightTyphoon"],"picked":"MagicAbsorber","floor":22.0},{"not_picked":["ChargingUp","WitchOfGreed","ManaConvection"],"picked":"Singing Bowl","floor":24.0},{"not_picked":["WitchOfGreed","DoubleSpark"],"picked":"GalacticHalo","floor":25.0},{"not_picked":["LuminesStrike","MysteriousBeam","IllusionStar"],"picked":"Singing Bowl","floor":28.0},{"not_picked":["BlazeAway+1","NonDirectionalLaser+1","LuminesStrike+1"],"picked":"Singing Bowl","floor":30.0},{"not_picked":["StarlightTyphoon+1","DC+1","SporeBomb"],"picked":"Singing Bowl","floor":31.0},{"not_picked":["BlazingStar+1","CasketOfStar"],"picked":"FinalSpark+1","floor":33},{"not_picked":["IllusionStar","MysteriousBeam+1"],"picked":"EarthLightRay","floor":35},{"not_picked":["EarthLightRay","SuperPerseids"],"picked":"BlazeAway","floor":36},{"not_picked":["Acceleration+1","MachineGunSpark+1"],"picked":"MilkyWay+1","floor":37},{"not_picked":["NonDirectionalLaser+1","MysteriousBeam+1","GravityBeat+1"],"picked":"Singing Bowl","floor":41},{"not_picked":["MysteriousBeam+1","MilkyWay+1"],"picked":"DoubleSpark+1","floor":44},{"not_picked":["GravityBeat+1","FairyDestructionRay+1","MilkyWay+1"],"picked":"Singing Bowl","floor":46}],"player_experience":258768,"relics_obtained":[{"floor":7.0,"key":"Meat on the Bone"},{"floor":9.0,"key":"Blue Candle"},{"floor":11.0,"key":"Omamori"},{"floor":13.0,"key":"Darkstone Periapt"},{"floor":24.0,"key":"Singing Bowl"},{"floor":26.0,"key":"Shovel"},{"floor":27.0,"key":"Pantograph"},{"floor":32.0,"key":"Lizard Tail"},{"floor":40,"key":"CeramicFish"},{"floor":42,"key":"Bronze Scales"},{"floor":43,"key":"Blood Vial"},{"floor":45,"key":"Juzu Bracelet"},{"floor":46,"key":"CatCart"},{"floor":47,"key":"Potion Belt"},{"floor":49,"key":"FossilizedHelix"}],"event_choices":[{"damage_healed":0.0,"max_hp_gain":0.0,"max_hp_loss":0.0,"gold_gain":0.0,"event_name":"The Woman in Blue","player_choice":"Bought 1 Potion","floor":2.0,"gold_loss":0.0,"damage_taken":0.0},{"cards_removed":["GalacticHalo"],"damage_healed":0.0,"max_hp_gain":0.0,"max_hp_loss":0.0,"gold_gain":0.0,"event_name":"The Cleric","player_choice":"Card Removal","floor":14.0,"gold_loss":50.0,"damage_taken":0.0},{"damage_healed":0.0,"max_hp_gain":0.0,"max_hp_loss":0.0,"gold_gain":0.0,"event_name":"Vampires","player_choice":"Ignored","floor":20.0,"gold_loss":0.0,"damage_taken":0.0},{"damage_healed":0.0,"max_hp_gain":0.0,"max_hp_loss":0.0,"gold_gain":0.0,"event_name":"WeMeetAgain","player_choice":"Gave Potion","floor":21.0,"gold_loss":0.0,"damage_taken":0.0,"relics_obtained":["InkBottle"]},{"damage_healed":0,"gold_gain":0,"player_choice":"Upgraded","damage_taken":0,"max_hp_gain":0,"max_hp_loss":0,"event_name":"Upgrade Shrine","floor":38,"gold_loss":0,"cards_upgraded":["BlazeAway"]},{"damage_healed":0,"gold_gain":0,"player_choice":"Fight","damage_taken":0,"max_hp_gain":0,"max_hp_loss":0,"event_name":"OrinTheCat","floor":46,"gold_loss":0},{"damage_healed":0,"gold_gain":0,"player_choice":"Paid","damage_taken":0,"relics_obtained":["Red Mask"],"max_hp_gain":0,"max_hp_loss":0,"event_name":"Tomb of Lord Red Mask","floor":48,"gold_loss":148}],"is_beta":false,"boss_relics":[{"not_picked":["Ectoplasm","Philosopher\u0027s Stone"],"picked":"Snecko Eye"},{"not_picked":["Velvet Choker","Empty Cage"],"picked":"BewitchedHakkero"}],"items_purged_floors":[],"is_endless":false,"potions_floor_spawned":[5,8,11,16,18,25,28,30,31,33,46],"ascension_level":1}}