{"host":"2m78pqva0leqn903","time":1609260388,"event":{"mods":["BaseMod","Minty Spire (QoL Compilation)","StSLib","TestMod"],"gold_per_floor":[116,135,145,70,70,95,95,129,129,143,143,143],"floor_reached":11,"playtime":555,"items_purged":["Strike_R"],"score":166,"play_id":"d7983242-50ba-47ce-9965-a6940744fa81","local_time":"20201230004628","is_ascension_mode":true,"campfire_choices":[],"circlet_count":0,"master_deck":["AscendersBane","Strike_R","Strike_R","Strike_R","Strike_R","Defend_R","Defend_R","Defend_R","Defend_R","Bash","Twin Strike","Regret","Barricade"],"relics":["Burning Blood","testmod-TestBox","testmod-SaigiyounoYou","Boot","Molten Egg 2","Orichalcum","Blue Candle","Bag of Preparation","Matryoshka"],"acts_visited":["Exordium"],"potions_floor_usage":[6,6,8],"damage_taken":[{"damage":11,"enemies":"2 Louse","floor":1,"turns":3},{"damage":14,"enemies":"Jaw Worm","floor":2,"turns":3},{"damage":6,"enemies":"Cultist","floor":3,"turns":3},{"damage":35,"enemies":"Gremlin Nob","floor":6,"turns":4},{"damage":46,"enemies":"3 Sentries","floor":8,"turns":11},{"damage":21,"enemies":"Exordium Wildlife","floor":10,"turns":3},{"damage":29,"enemies":"Lagavulin","floor":11,"turns":8}],"seed_played":"-7500020426522570261","potions_obtained":[{"floor":1,"key":"Swift Potion"},{"floor":2,"key":"Fire Potion"},{"floor":6,"key":"Explosive Potion"}],"is_trial":false,"path_per_floor":["M","M","M","$","?","E","T","E","T","M","E"],"character_chosen":"IRONCLAD","items_purchased":[],"campfire_rested":0,"item_purchase_floors":[],"current_hp_per_floor":[68,66,73,73,73,53,53,32,32,26,7,7],"gold":143,"neow_bonus":"RANDOM_COMMON_RELIC","is_daily":false,"chose_seed":false,"campfire_upgraded":0,"win_rate":0.0,"timestamp":1609260388,"path_taken":["M","M","M","$","?","E","?","E","T","M","E"],"items_purchased_type":[],"build_version":"2020-12-22","purchased_purges":1,"victory":false,"max_hp_per_floor":[75,75,75,75,75,75,75,75,75,75,75,75],"card_choices":[{"not_picked":["Armaments","Anger","Cleave"],"picked":"SKIP","floor":1},{"not_picked":["Warcry","Armaments","Intimidate"],"picked":"SKIP","floor":2},{"not_picked":["Iron Wave","Armaments"],"picked":"Twin Strike","floor":3},{"not_picked":["Burning Pact","Wild Strike+1","Pommel Strike+1"],"picked":"SKIP","floor":6},{"not_picked":["Thunderclap+1","Armaments"],"picked":"Barricade","floor":8},{"not_picked":["Headbutt+1","Clash+1","Armaments"],"picked":"SKIP","floor":10}],"player_experience":871057,"relics_obtained":[{"floor":6,"key":"Orichalcum"},{"floor":7,"key":"Blue Candle"},{"floor":8,"key":"Bag of Preparation"},{"floor":9,"key":"Matryoshka"}],"event_choices":[{"damage_healed":0,"gold_gain":0,"player_choice":"Box","damage_taken":0,"relics_obtained":["Molten Egg 2"],"max_hp_gain":0,"max_hp_loss":0,"event_name":"Big Fish","floor":5,"gold_loss":0,"cards_obtained":["Regret"]}],"is_beta":false,"boss_relics":[],"items_purged_floors":[4],"is_endless":false,"potions_floor_spawned":[1,2,6],"killed_by":"Lagavulin","ascension_level":20}}