{"host":"cyh4fejqtcjbfr7k","time":1609221658,"event":{"mods":["2.2 Compatiblity","AchievementEnabler","BaseMod","Colored Map","Colored Powertips","DeckTracker","Downfall","Googly Eyes","Hubris","Infinite Spire","Minty Spire (QoL Compilation)","Replay The Spire","Shop Mod","StSLib","SuperFastMode","Unceasing Turn Reminder"],"gold_per_floor":[110,130,130,130,130,164,164,176,176,176,108,137,153,167,167,167,167],"floor_reached":16,"playtime":557,"items_purged":[],"score":132,"play_id":"0549dfa3-a1d6-4746-9ecd-72d2795a803d","local_time":"20201228230058","is_ascension_mode":true,"campfire_choices":[{"floor":7,"key":"REST"},{"floor":10,"key":"REST"},{"floor":15,"key":"REST"}],"circlet_count":0,"master_deck":["Strike_G","Strike_G","Strike_G","Strike_G","Defend_G","Defend_G","Defend_G","Defend_G","Defend_G","Survivor","Neutralize","Grand Finale","Dagger Spray","Distraction","Backstab+1","Cloak And Dagger","Poisoned Stab","Footwork","Well Laid Plans","Blade Dance","Outmaneuver"],"relics":["Ring of the Snake","HornCleat","infinitespire:CheckeredPen","Lantern"],"acts_visited":["Exordium"],"potions_floor_usage":[12,12,14,16],"damage_taken":[{"damage":6,"enemies":"Small Slimes","floor":1,"turns":6},{"damage":0,"enemies":"Jaw Worm","floor":2,"turns":4},{"damage":47,"enemies":"3 Sentries","floor":6,"turns":14},{"damage":0,"enemies":"2 Louse","floor":8,"turns":1},{"damage":8,"enemies":"Gremlin Nob","floor":12,"turns":4},{"damage":0,"enemies":"Blue Slaver","floor":13,"turns":2},{"damage":0,"enemies":"3 Louse","floor":14,"turns":1},{"damage":84,"enemies":"The Guardian","floor":16,"turns":15}],"seed_played":"-3672901368954434163","potions_obtained":[{"floor":6,"key":"AttackPotion"},{"floor":8,"key":"hexamod:EctoCoolerPotion"},{"floor":12,"key":"Reflective Coating"},{"floor":13,"key":"SteroidPotion"}],"is_trial":false,"path_per_floor":["M","M","?","$","?","E","R","M","T","R","$","E","M","M","R","B"],"character_chosen":"THE_SILENT","items_purchased":["Footwork"],"campfire_rested":3,"item_purchase_floors":[11],"current_hp_per_floor":[64,64,64,64,64,17,38,38,38,59,59,51,51,51,70,0,0],"gold":167,"neow_bonus":"ONE_RANDOM_RARE_CARD","is_daily":false,"chose_seed":false,"campfire_upgraded":0,"win_rate":0.0,"timestamp":1609221658,"path_taken":["M","M","?","$","?","E","R","M","T","R","$","E","M","M","R","BOSS"],"items_purchased_type":["Card"],"build_version":"2020-12-22","purchased_purges":0,"victory":false,"max_hp_per_floor":[70,70,70,70,70,70,70,70,70,70,70,70,70,70,70,70,70],"card_choices":[{"not_picked":["Bane","Hidden Blade"],"picked":"Dagger Spray","floor":1},{"not_picked":["Backflip","Bouncing Flask"],"picked":"Distraction","floor":2},{"not_picked":["Reflex","Bane"],"picked":"Cloak And Dagger","floor":6},{"not_picked":["Dagger Throw","Storm of Steel"],"picked":"Poisoned Stab","floor":8},{"not_picked":["Concentrate","Underhanded Strike"],"picked":"Well Laid Plans","floor":12},{"not_picked":["ReplayTheSpireMod:Speed Training","Underhanded Strike"],"picked":"Blade Dance","floor":13},{"not_picked":["Prepared","Flying Knee"],"picked":"Outmaneuver","floor":14}],"player_experience":619238,"relics_obtained":[{"floor":6,"key":"HornCleat"},{"floor":9,"key":"infinitespire:CheckeredPen"},{"floor":12,"key":"Lantern"}],"event_choices":[{"damage_healed":0,"gold_gain":0,"player_choice":"Leave","damage_taken":0,"max_hp_gain":0,"max_hp_loss":0,"event_name":"The Cleric","floor":5,"gold_loss":0}],"is_beta":false,"boss_relics":[],"items_purged_floors":[],"is_endless":false,"potions_floor_spawned":[6,8,12,13],"killed_by":"The Guardian","ascension_level":4}}