{"host":"78zdngn0u28jm0pp","time":1609223805,"event":{"mods":["BaseMod","Jorbs\u0027s Wanderer Trilogy","Minty Spire (QoL Compilation)","Permanent Neow","Quick Restart","Relic Stats","StSLib","Unceasing Turn Reminder"],"gold_per_floor":[112,112,112,16,16,16,16],"floor_reached":6,"playtime":178,"items_purged":[],"score":64,"play_id":"7b720c20-d0aa-462b-b4bd-57b1bb199ff5","local_time":"20201228233645","is_ascension_mode":true,"campfire_choices":[],"circlet_count":0,"master_deck":["AscendersBane","Strike_G","Strike_G","Strike_G","Strike_G","Defend_G","Defend_G","Defend_G","Defend_G","Defend_G","Survivor","Neutralize","Flying Knee","Leg Sweep"],"relics":["Snecko Eye","Blood Vial","Golden Idol"],"acts_visited":["Exordium"],"potions_floor_usage":[6],"damage_taken":[{"damage":2,"enemies":"Jaw Worm","floor":1,"turns":5},{"damage":9,"enemies":"3 Sentries","floor":6,"turns":6}],"seed_played":"1773316843693840382","potions_obtained":[],"is_trial":false,"path_per_floor":["M","?","?","$","?","E"],"character_chosen":"THE_SILENT","items_purchased":["Leg Sweep","SkillPotion"],"campfire_rested":0,"item_purchase_floors":[4,4],"current_hp_per_floor":[57,39,32,32,32,25,25],"gold":16,"neow_bonus":"BOSS_RELIC","is_daily":false,"chose_seed":false,"campfire_upgraded":0,"win_rate":0.0,"timestamp":1609223805,"path_taken":["M","?","?","$","?","E"],"items_purchased_type":["Card","Potion"],"build_version":"2020-12-22","purchased_purges":0,"victory":false,"max_hp_per_floor":[66,66,66,66,60,60,60],"relic_stats":{"Blood Vial":2,"counters":[2,11],"Golden Idol":0,"Snecko Eye":[16,14,15,17],"obtain_stats":[{"Blood Vial":2,"Golden Idol":5,"Snecko Eye":0,"Ring of the Snake":0},{"Blood Vial":1,"Golden Idol":1,"Snecko Eye":0,"Ring of the Snake":0},{"Blood Vial":5,"Golden Idol":5,"Snecko Eye":0,"Ring of the Snake":0}]},"card_choices":[{"not_picked":["Poisoned Stab","Quick Slash"],"picked":"Flying Knee","floor":1}],"player_experience":704217,"relics_obtained":[],"event_choices":[{"damage_healed":0,"gold_gain":0,"player_choice":"Success","damage_taken":18,"relics_obtained":["Blood Vial"],"max_hp_gain":0,"max_hp_loss":0,"event_name":"Scrap Ooze","floor":2,"gold_loss":0},{"cards_removed":["Strike_G"],"damage_healed":0,"gold_gain":0,"player_choice":"Card Removal","damage_taken":7,"max_hp_gain":0,"max_hp_loss":0,"event_name":"Golden Wing","floor":3,"gold_loss":0},{"damage_healed":0,"gold_gain":0,"player_choice":"Lose Max HP","damage_taken":0,"relics_obtained":["Golden Idol"],"max_hp_gain":0,"max_hp_loss":6,"event_name":"Golden Idol","floor":5,"gold_loss":0}],"is_beta":false,"boss_relics":[],"items_purged_floors":[],"is_endless":false,"potions_floor_spawned":[],"killed_by":"3 Sentries","ascension_level":20}}