{"host":"56ghxnzsglgdq727","time":1609281344,"event":{"mods":["AchievementEnabler","BaseMod","Minty Spire (QoL Compilation)"],"gold_per_floor":[17,17,17,32,32,65,65,76,100,100,100,100,114,134,134,239,239,258,278,89,188,202,237,237,237,283,283,283],"floor_reached":27,"playtime":728,"items_purged":[],"score":243,"play_id":"34a4683d-3337-4fe7-a8bb-2fe4318d92bf","local_time":"20201229173544","is_ascension_mode":true,"campfire_choices":[{"data":"Armaments","floor":7.0,"key":"SMITH"},{"data":"Cleave","floor":10.0,"key":"SMITH"},{"data":"Bash","floor":12.0,"key":"SMITH"},{"data":"Ghostly Armor","floor":15.0,"key":"SMITH"},{"data":"Mayhem","floor":24.0,"key":"SMITH"}],"circlet_count":0,"master_deck":["Strike_R","Strike_R","Defend_R","Defend_R","Defend_R","Defend_R","Bash+1","Juggernaut+1","Armaments+1","Cleave+1","Ghostly Armor+1","Juggernaut","Body Slam","Mayhem+1","Body Slam+1","Infernal Blade","Second Wind"],"relics":["Burning Blood","Ornamental Fan","Blood Vial","Bag of Preparation","Black Star","Tiny Chest","Happy Flower","Centennial Puzzle"],"acts_visited":["Exordium","TheCity"],"potions_floor_usage":[],"damage_taken":[{"damage":10.0,"enemies":"2 Louse","floor":1.0,"turns":3.0},{"damage":0.0,"enemies":"Small Slimes","floor":4.0,"turns":3.0},{"damage":13.0,"enemies":"3 Sentries","floor":6.0,"turns":6.0},{"damage":0.0,"enemies":"Cultist","floor":8.0,"turns":4.0},{"damage":7.0,"enemies":"Exordium Thugs","floor":13.0,"turns":4.0},{"damage":0.0,"enemies":"3 Louse","floor":14.0,"turns":2.0},{"damage":30.0,"enemies":"The Guardian","floor":16.0,"turns":12.0},{"damage":5.0,"enemies":"Chosen","floor":18.0,"turns":6.0},{"damage":7.0,"enemies":"Shell Parasite","floor":19.0,"turns":6.0},{"damage":17.0,"enemies":"Snake Plant","floor":22.0,"turns":4.0},{"damage":56.0,"enemies":"Slavers","floor":23.0,"turns":6.0},{"damage":0,"enemies":"Centurion and Healer","floor":27,"turns":1}],"seed_played":"-2234490981628792690","potions_obtained":[{"floor":4.0,"key":"DuplicationPotion"},{"floor":8.0,"key":"ColorlessPotion"},{"floor":16.0,"key":"Strength Potion"},{"floor":19.0,"key":"EssenceOfSteel"},{"floor":22.0,"key":"PowerPotion"}],"is_trial":false,"path_per_floor":["M","?","?","M","T","E","R","M","T","R","?","R","M","M","R","B",null,"M","M","$","?","M","E","R","?","T","M"],"character_chosen":"IRONCLAD","items_purchased":["Mayhem"],"campfire_rested":0,"item_purchase_floors":[20],"current_hp_per_floor":[76,76,76,80,80,73,73,80,80,80,80,80,79,80,80,56,80,80,79,79,79,69,21,21,21,21,23,23],"gold":283,"neow_bonus":"THREE_RARE_CARDS","is_daily":false,"chose_seed":false,"campfire_upgraded":5,"win_rate":0.0,"timestamp":1609281344,"path_taken":["M","?","?","?","?","E","R","M","T","R","?","R","?","M","R","BOSS","M","M","$","?","M","E","R","?","T","M"],"items_purchased_type":["Card"],"build_version":"2020-12-22","purchased_purges":0,"victory":false,"max_hp_per_floor":[80,80,80,80,80,80,80,80,80,80,80,80,80,80,80,80,80,80,80,80,80,80,80,80,80,80,80,80],"card_choices":[{"not_picked":["Exhume","Fiend Fire"],"picked":"Juggernaut","floor":0.0},{"not_picked":["True Grit","Thunderclap"],"picked":"Armaments","floor":1.0},{"not_picked":["Perfected Strike","Bloodletting"],"picked":"Ghostly Armor","floor":4.0},{"not_picked":["Combust","Disarm","Flex"],"picked":"SKIP","floor":6.0},{"not_picked":["True Grit","Whirlwind","Spot Weakness"],"picked":"SKIP","floor":8.0},{"not_picked":["Second Wind","Sever Soul","Sword Boomerang"],"picked":"SKIP","floor":13.0},{"not_picked":["Iron Wave","Combust","Double Tap"],"picked":"SKIP","floor":14.0},{"not_picked":["Berserk","Feed"],"picked":"Juggernaut","floor":16.0},{"not_picked":["Headbutt","Pommel Strike","Dual Wield"],"picked":"SKIP","floor":18.0},{"not_picked":["Intimidate","Feel No Pain"],"picked":"Body Slam","floor":19.0},{"not_picked":["Warcry","Headbutt","Cleave"],"picked":"SKIP","floor":22.0},{"not_picked":["Battle Trance","Blood for Blood+1"],"picked":"Body Slam+1","floor":23.0}],"player_experience":51734,"relics_obtained":[{"floor":5.0,"key":"Ornamental Fan"},{"floor":6.0,"key":"Blood Vial"},{"floor":9.0,"key":"Bag of Preparation"},{"floor":23.0,"key":"Tiny Chest"},{"floor":23.0,"key":"Happy Flower"},{"floor":26.0,"key":"Centennial Puzzle"}],"event_choices":[{"damage_healed":0.0,"max_hp_gain":0.0,"max_hp_loss":0.0,"gold_gain":0.0,"event_name":"Living Wall","player_choice":"Grow","floor":2.0,"gold_loss":0.0,"damage_taken":0.0,"cards_upgraded":["Juggernaut"]},{"damage_healed":0.0,"max_hp_gain":0.0,"max_hp_loss":0.0,"gold_gain":0.0,"cards_transformed":["Strike_R"],"event_name":"Transmorgrifier","player_choice":"Transformed","floor":3.0,"gold_loss":0.0,"damage_taken":0.0,"cards_obtained":["Cleave"]},{"damage_healed":0.0,"max_hp_gain":0.0,"max_hp_loss":0.0,"gold_gain":0.0,"event_name":"The Woman in Blue","player_choice":"Bought 0 Potions","floor":11.0,"gold_loss":0.0,"damage_taken":0.0},{"damage_healed":0.0,"max_hp_gain":0.0,"max_hp_loss":0.0,"gold_gain":99.0,"event_name":"Nest","player_choice":"Stole From Cult","floor":21.0,"gold_loss":0.0,"damage_taken":0.0},{"damage_healed":0.0,"max_hp_gain":0.0,"max_hp_loss":0.0,"gold_gain":0.0,"cards_transformed":["Strike_R","Strike_R"],"event_name":"Drug Dealer","player_choice":"Became Test Subject","floor":25.0,"gold_loss":0.0,"damage_taken":0.0,"cards_obtained":["Infernal Blade","Second Wind"]}],"is_beta":false,"boss_relics":[{"not_picked":["Cursed Key","Pandora\u0027s Box"],"picked":"Black Star"}],"items_purged_floors":[],"is_endless":false,"potions_floor_spawned":[4,8,16,19,22],"killed_by":"Centurion and Healer","ascension_level":1}}