{"host":"0cgp910o8339lr91","time":1609207077,"event":{"mods":["BaseMod","Colored Map","Filter the Spire","Minty Spire (QoL Compilation)","Relic Stats","Slay-I","ojb\u0027s Better Paths Mod","ojb\u0027s Info Mod"],"gold_per_floor":[112,128,138,152,152,180,180,209,209,209,234,6,6,6,6,104,104,122,140,151,163,177,177,203,218,287,304,304,330,330,330],"floor_reached":30,"playtime":3039,"items_purged":[],"score":569,"play_id":"376943b5-3aef-4679-a8e6-e47f5866e5f7","local_time":"20201229025757","is_ascension_mode":true,"campfire_choices":[{"data":"WindmillStrike","floor":7.0,"key":"SMITH"},{"data":"Vault","floor":10.0,"key":"SMITH"},{"data":"Adaptation","floor":13.0,"key":"SMITH"},{"data":"Tantrum","floor":15.0,"key":"SMITH"},{"data":"Consecrate","floor":23.0,"key":"SMITH"}],"circlet_count":0,"master_deck":["AscendersBane","Eruption+1","Vigilance","Pray","EmptyBody","DeceiveReality","FlyingSleeves","DeusExMachina","Adaptation+1","LikeWater","Crescendo+1","WindmillStrike+1","Consecrate+1","Tantrum+1","Protect","Vault+1","MentalFortress+1","Adaptation+1","DevaForm+1","Tantrum","Study+1","DeceiveReality","FlurryOfBlows"],"relics":["Pandora\u0027s Box","Pen Nib","Frozen Egg 2","Sundial","Mummified Hand","Vajra","Sozu","HornCleat","Bottled Tornado","MutagenicStrength","Oddly Smooth Stone"],"acts_visited":["Exordium","TheCity"],"potions_floor_usage":[],"damage_taken":[{"damage":6.0,"enemies":"Small Slimes","floor":1.0,"turns":4.0},{"damage":0.0,"enemies":"Jaw Worm","floor":2.0,"turns":5.0},{"damage":0.0,"enemies":"Cultist","floor":3.0,"turns":3.0},{"damage":0.0,"enemies":"Exordium Thugs","floor":4.0,"turns":4.0},{"damage":0.0,"enemies":"Lagavulin","floor":6.0,"turns":4.0},{"damage":5.0,"enemies":"Gremlin Nob","floor":8.0,"turns":3.0},{"damage":2.0,"enemies":"3 Sentries","floor":11.0,"turns":6.0},{"damage":0.0,"enemies":"Slime Boss","floor":16.0,"turns":3.0},{"damage":0.0,"enemies":"Spheric Guardian","floor":18.0,"turns":4.0},{"damage":1.0,"enemies":"3 Byrds","floor":19.0,"turns":3.0},{"damage":4.0,"enemies":"Cultist and Chosen","floor":20.0,"turns":3.0},{"damage":24.0,"enemies":"Snake Plant","floor":21.0,"turns":3.0},{"damage":0.0,"enemies":"Snecko","floor":22.0,"turns":4.0},{"damage":14.0,"enemies":"Book of Stabbing","floor":24.0,"turns":5.0},{"damage":0.0,"enemies":"Sentry and Sphere","floor":25.0,"turns":2.0},{"damage":0.0,"enemies":"Snake Plant","floor":27.0,"turns":4.0},{"damage":17,"enemies":"Slavers","floor":29,"turns":4},{"damage":4,"enemies":"Chosen and Byrds","floor":30,"turns":1}],"seed_played":"6702108366166599307","potions_obtained":[{"floor":4.0,"key":"StancePotion"},{"floor":11.0,"key":"ColorlessPotion"},{"floor":16.0,"key":"StancePotion"}],"is_trial":false,"path_per_floor":["M","M","M","M","?","E","R","E","T","R","E","$","R","$","R","B",null,"M","M","M","M","M","R","E","M","T","M","?","E","M"],"character_chosen":"WATCHER","items_purchased":["Vajra","Adaptation+1"],"campfire_rested":0,"item_purchase_floors":[12,12],"current_hp_per_floor":[59,59,59,59,45,45,45,40,40,40,38,38,38,38,38,38,64,64,63,59,35,35,35,21,21,21,21,21,4,0,0],"gold":330,"neow_bonus":"BOSS_RELIC","is_daily":false,"chose_seed":false,"campfire_upgraded":5,"win_rate":0.0,"timestamp":1609207077,"path_taken":["M","M","M","M","?","E","R","E","T","R","E","$","R","?","R","BOSS","M","M","?","M","M","R","E","M","T","M","?","E","M"],"items_purchased_type":["Relic","Card"],"build_version":"2020-12-22","purchased_purges":0,"victory":false,"max_hp_per_floor":[72,72,72,72,72,72,72,72,72,72,72,72,72,72,72,72,72,72,72,72,72,72,72,72,72,72,72,72,72,72,72],"relic_stats":{"Sozu":5,"counters":[18,65],"Sundial":[8],"Mummified Hand":[76],"Pandora\u0027s Box":["Pray","EmptyBody","DeceiveReality","FlyingSleeves","DeusExMachina","Adaptation","LikeWater","Crescendo"],"Pen Nib":[8],"obtain_stats":[{"Sozu":17,"HornCleat":24,"Sundial":9,"Mummified Hand":11,"MutagenicStrength":28,"Vajra":12,"Oddly Smooth Stone":29,"Pandora\u0027s Box":0,"Pen Nib":6,"PureWater":0,"Frozen Egg 2":8,"Bottled Tornado":26},{"Sozu":8,"HornCleat":14,"Sundial":6,"Mummified Hand":7,"MutagenicStrength":16,"Vajra":7,"Oddly Smooth Stone":17,"Pandora\u0027s Box":0,"Pen Nib":5,"PureWater":0,"Frozen Egg 2":6,"Bottled Tornado":15},{"Sozu":32,"HornCleat":54,"Sundial":23,"Mummified Hand":29,"MutagenicStrength":60,"Vajra":29,"Oddly Smooth Stone":64,"Pandora\u0027s Box":0,"Pen Nib":20,"PureWater":0,"Frozen Egg 2":23,"Bottled Tornado":56}]},"card_choices":[{"not_picked":["FollowUp","Prostrate","EmptyBody"],"picked":"SKIP","floor":1.0},{"not_picked":["Halt","Indignation"],"picked":"WindmillStrike","floor":2.0},{"not_picked":["Vengeance","ThirdEye"],"picked":"Consecrate","floor":3.0},{"not_picked":["ForeignInfluence","FearNoEvil"],"picked":"Tantrum","floor":4.0},{"not_picked":["WreathOfFlame","ClearTheMind"],"picked":"Protect","floor":6.0},{"not_picked":["ThirdEye","JustLucky"],"picked":"Vault","floor":8.0},{"not_picked":["EmptyBody","PathToVictory"],"picked":"MentalFortress+1","floor":11.0},{"not_picked":["Ragnarok","Establishment+1"],"picked":"DevaForm+1","floor":16.0},{"not_picked":["EmptyFist","Prostrate","Protect+1"],"picked":"SKIP","floor":18.0},{"not_picked":["Indignation+1","WaveOfTheHand"],"picked":"Tantrum","floor":19.0},{"not_picked":["EmptyMind","Consecrate"],"picked":"Study+1","floor":20.0},{"not_picked":["SignatureMove","PathToVictory","Perseverance"],"picked":"SKIP","floor":21.0},{"not_picked":["Halt","Pray","Nirvana+1"],"picked":"SKIP","floor":22.0},{"not_picked":["CrushJoints+1","WreathOfFlame","Protect"],"picked":"SKIP","floor":24.0},{"not_picked":["CarveReality","EmptyFist"],"picked":"DeceiveReality","floor":25.0},{"not_picked":["Consecrate+1","Devotion+1","JustLucky"],"picked":"SKIP","floor":27.0},{"not_picked":["Weave+1","WindmillStrike+1"],"picked":"FlurryOfBlows","floor":29}],"player_experience":1108923,"relics_obtained":[{"floor":6.0,"key":"Pen Nib"},{"floor":8.0,"key":"Frozen Egg 2"},{"floor":9.0,"key":"Sundial"},{"floor":11.0,"key":"Mummified Hand"},{"floor":24.0,"key":"HornCleat"},{"floor":26.0,"key":"Bottled Tornado"},{"floor":29,"key":"Oddly Smooth Stone"}],"event_choices":[{"damage_healed":0.0,"max_hp_gain":0.0,"max_hp_loss":0.0,"gold_gain":0.0,"event_name":"Shining Light","player_choice":"Entered Light","floor":5.0,"gold_loss":0.0,"damage_taken":14.0,"cards_upgraded":["Eruption","Crescendo"]},{"damage_healed":0.0,"max_hp_gain":0.0,"max_hp_loss":0.0,"gold_gain":0.0,"event_name":"Drug Dealer","player_choice":"Inject Mutagens","floor":28.0,"gold_loss":0.0,"damage_taken":0.0,"relics_obtained":["MutagenicStrength"]}],"is_beta":false,"boss_relics":[{"not_picked":["Black Star","Ectoplasm"],"picked":"Sozu"}],"items_purged_floors":[],"is_endless":false,"potions_floor_spawned":[4,11,16,20,22,25,27,29],"killed_by":"Chosen and Byrds","ascension_level":11}}