{"host":"840yoaz69lavfcgt","time":1609218471,"event":{"mods":["BaseMod","Colored Powertips","DeckTracker","Highlight Path","Minty Spire (QoL Compilation)","Synergy Search"],"gold_per_floor":[117,117,128,128,140,171,185,185,185,199,233,233,408,0,0,95,95,115,126,326,341,355,380,394,414,439,439,36,62,79,93,93,193,193,205,225,239,254,274,300,300,331,356,380,392,454,479,505,517,529],"floor_reached":51,"playtime":3422,"items_purged":["Doubt"],"score":917,"play_id":"35a7638b-7701-454b-af41-5a7036d3b206","local_time":"20201229000751","is_ascension_mode":false,"campfire_choices":[{"data":"Vault","floor":12.0,"key":"SMITH"},{"floor":15.0,"key":"REST"},{"floor":27.0,"key":"REST"},{"floor":32.0,"key":"REST"},{"floor":49.0,"key":"REST"}],"circlet_count":0,"master_deck":["Strike_P","Strike_P","Strike_P+1","Defend_P+1","Defend_P+1","Defend_P+1","Defend_P","Eruption+1","Vigilance+1","SandsOfTime","Vault+1","Protect+1","Crescendo","Vengeance+1","Wallop+1","ClearTheMind+1","ReachHeaven+1","LessonLearned+1","Consecrate+1","LessonLearned+1","SashWhip+1","FearNoEvil+1","FearNoEvil+1","BowlingBash+1","FlurryOfBlows+1","Indignation","WheelKick+1","ClearTheMind+1","FlurryOfBlows+1","Mind Blast+1","WindmillStrike+1","PathToVictory+1","PathToVictory+1","Consecrate+1","Judgement","Wallop+1","CrushJoints+1","Halt+1","JustLucky+1","PathToVictory+1","FearNoEvil+1","Tantrum+1","JustLucky+1","Madness","Madness","Consecrate+1","SashWhip+1","SignatureMove+1"],"relics":["PureWater","Sundial","Molten Egg 2","Kunai","TungstenRod","Ornamental Fan","Happy Flower","SlaversCollar","Bird Faced Urn","Bronze Scales","Lantern","Bag of Marbles","Black Star","Boot","Mummified Hand","Regal Pillow","War Paint","MawBank","Girya"],"acts_visited":["Exordium","TheCity","TheBeyond"],"potions_floor_usage":[],"damage_taken":[{"damage":0.0,"enemies":"2 Louse","floor":1.0,"turns":2.0},{"damage":0.0,"enemies":"Cultist","floor":3.0,"turns":3.0},{"damage":3.0,"enemies":"Jaw Worm","floor":5.0,"turns":3.0},{"damage":0.0,"enemies":"Gremlin Nob","floor":6.0,"turns":4.0},{"damage":0.0,"enemies":"Exordium Wildlife","floor":7.0,"turns":3.0},{"damage":9.0,"enemies":"Looter","floor":10.0,"turns":3.0},{"damage":15.0,"enemies":"Lagavulin","floor":11.0,"turns":5.0},{"damage":0.0,"enemies":"Slime Boss","floor":16.0,"turns":3.0},{"damage":1.0,"enemies":"Chosen","floor":18.0,"turns":3.0},{"damage":5.0,"enemies":"Shell Parasite","floor":19.0,"turns":4.0},{"damage":2.0,"enemies":"Snecko","floor":21.0,"turns":5.0},{"damage":0.0,"enemies":"Centurion and Healer","floor":22.0,"turns":5.0},{"damage":50.0,"enemies":"Gremlin Leader","floor":23.0,"turns":5.0},{"damage":0.0,"enemies":"Snake Plant","floor":24.0,"turns":2.0},{"damage":0.0,"enemies":"Snecko","floor":25.0,"turns":4.0},{"damage":6.0,"enemies":"Slavers","floor":29.0,"turns":3.0},{"damage":11.0,"enemies":"Centurion and Healer","floor":30.0,"turns":3.0},{"damage":0.0,"enemies":"3 Cultists","floor":31.0,"turns":3.0},{"damage":2.0,"enemies":"Automaton","floor":33.0,"turns":4.0},{"damage":8.0,"enemies":"3 Darklings","floor":35.0,"turns":4.0},{"damage":0.0,"enemies":"Orb Walker","floor":36.0,"turns":1.0},{"damage":0.0,"enemies":"Transient","floor":37.0,"turns":5.0},{"damage":9.0,"enemies":"Jaw Worm Horde","floor":38.0,"turns":2.0},{"damage":0.0,"enemies":"Sphere and 2 Shapes","floor":39.0,"turns":2.0},{"damage":16.0,"enemies":"Reptomancer","floor":40.0,"turns":2.0},{"damage":0.0,"enemies":"Nemesis","floor":42.0,"turns":1.0},{"damage":0.0,"enemies":"4 Shapes","floor":44.0,"turns":3.0},{"damage":0.0,"enemies":"Mind Bloom Boss Battle","floor":46.0,"turns":2.0},{"damage":0.0,"enemies":"Transient","floor":47.0,"turns":5.0},{"damage":10.0,"enemies":"Writhing Mass","floor":48.0,"turns":3.0},{"damage":49,"enemies":"Donu and Deca","floor":50,"turns":7}],"seed_played":"-5771862509957372314","potions_obtained":[{"floor":0.0,"key":"Regen Potion"},{"floor":0.0,"key":"StancePotion"},{"floor":0.0,"key":"SkillPotion"},{"floor":1.0,"key":"FairyPotion"},{"floor":6.0,"key":"Dexterity Potion"},{"floor":11.0,"key":"Block Potion"},{"floor":18.0,"key":"Fire Potion"},{"floor":19.0,"key":"Ancient Potion"},{"floor":25.0,"key":"Explosive Potion"},{"floor":29.0,"key":"Energy Potion"},{"floor":31.0,"key":"Fire Potion"},{"floor":39.0,"key":"SteroidPotion"},{"floor":44.0,"key":"BlessingOfTheForge"}],"is_trial":false,"path_per_floor":["M","?","M","?","M","E","M","T","T","M","E","R","?","$","R","B",null,"M","M","?","M","M","E","M","M","T","R","$","E","M","M","R","B",null,"M","M","M","M","M","E","?","E","T","M","?","?","M","M","R","B",null],"character_chosen":"WATCHER","items_purchased":["Happy Flower","LessonLearned+1","Consecrate+1","ClearTheMind","Lantern","FlurryOfBlows+1","Mind Blast+1","WindmillStrike+1"],"campfire_rested":4,"item_purchase_floors":[14,14,14,28,28,28,28,28],"current_hp_per_floor":[72,72,72,69,66,66,66,66,66,57,42,42,42,42,63,63,72,71,66,66,64,64,14,14,14,14,35,35,29,18,18,39,37,72,64,64,64,55,55,39,39,39,39,39,31,31,31,21,57,8],"gold":541,"neow_bonus":"THREE_SMALL_POTIONS","is_daily":false,"chose_seed":false,"campfire_upgraded":1,"win_rate":0.0,"timestamp":1609218471,"path_taken":["M","?","?","?","M","E","M","?","T","M","E","R","?","$","R","BOSS","M","M","?","M","M","E","M","M","T","R","$","E","?","M","R","BOSS","M","?","M","M","M","E","?","E","T","M","?","?","M","M","R","BOSS"],"items_purchased_type":["Relic","Card","Card","Card","Relic","Card","Card","Card"],"build_version":"2020-12-22","purchased_purges":1,"victory":true,"max_hp_per_floor":[72,72,72,72,72,72,72,72,72,72,72,72,72,72,72,72,72,72,72,72,72,72,72,72,72,72,72,72,72,72,72,72,72,72,72,72,72,72,72,72,72,72,72,72,72,72,72,72,72,72],"card_choices":[{"not_picked":["EmptyFist","SignatureMove"],"picked":"SandsOfTime","floor":1.0},{"not_picked":["Fasting2","Brilliance"],"picked":"Protect","floor":3.0},{"not_picked":["EmptyFist","SashWhip"],"picked":"Crescendo","floor":5.0},{"not_picked":["ClearTheMind","Nirvana"],"picked":"Vengeance","floor":6.0},{"not_picked":["CarveReality+1","Evaluate"],"picked":"Wallop+1","floor":7.0},{"not_picked":["Evaluate","CrushJoints+1"],"picked":"ClearTheMind","floor":10.0},{"not_picked":["Crescendo","Sanctity"],"picked":"ReachHeaven+1","floor":11.0},{"not_picked":["Omniscience","ConjureBlade"],"picked":"LessonLearned+1","floor":16.0},{"not_picked":["EmptyFist+1","Vengeance"],"picked":"SashWhip+1","floor":18.0},{"not_picked":["FearNoEvil+1","Nirvana","FlyingSleeves+1"],"picked":"SKIP","floor":19.0},{"not_picked":["Nirvana","FlyingSleeves+1"],"picked":"FearNoEvil+1","floor":19.0},{"not_picked":["Conclude+1","Prostrate"],"picked":"FearNoEvil+1","floor":21.0},{"not_picked":["Protect","Conclude+1"],"picked":"BowlingBash+1","floor":22.0},{"not_picked":["FearNoEvil+1","ReachHeaven+1"],"picked":"FlurryOfBlows+1","floor":23.0},{"not_picked":["Prostrate","LessonLearned+1"],"picked":"Indignation","floor":24.0},{"not_picked":["Sanctity","BowlingBash+1"],"picked":"WheelKick+1","floor":25.0},{"not_picked":["EmptyFist+1","WreathOfFlame"],"picked":"PathToVictory","floor":29.0},{"not_picked":["ThirdEye","BattleHymn"],"picked":"PathToVictory+1","floor":30.0},{"not_picked":["CutThroughFate+1","LikeWater"],"picked":"Consecrate+1","floor":31.0},{"not_picked":["Devotion","DevaForm"],"picked":"Judgement","floor":33.0},{"not_picked":["SignatureMove+1","PathToVictory"],"picked":"Wallop+1","floor":35.0},{"not_picked":["Fasting2","CarveReality+1"],"picked":"CrushJoints+1","floor":36.0},{"not_picked":["PathToVictory","BowlingBash+1"],"picked":"Halt","floor":37.0},{"not_picked":["Brilliance+1","Prostrate"],"picked":"JustLucky+1","floor":38.0},{"not_picked":["SashWhip+1","FlurryOfBlows+1"],"picked":"PathToVictory+1","floor":39.0},{"not_picked":["ThirdEye+1","Study"],"picked":"FearNoEvil+1","floor":40.0},{"not_picked":["Worship","Protect"],"picked":"Tantrum+1","floor":42.0},{"not_picked":["Pray","Wallop+1"],"picked":"JustLucky+1","floor":44.0},{"not_picked":["SashWhip+1","BowlingBash+1"],"picked":"Consecrate+1","floor":46.0},{"not_picked":["CrushJoints+1","FearNoEvil+1"],"picked":"SashWhip+1","floor":47.0},{"not_picked":["Blasphemy","CarveReality+1"],"picked":"SignatureMove+1","floor":48.0}],"player_experience":132724,"relics_obtained":[{"floor":6.0,"key":"Molten Egg 2"},{"floor":8.0,"key":"Kunai"},{"floor":9.0,"key":"TungstenRod"},{"floor":11.0,"key":"Ornamental Fan"},{"floor":23.0,"key":"Bird Faced Urn"},{"floor":26.0,"key":"Bronze Scales"},{"floor":29.0,"key":"Bag of Marbles"},{"floor":40.0,"key":"Boot"},{"floor":40.0,"key":"Mummified Hand"},{"floor":42.0,"key":"Regal Pillow"},{"floor":42.0,"key":"War Paint"},{"floor":43.0,"key":"MawBank"},{"floor":46.0,"key":"Girya"}],"event_choices":[{"damage_healed":0.0,"max_hp_gain":0.0,"max_hp_loss":0.0,"gold_gain":0.0,"cards_transformed":["Strike_P"],"event_name":"Transmorgrifier","player_choice":"Transformed","floor":2.0,"gold_loss":0.0,"damage_taken":0.0,"cards_obtained":["Vault"]},{"damage_healed":0.0,"max_hp_gain":0.0,"max_hp_loss":0.0,"gold_gain":0.0,"event_name":"Scrap Ooze","player_choice":"Success","floor":4.0,"gold_loss":0.0,"damage_taken":3.0,"relics_obtained":["Sundial"]},{"damage_healed":0.0,"max_hp_gain":0.0,"max_hp_loss":0.0,"gold_gain":175.0,"event_name":"Liars Game","player_choice":"AGREE","floor":13.0,"gold_loss":0.0,"damage_taken":0.0,"cards_obtained":["Doubt"]},{"damage_healed":0.0,"max_hp_gain":0.0,"max_hp_loss":0.0,"gold_gain":250.0,"event_name":"The Joust","player_choice":"Bet on Owner","floor":20.0,"gold_loss":50.0,"damage_taken":0.0},{"damage_healed":0.0,"max_hp_gain":0.0,"max_hp_loss":0.0,"gold_gain":0.0,"event_name":"Tomb of Lord Red Mask","player_choice":"Ignored","floor":41.0,"gold_loss":0.0,"damage_taken":0.0},{"damage_healed":0.0,"max_hp_gain":0.0,"max_hp_loss":0.0,"gold_gain":0.0,"event_name":"Winding Halls","player_choice":"Embrace Madness","floor":45.0,"gold_loss":0.0,"damage_taken":9.0,"cards_obtained":["Madness","Madness"]},{"damage_healed":0.0,"max_hp_gain":0.0,"max_hp_loss":0.0,"gold_gain":0.0,"event_name":"MindBloom","player_choice":"Fight","floor":46.0,"gold_loss":0.0,"damage_taken":0.0}],"is_beta":false,"boss_relics":[{"not_picked":["VioletLotus","SacredBark"],"picked":"SlaversCollar"},{"not_picked":["Calling Bell","Coffee Dripper"],"picked":"Black Star"}],"items_purged_floors":[14],"is_endless":false,"potions_floor_spawned":[1,6,11,18,19,22,25,29,31,33,35,36,39,44],"ascension_level":0}}