{"host":"iku36qoao9132ep5","time":1609246466,"event":{"mods":["AchievementEnabler","BaseMod","BetterRewards","DeckTracker","Minty Spire (QoL Compilation)","Quick Restart","SuperFastMode"],"gold_per_floor":[165,117,134,10750,10766,10793,10807,10836,10906,10906,10916,10932,10958,10958,10958,11061,11061,11180,11180,11180,11130,11158,11158],"floor_reached":24,"playtime":858,"items_purged":["Coolheaded"],"score":1172,"play_id":"4048d737-3128-479c-aa78-9382a2f33497","local_time":"20201229135426","is_ascension_mode":true,"campfire_choices":[{"data":"1","floor":10,"key":"LIFT"},{"floor":15,"key":"RECALL"},{"floor":20,"key":"REST"}],"circlet_count":0,"master_deck":["Gash+1","Gash+1","Gash+1","Gash+1","Gash+1","Gash+1","Gash+1","Gash+1","Gash+1","Gash+1"],"relics":["Unceasing Top"],"acts_visited":["Exordium","TheCity","TheBeyond","TheEnding"],"potions_floor_usage":[17,23],"damage_taken":[{"damage":0,"enemies":"Small Slimes","floor":1,"turns":1},{"damage":0,"enemies":"Jaw Worm","floor":3,"turns":1},{"damage":0,"enemies":"2 Louse","floor":5,"turns":1},{"damage":0,"enemies":"3 Sentries","floor":6,"turns":1},{"damage":0,"enemies":"Exordium Wildlife","floor":7,"turns":1},{"damage":0,"enemies":"Lagavulin","floor":8,"turns":1},{"damage":0,"enemies":"2 Fungi Beasts","floor":11,"turns":1},{"damage":0,"enemies":"Red Slaver","floor":12,"turns":1},{"damage":0,"enemies":"Gremlin Nob","floor":13,"turns":1},{"damage":0,"enemies":"Slime Boss","floor":16,"turns":1},{"damage":0,"enemies":"Shell Parasite","floor":18,"turns":1},{"damage":0,"enemies":"Collector","floor":18,"turns":2},{"damage":0,"enemies":"Shield and Spear","floor":22,"turns":1},{"damage":60,"enemies":"The Heart","floor":23,"turns":3}],"seed_played":"-7199123438485913350","potions_obtained":[{"floor":0,"key":"Fruit Juice"},{"floor":1,"key":"LiquidBronze"},{"floor":3,"key":"Energy Potion"}],"is_trial":false,"path_per_floor":["M","$","M","$","M","E","M","E","T","R","M","M","E","?","R","B",null,"M",null,"R","$","E","B",null],"character_chosen":"DEFECT","items_purchased":["Coolheaded","Unceasing Top","FearPotion"],"campfire_rested":1,"item_purchase_floors":[2,4,21],"current_hp_per_floor":[80,80,80,80,80,80,80,80,80,80,80,80,80,80,80,80,85,90,90,90,90,90,30],"gold":11158,"neow_bonus":"BOSS_RELIC","is_daily":false,"chose_seed":false,"campfire_upgraded":0,"win_rate":0.0,"timestamp":1609246466,"path_taken":["M","$","M","$","M","E","M","E","T","R","M","M","E","?","R","BOSS","M","BOSS","BOSS","R","$","E","BOSS"],"items_purchased_type":["Card","Relic","Potion"],"build_version":"2020-12-22","purchased_purges":1,"victory":true,"max_hp_per_floor":[80,80,80,80,80,80,80,80,80,80,80,80,80,80,80,80,85,90,90,90,90,90,90],"card_choices":[{"not_picked":["Self Repair","Steam Power"],"picked":"Coolheaded","floor":0},{"not_picked":["Reinforced Body","Leap","Compile Driver"],"picked":"SKIP","floor":1},{"not_picked":["Darkness","Force Field","Capacitor"],"picked":"SKIP","floor":3},{"not_picked":["Leap","Hologram","Barrage"],"picked":"SKIP","floor":5},{"not_picked":["Stack","Go for the Eyes","Hologram"],"picked":"SKIP","floor":6},{"not_picked":["Static Discharge","Sweeping Beam","Barrage"],"picked":"SKIP","floor":7},{"not_picked":["Reinforced Body","Auto Shields","Hologram"],"picked":"SKIP","floor":8},{"not_picked":["Leap","Redo","Barrage"],"picked":"SKIP","floor":11},{"not_picked":["Sweeping Beam","Barrage","Compile Driver"],"picked":"SKIP","floor":12},{"not_picked":["Storm","Ball Lightning","Buffer"],"picked":"SKIP","floor":13},{"not_picked":["Doom and Gloom","Recycle","Fusion"],"picked":"SKIP","floor":18},{"not_picked":["Hello World+1","Undo","Force Field"],"picked":"SKIP","floor":22}],"player_experience":119810,"relics_obtained":[{"floor":6,"key":"Ornamental Fan"},{"floor":8,"key":"Girya"}],"event_choices":[{"damage_healed":0,"gold_gain":0,"player_choice":"Ignored","damage_taken":0,"max_hp_gain":0,"max_hp_loss":0,"event_name":"Liars Game","floor":14,"gold_loss":0},{"damage_healed":0,"gold_gain":0,"player_choice":"Donut","damage_taken":0,"max_hp_gain":5,"max_hp_loss":0,"event_name":"Big Fish","floor":18,"gold_loss":0}],"is_beta":false,"boss_relics":[{"not_picked":["SlaversCollar","Astrolabe","Coffee Dripper"]},{"not_picked":["SlaversCollar","Astrolabe","Coffee Dripper"]}],"items_purged_floors":[4],"is_endless":false,"potions_floor_spawned":[1,3,8,11,16,18],"ascension_level":1}}