{"host":"w4qf11634cf28tiw","time":1609271245,"event":{"mods":["BaseMod","Colored Map","Colored Powertips","Minty Spire (QoL Compilation)","Quick Restart","StSLib"],"gold_per_floor":[116,130,147,147,147,147,173,193,242,254,274,274,274,274],"floor_reached":13,"playtime":1356,"items_purged":[],"score":112,"play_id":"dfd1bc5b-7f30-48b7-a63a-f650e1c98a66","local_time":"20201229144725","is_ascension_mode":false,"campfire_choices":[{"data":"Blade Dance","floor":6.0,"key":"SMITH"},{"data":"Blade Dance","floor":12,"key":"SMITH"}],"circlet_count":0,"master_deck":["Strike_G+1","Strike_G","Strike_G","Strike_G+1","Strike_G","Defend_G","Defend_G","Defend_G","Defend_G","Defend_G","Survivor","Neutralize+1","Blade Dance+1","Unload","Dash","Blade Dance+1"],"relics":["Ring of the Snake","Pear","Whetstone"],"acts_visited":["Exordium"],"potions_floor_usage":[8],"damage_taken":[{"damage":3.0,"enemies":"Jaw Worm","floor":1.0,"turns":4.0},{"damage":0.0,"enemies":"Small Slimes","floor":2.0,"turns":5.0},{"damage":1.0,"enemies":"2 Louse","floor":3.0,"turns":3.0},{"damage":28.0,"enemies":"Gremlin Nob","floor":7.0,"turns":5.0},{"damage":29,"enemies":"Gremlin Gang","floor":8,"turns":4},{"damage":3,"enemies":"Lots of Slimes","floor":10,"turns":5},{"damage":0,"enemies":"2 Fungi Beasts","floor":11,"turns":3},{"damage":16,"enemies":"3 Sentries","floor":13,"turns":6}],"seed_played":"-3588238605087263875","potions_obtained":[{"floor":1.0,"key":"EssenceOfSteel"},{"floor":7.0,"key":"LiquidBronze"}],"is_trial":false,"path_per_floor":["M","M","M","?","?","R","E","M","T","M","M","R","E"],"character_chosen":"THE_SILENT","items_purchased":[],"campfire_rested":0,"item_purchase_floors":[],"current_hp_per_floor":[74,74,73,73,66,66,48,19,19,16,16,16,0,0],"gold":274,"neow_bonus":"TEN_PERCENT_HP_BONUS","is_daily":false,"chose_seed":false,"campfire_upgraded":2,"win_rate":0.0,"timestamp":1609271245,"path_taken":["M","M","M","?","?","R","E","M","T","M","M","R","E"],"items_purchased_type":[],"build_version":"2020-12-22","purchased_purges":0,"victory":false,"max_hp_per_floor":[77,77,77,77,77,77,87,87,87,87,87,87,87,87],"card_choices":[{"not_picked":["Heel Hook","Choke","Tactician"],"picked":"SKIP","floor":1.0},{"not_picked":["Dagger Throw","Deadly Poison"],"picked":"Backflip","floor":2.0},{"not_picked":["Flying Knee","Quick Slash"],"picked":"Blade Dance","floor":3.0},{"not_picked":["Backflip","Dagger Spray"],"picked":"Unload","floor":7.0},{"not_picked":["PiercingWail","Underhanded Strike"],"picked":"Dash","floor":8},{"not_picked":["Infinite Blades","Noxious Fumes"],"picked":"Blade Dance","floor":10},{"not_picked":["Slice","Sucker Punch","Burst"],"picked":"SKIP","floor":11}],"player_experience":22764,"relics_obtained":[{"floor":7.0,"key":"Pear"},{"floor":9,"key":"Whetstone"}],"event_choices":[{"damage_healed":0.0,"max_hp_gain":0.0,"max_hp_loss":0.0,"gold_gain":0.0,"event_name":"Living Wall","player_choice":"Grow","floor":4.0,"gold_loss":0.0,"damage_taken":0.0,"cards_upgraded":["Neutralize"]},{"cards_removed":["Backflip"],"damage_healed":0.0,"max_hp_gain":0.0,"max_hp_loss":0.0,"gold_gain":0.0,"event_name":"Golden Wing","player_choice":"Card Removal","floor":5.0,"gold_loss":0.0,"damage_taken":7.0}],"is_beta":false,"boss_relics":[],"items_purged_floors":[],"is_endless":false,"potions_floor_spawned":[1,7],"killed_by":"3 Sentries","ascension_level":0}}