{"host":"ko0mgl3op33mqgxv","time":1609205477,"event":{"mods":["BaseMod","Filter the Spire","Minty Spire (QoL Compilation)"],"gold_per_floor":[116,116,116,136,136,161,177,177,177,177,196,213,231,266,266,369,369,383,383,383,48,66,66,92,106,175,175,175,194,204,230,230,335,335,348,348,348,9,26,51,51,106,131,145,145,178,178,206,206,206,206,206,6,38,38],"floor_reached":56,"playtime":3297,"items_purged":["Decay","Masterful Stab"],"score":1408,"play_id":"43363071-ec95-45b2-a6c8-55d219f3a96c","local_time":"20201228173117","is_ascension_mode":false,"campfire_choices":[{"floor":8,"key":"REST"},{"data":"Blade Dance","floor":10,"key":"SMITH"},{"data":"Envenom","floor":15,"key":"SMITH"},{"data":"Blade Dance","floor":23,"key":"SMITH"},{"floor":32,"key":"REST"},{"floor":41,"key":"RECALL"},{"floor":49,"key":"REST"},{"floor":52,"key":"REST"}],"circlet_count":0,"master_deck":["Strike_G","Strike_G","Strike_G","Defend_G","Defend_G","Defend_G","Defend_G+1","Survivor","Neutralize","Leg Sweep","Envenom+1","Blade Dance+1","Deadly Poison+1","Finisher","Bouncing Flask","Escape Plan","Envenom+1","Blade Dance+1","Cloak And Dagger","Envenom+1","Deadly Poison","Poisoned Stab+1","Distraction+1","Distraction+1","Infinite Blades+1","Noxious Fumes+1","After Image+1","Well Laid Plans+1","Violence","Leg Sweep","Infinite Blades+1","Acrobatics+1","Slice+1","Cloak And Dagger+1","After Image+1","Cloak And Dagger+1"],"relics":["Black Star","Question Card","Pen Nib","InkBottle","Darkstone Periapt","Frozen Egg 2","Anchor","WristBlade","DollysMirror","Vajra","Ancient Tea Set","WingedGreaves","Mercury Hourglass","Eternal Feather","Bag of Preparation","Blue Candle","Fusion Hammer","Oddly Smooth Stone","Blood Vial","Juzu Bracelet","Turnip","PreservedInsect","Tingsha","Bag of Marbles","Singing Bowl","War Paint","Calipers"],"acts_visited":["Exordium","TheCity","TheBeyond","TheEnding"],"potions_floor_usage":[6,31,33,33,50,50,50],"damage_taken":[{"damage":0,"enemies":"2 Louse","floor":1,"turns":3},{"damage":0,"enemies":"Jaw Worm","floor":4,"turns":3},{"damage":17,"enemies":"Gremlin Nob","floor":6,"turns":5},{"damage":1,"enemies":"Cultist","floor":7,"turns":5},{"damage":7,"enemies":"2 Fungi Beasts","floor":11,"turns":4},{"damage":4,"enemies":"Gremlin Gang","floor":12,"turns":4},{"damage":0,"enemies":"Large Slime","floor":13,"turns":5},{"damage":10,"enemies":"Lagavulin","floor":14,"turns":5},{"damage":15,"enemies":"Slime Boss","floor":16,"turns":9},{"damage":10,"enemies":"2 Thieves","floor":18,"turns":4},{"damage":0,"enemies":"Spheric Guardian","floor":22,"turns":3},{"damage":16,"enemies":"Gremlin Leader","floor":24,"turns":5},{"damage":0,"enemies":"Snake Plant","floor":25,"turns":2},{"damage":10,"enemies":"Snecko","floor":29,"turns":5},{"damage":9,"enemies":"3 Cultists","floor":30,"turns":4},{"damage":18,"enemies":"Book of Stabbing","floor":31,"turns":3},{"damage":23,"enemies":"Collector","floor":33,"turns":4},{"damage":1,"enemies":"3 Darklings","floor":35,"turns":3},{"damage":0,"enemies":"Orb Walker","floor":39,"turns":2},{"damage":7,"enemies":"Reptomancer","floor":40,"turns":5},{"damage":2,"enemies":"2 Orb Walkers","floor":42,"turns":3},{"damage":0,"enemies":"3 Darklings","floor":44,"turns":3},{"damage":3,"enemies":"Giant Head","floor":46,"turns":4},{"damage":3,"enemies":"Reptomancer","floor":48,"turns":3},{"damage":59,"enemies":"Time Eater","floor":50,"turns":9},{"damage":0,"enemies":"Shield and Spear","floor":54,"turns":2},{"damage":95,"enemies":"The Heart","floor":55,"turns":8}],"seed_played":"1991675882465142486","potions_obtained":[{"floor":1,"key":"FearPotion"},{"floor":11,"key":"Strength Potion"},{"floor":12,"key":"Regen Potion"},{"floor":14,"key":"LiquidBronze"},{"floor":18,"key":"CunningPotion"},{"floor":33,"key":"Regen Potion"},{"floor":39,"key":"Energy Potion"},{"floor":44,"key":"Strength Potion"}],"is_trial":false,"path_per_floor":["M","?","T","M","?","E","M","R","T","R","M","M","M","E","R","B",null,"M","?","?","$","M","R","E","M","T","T","?","M","M","E","R","B",null,"M","?","?","$","M","E","R","?","T","M","?","E","?","E","R","B",null,"R","$","E","B",null],"character_chosen":"THE_SILENT","items_purchased":["DollysMirror","Vajra","Deadly Poison","Oddly Smooth Stone","Leg Sweep","Infinite Blades+1","FairyPotion"],"campfire_rested":4,"item_purchase_floors":[21,21,21,38,38,38,53],"current_hp_per_floor":[70,63,63,63,63,46,45,66,66,66,59,55,55,45,45,30,70,60,60,60,60,60,60,44,44,44,44,44,34,25,7,43,32,70,69,69,75,75,75,68,76,74,74,76,76,73,73,74,78,28,78,78,78,78,8],"gold":38,"neow_bonus":"BOSS_RELIC","is_daily":false,"chose_seed":false,"campfire_upgraded":3,"win_rate":0.0,"timestamp":1609205477,"path_taken":["M","?","?","?","?","E","?","R","T","R","M","M","M","E","R","BOSS","M","?","?","$","M","R","E","M","T","?","?","?","M","E","R","BOSS","M","?","?","$","?","E","R","?","T","M","?","E","?","E","R","BOSS","R","$","E","BOSS"],"items_purchased_type":["Relic","Relic","Card","Relic","Card","Card","Potion"],"build_version":"2020-12-22","purchased_purges":2,"victory":true,"max_hp_per_floor":[70,70,70,70,70,70,70,70,70,70,70,70,70,70,70,70,70,70,70,70,70,70,70,70,70,70,70,70,70,70,70,70,70,70,70,70,76,76,76,76,76,76,76,76,76,76,76,78,78,78,78,78,78,78,78],"card_choices":[{"not_picked":["Dodge and Roll","Heel Hook"],"picked":"Masterful Stab","floor":1},{"not_picked":["Setup","Well Laid Plans","Blade Dance"],"picked":"Leg Sweep","floor":4},{"not_picked":["Backflip","Finisher","Crippling Poison"],"picked":"Envenom","floor":6},{"not_picked":["Prepared","Underhanded Strike","Masterful Stab"],"picked":"Blade Dance","floor":7},{"not_picked":["Eviscerate","PiercingWail","Acrobatics"],"picked":"Deadly Poison","floor":11},{"not_picked":["Unload","All Out Attack","Dash"],"picked":"Finisher","floor":12},{"not_picked":["Poisoned Stab","Distraction","Accuracy"],"picked":"Bouncing Flask","floor":13},{"not_picked":["Setup","Finisher","Prepared"],"picked":"Escape Plan","floor":14},{"not_picked":["Wraith Form v2+1","Storm of Steel","Burst"],"picked":"Envenom+1","floor":16},{"not_picked":["Concentrate","Reflex","Dagger Throw"],"picked":"Blade Dance","floor":18},{"not_picked":["Acrobatics","Blur","All Out Attack"],"picked":"Poisoned Stab+1","floor":22},{"not_picked":["Dodge and Roll+1","Grand Finale","Acrobatics"],"picked":"Distraction+1","floor":24},{"not_picked":["Choke+1","All Out Attack","Outmaneuver"],"picked":"Distraction+1","floor":25},{"not_picked":["Reflex","Outmaneuver","Blur","Skewer"],"picked":"SKIP","floor":29},{"not_picked":["Outmaneuver+1","Cloak And Dagger","Deadly Poison"],"picked":"Infinite Blades+1","floor":30},{"not_picked":["Reflex","Leg Sweep","Flying Knee+1"],"picked":"Noxious Fumes+1","floor":31},{"not_picked":["Die Die Die","Malaise","Unload"],"picked":"After Image+1","floor":33},{"not_picked":["Flying Knee+1","Bane+1","Dagger Throw"],"picked":"Well Laid Plans+1","floor":35},{"not_picked":["Jack Of All Trades","Madness","Finesse"],"picked":"Violence","floor":36},{"not_picked":["Endless Agony","Dodge and Roll+1","Dagger Throw"],"picked":"Acrobatics+1","floor":39},{"not_picked":["Blade Dance","All Out Attack+1","Dagger Throw+1"],"picked":"Slice+1","floor":40},{"not_picked":["Prepared","Poisoned Stab+1","Backflip+1"],"picked":"Cloak And Dagger+1","floor":44},{"not_picked":["Reflex+1","Dagger Throw","Quick Slash","Masterful Stab+1"],"picked":"SKIP","floor":46},{"not_picked":["Bane+1","Calculated Gamble+1","Choke","Dagger Spray+1"],"picked":"Singing Bowl","floor":48},{"not_picked":["Choke","Reflex","Blade Dance"],"picked":"Cloak And Dagger+1","floor":54}],"player_experience":708095,"relics_obtained":[{"floor":3,"key":"Question Card"},{"floor":6,"key":"Pen Nib"},{"floor":6,"key":"InkBottle"},{"floor":9,"key":"Darkstone Periapt"},{"floor":14,"key":"Frozen Egg 2"},{"floor":14,"key":"Anchor"},{"floor":24,"key":"Ancient Tea Set"},{"floor":24,"key":"WingedGreaves"},{"floor":26,"key":"Mercury Hourglass"},{"floor":27,"key":"Eternal Feather"},{"floor":31,"key":"Bag of Preparation"},{"floor":31,"key":"Blue Candle"},{"floor":40,"key":"Blood Vial"},{"floor":40,"key":"Juzu Bracelet"},{"floor":42,"key":"Turnip"},{"floor":46,"key":"PreservedInsect"},{"floor":46,"key":"Tingsha"},{"floor":48,"key":"Bag of Marbles"},{"floor":48,"key":"Singing Bowl"},{"floor":54,"key":"War Paint"},{"floor":54,"key":"Calipers"}],"event_choices":[{"cards_removed":["Strike_G"],"damage_healed":0,"gold_gain":0,"player_choice":"Card Removal","damage_taken":7,"max_hp_gain":0,"max_hp_loss":0,"event_name":"Golden Wing","floor":2,"gold_loss":0},{"cards_removed":["Defend_G"],"damage_healed":0,"gold_gain":0,"player_choice":"Offered Basic","damage_taken":0,"max_hp_gain":0,"max_hp_loss":0,"event_name":"Bonfire Elementals","floor":5,"gold_loss":0},{"damage_healed":0,"gold_gain":0,"player_choice":"Ignored","damage_taken":0,"max_hp_gain":0,"max_hp_loss":0,"event_name":"Vampires","floor":19,"gold_loss":0},{"damage_healed":0,"gold_gain":0,"player_choice":"Read","damage_taken":0,"max_hp_gain":0,"max_hp_loss":0,"event_name":"The Library","floor":20,"gold_loss":0,"cards_obtained":["Cloak And Dagger"]},{"damage_healed":0,"gold_gain":0,"player_choice":"Ignored","damage_taken":0,"max_hp_gain":0,"max_hp_loss":0,"event_name":"N\u0027loth","floor":28,"gold_loss":0},{"damage_healed":0,"gold_gain":0,"player_choice":"Memory 1","damage_taken":0,"max_hp_gain":0,"max_hp_loss":0,"event_name":"SensoryStone","floor":36,"gold_loss":0},{"damage_healed":0,"gold_gain":0,"player_choice":"Cursed","damage_taken":0,"max_hp_gain":0,"max_hp_loss":0,"event_name":"Wheel of Change","floor":37,"gold_loss":0,"cards_obtained":["Decay"]},{"damage_healed":0,"gold_gain":0,"player_choice":"Fight","damage_taken":0,"max_hp_gain":0,"max_hp_loss":0,"event_name":"Mysterious Sphere","floor":42,"gold_loss":0},{"damage_healed":0,"gold_gain":0,"player_choice":"Copied","damage_taken":0,"max_hp_gain":0,"max_hp_loss":0,"event_name":"Duplicator","floor":45,"gold_loss":0,"cards_obtained":["After Image"]},{"cards_removed":["Strike_G"],"damage_healed":0,"gold_gain":0,"player_choice":"Removed Attack","damage_taken":0,"max_hp_gain":0,"max_hp_loss":0,"event_name":"Falling","floor":47,"gold_loss":0}],"is_beta":false,"boss_relics":[{"not_picked":["Cursed Key","Astrolabe"],"picked":"WristBlade"},{"not_picked":["Empty Cage","Pandora\u0027s Box"],"picked":"Fusion Hammer"}],"items_purged_floors":[38,53],"is_endless":false,"potions_floor_spawned":[1,11,12,14,18,22,29,33,39,44,46],"ascension_level":0}}