{"host":"63yhhrjweyj22b0v","time":1609222000,"event":{"mods":["BaseMod","Minty Spire (QoL Compilation)","Quick Restart"],"gold_per_floor":[117,117,133,133,160,189,189,206,286,286,300,312,312,327,327,430,430,440,440,420,118,137,167,167,184,184,184,213,62,76,96,96,194,194,204,204,223,223,243,270,170,170,170,182,182,44,44,55,55,55,55],"floor_reached":50,"playtime":1763,"items_purged":["Defend_P","Strike_P"],"score":612,"play_id":"b84929d9-2cf7-4db8-9a8c-9258d8a2fe4c","local_time":"20201229000640","is_ascension_mode":false,"campfire_choices":[{"data":"Eruption","floor":7,"key":"SMITH"},{"data":"Devotion","floor":13,"key":"SMITH"},{"floor":15,"key":"REST"},{"floor":24,"key":"REST"},{"data":"Prostrate","floor":27,"key":"SMITH"},{"floor":32,"key":"REST"},{"floor":42,"key":"REST"},{"data":"ConjureBlade","floor":47,"key":"SMITH"},{"floor":49,"key":"REST"}],"circlet_count":0,"master_deck":["Strike_P+1","Defend_P","Defend_P","Eruption+1","Vigilance+1","Indignation+1","Crescendo","Prostrate+1","Devotion+1","Halt","Vault","ClearTheMind","EmptyFist+1","BowlingBash+1","Prostrate","WheelKick+1","FollowUp+1","WindmillStrike+1","Madness","Madness","Prostrate","ConjureBlade+1","Panacea","Brilliance"],"relics":["HolyWater","NeowsBlessing","Happy Flower","Regal Pillow","Letter Opener","Akabeko","Lantern","CaptainsWheel","FossilizedHelix","Blood Vial","Astrolabe","Toy Ornithopter","Pen Nib"],"acts_visited":["Exordium","TheCity","TheBeyond"],"potions_floor_usage":[11,16,16,16,16,18,22,23,33,37,40,40,40,50],"damage_taken":[{"damage":0,"enemies":"2 Louse","floor":1,"turns":1},{"damage":0,"enemies":"Cultist","floor":3,"turns":1},{"damage":0,"enemies":"3 Sentries","floor":6,"turns":2},{"damage":0,"enemies":"Small Slimes","floor":8,"turns":2},{"damage":0,"enemies":"Exordium Wildlife","floor":11,"turns":3},{"damage":7,"enemies":"3 Louse","floor":12,"turns":3},{"damage":0,"enemies":"Looter","floor":14,"turns":2},{"damage":0,"enemies":"The Guardian","floor":16,"turns":5},{"damage":11,"enemies":"Chosen","floor":18,"turns":4},{"damage":20,"enemies":"Spheric Guardian","floor":22,"turns":4},{"damage":22,"enemies":"Book of Stabbing","floor":23,"turns":4},{"damage":0,"enemies":"Centurion and Healer","floor":25,"turns":5},{"damage":4,"enemies":"Slavers","floor":28,"turns":6},{"damage":0,"enemies":"Snake Plant","floor":30,"turns":3},{"damage":0,"enemies":"Snecko","floor":31,"turns":5},{"damage":41,"enemies":"Champ","floor":33,"turns":9},{"damage":1,"enemies":"3 Darklings","floor":35,"turns":5},{"damage":1,"enemies":"3 Shapes","floor":37,"turns":4},{"damage":26,"enemies":"Spire Growth","floor":39,"turns":5},{"damage":1,"enemies":"Reptomancer","floor":40,"turns":6},{"damage":7,"enemies":"4 Shapes","floor":44,"turns":5},{"damage":13,"enemies":"Sphere and 2 Shapes","floor":48,"turns":3},{"damage":106,"enemies":"Time Eater","floor":50,"turns":6}],"seed_played":"-3968030122791064205","potions_obtained":[{"floor":1,"key":"FearPotion"},{"floor":2,"key":"LiquidBronze"},{"floor":2,"key":"PowerPotion"},{"floor":11,"key":"EntropicBrew"},{"floor":16,"key":"EntropicBrew"},{"floor":18,"key":"DuplicationPotion"},{"floor":22,"key":"CultistPotion"},{"floor":28,"key":"Regen Potion"},{"floor":33,"key":"Swift Potion"},{"floor":39,"key":"GamblersBrew"},{"floor":44,"key":"Ancient Potion"}],"is_trial":false,"path_per_floor":["M","?","M","?","T","E","R","M","T","?","M","M","R","M","R","B",null,"M","?","?","$","M","E","R","M","T","R","E","$","M","M","R","B",null,"M","?","M","?","M","E","$","R","T","M","?","$","R","M","R","B"],"character_chosen":"WATCHER","items_purchased":["Vault","Akabeko","Blood Vial","Brilliance"],"campfire_rested":5,"item_purchase_floors":[21,21,29,46],"current_hp_per_floor":[72,72,72,58,58,58,58,58,58,58,58,51,51,51,72,72,72,61,61,61,61,41,19,55,55,55,55,51,51,53,55,72,31,72,71,62,63,63,39,55,55,72,72,65,65,65,65,54,72,0,0],"gold":55,"neow_bonus":"THREE_ENEMY_KILL","is_daily":false,"chose_seed":false,"campfire_upgraded":4,"win_rate":0.0,"timestamp":1609222000,"path_taken":["M","?","?","?","?","E","R","M","T","?","M","M","R","M","R","BOSS","M","?","?","$","M","E","R","M","T","R","E","$","?","M","R","BOSS","M","?","M","?","M","E","$","R","T","?","?","$","R","M","R","BOSS"],"items_purchased_type":["Card","Relic","Relic","Card"],"build_version":"2020-12-22","purchased_purges":2,"victory":false,"max_hp_per_floor":[72,72,72,72,72,72,72,72,72,72,72,72,72,72,72,72,72,72,72,72,72,72,72,72,72,72,72,72,72,72,72,72,72,72,72,72,72,72,72,72,72,72,72,72,72,72,72,72,72,72,72],"card_choices":[{"not_picked":["SignatureMove","Wireheading"],"picked":"Indignation","floor":1},{"not_picked":["ReachHeaven","ThirdEye","WheelKick"],"picked":"SKIP","floor":3},{"not_picked":["SashWhip","Evaluate","EmptyBody"],"picked":"SKIP","floor":6},{"not_picked":["JustLucky","Fasting2"],"picked":"Crescendo","floor":8},{"not_picked":["FlyingSleeves","BowlingBash"],"picked":"Prostrate","floor":11},{"not_picked":["FlurryOfBlows","EmptyFist"],"picked":"Devotion","floor":12},{"not_picked":["BowlingBash","EmptyBody"],"picked":"Halt","floor":14},{"not_picked":["FollowUp","Protect","Halt"],"picked":"SKIP","floor":18},{"not_picked":["FlyingSleeves","Crescendo","ClearTheMind"],"picked":"SKIP","floor":22},{"not_picked":["FlyingSleeves","Crescendo"],"picked":"ClearTheMind","floor":22},{"not_picked":["Judgement","Crescendo","Vengeance"],"picked":"SKIP","floor":23},{"not_picked":["ReachHeaven","Vengeance+1"],"picked":"EmptyFist+1","floor":25},{"not_picked":["ThirdEye","TalkToTheHand"],"picked":"BowlingBash+1","floor":28},{"not_picked":["ThirdEye+1","Consecrate"],"picked":"Prostrate","floor":30},{"not_picked":["EmptyBody","Protect","EmptyFist"],"picked":"SKIP","floor":31},{"not_picked":["FlyingSleeves","BattleHymn","ClearTheMind"],"picked":"SKIP","floor":35},{"not_picked":["FollowUp","Halt+1"],"picked":"Prostrate","floor":37},{"not_picked":["LikeWater","Prostrate+1"],"picked":"ConjureBlade","floor":39},{"not_picked":["Weave","JustLucky+1","Study"],"picked":"SKIP","floor":40},{"not_picked":["FollowUp+1","Collect","InnerPeace+1"],"picked":"SKIP","floor":44},{"not_picked":["FollowUp+1","Collect","InnerPeace+1"],"picked":"SKIP","floor":44},{"not_picked":["Discovery","Magnetism"],"picked":"Panacea","floor":45},{"not_picked":["Protect+1","JustLucky","InnerPeace+1"],"picked":"SKIP","floor":48}],"player_experience":646541,"relics_obtained":[{"floor":5,"key":"Happy Flower"},{"floor":6,"key":"Regal Pillow"},{"floor":9,"key":"Letter Opener"},{"floor":23,"key":"Lantern"},{"floor":26,"key":"CaptainsWheel"},{"floor":28,"key":"FossilizedHelix"},{"floor":40,"key":"Toy Ornithopter"},{"floor":43,"key":"Pen Nib"}],"event_choices":[{"damage_healed":0,"gold_gain":0,"player_choice":"Got Potions","damage_taken":0,"max_hp_gain":0,"max_hp_loss":0,"event_name":"Lab","floor":2,"gold_loss":0},{"damage_healed":0,"gold_gain":0,"player_choice":"Entered Light","damage_taken":14,"max_hp_gain":0,"max_hp_loss":0,"event_name":"Shining Light","floor":4,"gold_loss":0,"cards_upgraded":["Strike_P","Vigilance"]},{"damage_healed":0,"gold_gain":0,"player_choice":"Grow","damage_taken":0,"max_hp_gain":0,"max_hp_loss":0,"event_name":"Living Wall","floor":10,"gold_loss":0,"cards_upgraded":["Indignation"]},{"damage_healed":0,"gold_gain":0,"player_choice":"Ignored","damage_taken":0,"max_hp_gain":0,"max_hp_loss":0,"event_name":"Vampires","floor":19,"gold_loss":0},{"damage_healed":0,"gold_gain":0,"player_choice":"Bought 1 Potion","damage_taken":0,"max_hp_gain":0,"max_hp_loss":0,"event_name":"The Woman in Blue","floor":20,"gold_loss":0},{"damage_healed":0,"gold_gain":0,"player_choice":"Embrace Madness","damage_taken":9,"max_hp_gain":0,"max_hp_loss":0,"event_name":"Winding Halls","floor":36,"gold_loss":0,"cards_obtained":["Madness","Madness"]},{"damage_healed":0,"gold_gain":0,"player_choice":"Ignored","damage_taken":0,"max_hp_gain":0,"max_hp_loss":0,"event_name":"NoteForYourself","floor":38,"gold_loss":0},{"damage_healed":0,"gold_gain":0,"player_choice":"Memory 1","damage_taken":0,"max_hp_gain":0,"max_hp_loss":0,"event_name":"SensoryStone","floor":45,"gold_loss":0}],"is_beta":false,"boss_relics":[{"not_picked":["Black Star","Coffee Dripper"],"picked":"HolyWater"},{"not_picked":["Runic Dome","Snecko Eye"],"picked":"Astrolabe"}],"items_purged_floors":[21,41],"is_endless":false,"potions_floor_spawned":[1,8,11,16,18,22,28,31,33,39,44,48],"killed_by":"Time Eater","ascension_level":0}}