{"host":"78zdngn0u28jm0pp","time":1609217771,"event":{"mods":["BaseMod","Jorbs\u0027s Wanderer Trilogy","Minty Spire (QoL Compilation)","Permanent Neow","Quick Restart","Relic Stats","StSLib","Unceasing Turn Reminder"],"gold_per_floor":[17,17,31,83,101,101,112,142,142,142,142,156,156,175,175,252,252,266,266,266,139,189,189,216,2,27,45,45,45],"floor_reached":28,"playtime":940,"items_purged":["Writhe","Parasite"],"score":472,"play_id":"cc5d17cb-be8e-492c-8cd4-4fb42dcc9e96","local_time":"20201228215611","is_ascension_mode":true,"campfire_choices":[{"data":"Glass Knife","floor":6.0,"key":"SMITH"},{"data":"Tools of the Trade","floor":13.0,"key":"SMITH"},{"data":"Noxious Fumes","floor":15.0,"key":"SMITH"},{"floor":23,"key":"REST"}],"circlet_count":0,"master_deck":["AscendersBane","Strike_G","Strike_G","Strike_G","Strike_G","Defend_G+1","Defend_G","Defend_G","Defend_G","Defend_G","Survivor+1","Neutralize","Glass Knife+1","Backflip","Cloak And Dagger","Tools of the Trade+1","Flying Knee","Blade Dance","Dagger Spray","Noxious Fumes+1","Envenom","Catalyst","RitualDagger","Terror"],"relics":["Ring of the Snake","Smiling Mask","War Paint","Ninja Scroll","Runic Pyramid","Mango","Torii","Omamori","Bag of Marbles"],"acts_visited":["Exordium","TheCity"],"potions_floor_usage":[16,16,18],"damage_taken":[{"damage":0.0,"enemies":"2 Louse","floor":1.0,"turns":2.0},{"damage":1.0,"enemies":"Cultist","floor":3.0,"turns":4.0},{"damage":0.0,"enemies":"Small Slimes","floor":5.0,"turns":4.0},{"damage":1.0,"enemies":"Looter","floor":7.0,"turns":3.0},{"damage":56.0,"enemies":"Lagavulin","floor":8.0,"turns":11.0},{"damage":0.0,"enemies":"Large Slime","floor":12.0,"turns":4.0},{"damage":0.0,"enemies":"3 Louse","floor":14.0,"turns":2.0},{"damage":9,"enemies":"Hexaghost","floor":16,"turns":9},{"damage":20,"enemies":"Spheric Guardian","floor":18,"turns":6},{"damage":50,"enemies":"Slavers","floor":24,"turns":8},{"damage":2,"enemies":"3 Byrds","floor":27,"turns":5},{"damage":12,"enemies":"Gremlin Leader","floor":28,"turns":1}],"seed_played":"-8519288808010439580","potions_obtained":[{"floor":5.0,"key":"Energy Potion"},{"floor":12.0,"key":"DuplicationPotion"},{"floor":14.0,"key":"Poison Potion"},{"floor":16,"key":"Dexterity Potion"}],"is_trial":false,"path_per_floor":["M","?","M","T","M","R","M","E","T","?","?","M","R","M","R","B",null,"M","?","?","$","?","R","E","$","T","M","E"],"character_chosen":"THE_SILENT","items_purchased":["Terror","Omamori"],"campfire_rested":1,"item_purchase_floors":[21,25],"current_hp_per_floor":[59,59,58,58,58,58,57,1,1,17,17,17,17,17,17,8,52,32,26,40,40,40,64,14,14,14,12,0,0],"gold":45,"neow_bonus":"THREE_RARE_CARDS","is_daily":false,"chose_seed":false,"campfire_upgraded":3,"win_rate":0.0,"timestamp":1609217771,"path_taken":["M","?","?","?","M","R","M","E","T","?","?","M","R","M","R","BOSS","M","?","?","$","?","R","E","$","T","?","E"],"items_purchased_type":["Card","Relic"],"build_version":"2020-12-22","purchased_purges":2,"victory":false,"max_hp_per_floor":[66,66,66,66,66,66,66,66,66,66,66,66,66,66,66,66,66,66,66,80,80,80,80,80,77,77,77,77,77],"relic_stats":{"Torii":0,"counters":[12,59],"War Paint":["Survivor","Defend_G"],"Smiling Mask":75,"obtain_stats":[{"Torii":24,"Ninja Scroll":9,"Mango":20,"Omamori":25,"Bag of Marbles":26,"War Paint":8,"Smiling Mask":4,"Ring of the Snake":0,"Runic Pyramid":17},{"Torii":10,"Ninja Scroll":5,"Mango":9,"Omamori":10,"Bag of Marbles":10,"War Paint":5,"Smiling Mask":2,"Ring of the Snake":0,"Runic Pyramid":8},{"Torii":53,"Ninja Scroll":24,"Mango":45,"Omamori":53,"Bag of Marbles":53,"War Paint":24,"Smiling Mask":6,"Ring of the Snake":0,"Runic Pyramid":39}],"Ring of the Snake":[24]},"card_choices":[{"not_picked":["Doppelganger","Envenom"],"picked":"Glass Knife","floor":0.0},{"not_picked":["Acrobatics","Outmaneuver"],"picked":"Backflip","floor":1.0},{"not_picked":["Backflip","Outmaneuver"],"picked":"Cloak And Dagger","floor":3.0},{"not_picked":["Sucker Punch","Blade Dance"],"picked":"Tools of the Trade","floor":5.0},{"not_picked":["Poisoned Stab","Expertise"],"picked":"Flying Knee","floor":7.0},{"not_picked":["Dagger Throw","All Out Attack"],"picked":"Blade Dance","floor":8.0},{"not_picked":["Deadly Poison","Cloak And Dagger"],"picked":"Dagger Spray","floor":12.0},{"not_picked":["Deadly Poison","Escape Plan"],"picked":"Noxious Fumes","floor":14.0},{"not_picked":["Venomology","Phantasmal Killer"],"picked":"Envenom","floor":16},{"not_picked":["Outmaneuver","Prepared"],"picked":"Catalyst","floor":18},{"not_picked":["Backstab","Sucker Punch","Outmaneuver"],"picked":"SKIP","floor":24},{"not_picked":["Predator","Cloak And Dagger","Glass Knife"],"picked":"SKIP","floor":27}],"player_experience":704217,"relics_obtained":[{"floor":4.0,"key":"Smiling Mask"},{"floor":8.0,"key":"War Paint"},{"floor":9.0,"key":"Ninja Scroll"},{"floor":24,"key":"Torii"},{"floor":26,"key":"Bag of Marbles"}],"event_choices":[{"cards_removed":["Strike_G"],"damage_healed":0.0,"max_hp_gain":0.0,"max_hp_loss":0.0,"gold_gain":0.0,"event_name":"Bonfire Elementals","player_choice":"Offered Basic","floor":2.0,"gold_loss":0.0,"damage_taken":0.0},{"damage_healed":16.0,"max_hp_gain":0.0,"max_hp_loss":0.0,"gold_gain":0.0,"event_name":"Mushrooms","player_choice":"Healed and dodged fight","floor":10.0,"gold_loss":0.0,"damage_taken":0.0,"cards_obtained":["Parasite"]},{"damage_healed":0.0,"max_hp_gain":0.0,"max_hp_loss":0.0,"gold_gain":0.0,"event_name":"Shining Light","player_choice":"Ignored","floor":11.0,"gold_loss":0.0,"damage_taken":0.0},{"damage_healed":0,"gold_gain":0,"player_choice":"Joined the Cult","damage_taken":6,"max_hp_gain":0,"max_hp_loss":0,"event_name":"Nest","floor":19,"gold_loss":0,"cards_obtained":["RitualDagger"]},{"damage_healed":0,"gold_gain":0,"player_choice":"Opened","damage_taken":0,"relics_obtained":["Mango"],"max_hp_gain":0,"max_hp_loss":0,"event_name":"The Mausoleum","floor":20,"gold_loss":0,"cards_obtained":["Writhe"]},{"damage_healed":0,"gold_gain":50,"player_choice":"Pray","damage_taken":0,"max_hp_gain":0,"max_hp_loss":0,"event_name":"Golden Shrine","floor":22,"gold_loss":0}],"is_beta":false,"boss_relics":[{"not_picked":["Fusion Hammer","Ectoplasm"],"picked":"Runic Pyramid"}],"items_purged_floors":[21,25],"is_endless":false,"potions_floor_spawned":[5,12,14,16],"killed_by":"Gremlin Leader","ascension_level":20}}