{"host":"z9grmtg2w0nmz8n1","time":1609206008,"event":{"mods":["Aspiration","Bard","BaseMod","Beaked The Cultist","Better Altar","Better Match","Better Note","Better Sensory Stone","Better Skull","Better Third Choice","BetterRewards","CCEM","Colored Map","Conspire","Downfall","GifTheSpireLib","Googly Eyes","Halation","Hermit","Highlight Path","Hubris","Hunter ??","Jedi Mod","Jorbs\u0027s Wanderer Trilogy","Mad Scientist","Marisa????????","Minty Spire (QoL Compilation)","Permanent Neow","Replay The Spire","Shade Mod","Shop Mod","Spicy Shops","StSLib","Stuff the Spire","The Bug Knight","The Construct","The Necromancer","The Runesmith","The Witch"],"gold_per_floor":[111,111,111,111,131,162,176,176,176,176,208,232,277,40,40,40,40],"floor_reached":16,"playtime":597,"items_purged":["Strike_G","Strike_G"],"score":150,"play_id":"389fe1b6-cdff-4f86-a4ee-188b427d021a","local_time":"20201228234008","is_ascension_mode":true,"campfire_choices":[{"floor":8,"key":"RECALL"},{"floor":15,"key":"REST"}],"circlet_count":0,"master_deck":["Strike_G","Strike_G","Defend_G","Defend_G","Defend_G","Defend_G","Defend_G","Survivor","Neutralize","Storm of Steel","Accuracy","Acrobatics","Prepared","hubris:NaturalOne"],"relics":["Ring of the Snake","hubris:Icosahedron","Bag of Preparation","MawBank","Oddly Smooth Stone","Orichalcum"],"acts_visited":["Exordium"],"potions_floor_usage":[6,13],"damage_taken":[{"damage":0,"enemies":"2 Louse","floor":1,"turns":2},{"damage":0,"enemies":"Jaw Worm","floor":5,"turns":5},{"damage":31,"enemies":"Lagavulin","floor":6,"turns":7},{"damage":5,"enemies":"Small Slimes","floor":7,"turns":6},{"damage":11,"enemies":"Replay:BlueRogue","floor":11,"turns":6},{"damage":0,"enemies":"Blue Slaver","floor":12,"turns":6},{"damage":0,"enemies":"Gremlin Nob","floor":13,"turns":2},{"damage":15,"enemies":"The Guardian","floor":16,"turns":5}],"seed_played":"95488775211042141","potions_obtained":[{"floor":5,"key":"Weak Potion"},{"floor":12,"key":"BlessingOfTheForge"},{"floor":13,"key":"FearPotion"}],"is_trial":false,"path_per_floor":["M","?","?","?","M","E","M","R","T","?","E","M","E","$","R","B"],"character_chosen":"THE_SILENT","items_purchased":["Orichalcum"],"campfire_rested":1,"item_purchase_floors":[14],"current_hp_per_floor":[70,70,70,63,70,39,34,34,34,34,23,23,23,23,44,29,29],"gold":40,"neow_bonus":"ONE_RANDOM_RARE_CARD","is_daily":false,"chose_seed":false,"campfire_upgraded":0,"win_rate":0.0,"timestamp":1609206008,"path_taken":["M","?","?","?","M","E","M","R","T","?","E","M","E","$","R","BOSS"],"items_purchased_type":["Relic"],"build_version":"2020-12-22","purchased_purges":2,"victory":false,"max_hp_per_floor":[70,70,70,70,70,70,70,70,70,70,70,70,70,70,70,70,70],"card_choices":[{"not_picked":["StuffTheSpire:ClusterCrunch","StuffTheSpire:BumpUp","Calculated Gamble"],"picked":"SKIP","floor":1},{"not_picked":["Bane","Dash"],"picked":"Accuracy","floor":5},{"not_picked":["Tactician","Caltrops","StuffTheSpire:BrimstoneBlast"],"picked":"SKIP","floor":6},{"not_picked":["Deflect","Outmaneuver"],"picked":"Acrobatics","floor":7},{"not_picked":["Unload","Concentrate"],"picked":"Prepared","floor":11},{"not_picked":["hubris:SlightOfHand","Slice","All Out Attack"],"picked":"SKIP","floor":12},{"not_picked":["Quick Slash","Bane","Grand Finale"],"picked":"SKIP","floor":13}],"player_experience":739077,"relics_obtained":[{"floor":6,"key":"Bag of Preparation"},{"floor":11,"key":"MawBank"},{"floor":13,"key":"Oddly Smooth Stone"}],"event_choices":[{"damage_healed":0,"gold_gain":0,"player_choice":"Disagree","damage_taken":0,"max_hp_gain":0,"max_hp_loss":0,"event_name":"conspire:LoneGhost","floor":3,"gold_loss":0},{"cards_removed":["Strike_G"],"damage_healed":0,"gold_gain":0,"player_choice":"Card Removal","damage_taken":7,"max_hp_gain":0,"max_hp_loss":0,"event_name":"Golden Wing","floor":4,"gold_loss":0},{"damage_healed":0,"gold_gain":0,"player_choice":"Left","damage_taken":0,"max_hp_gain":1,"max_hp_loss":0,"event_name":"betterThird:BetterGoop","floor":10,"gold_loss":0}],"is_beta":false,"boss_relics":[],"items_purged_floors":[14,14],"is_endless":false,"potions_floor_spawned":[5,12,13],"killed_by":"The Guardian","ascension_level":1}}