{"host":"ecaj4hn004xnnrw9","time":1609206335,"event":{"mods":["AchievementEnabler","BaseMod","Hermit","Minty Spire (QoL Compilation)","Quick Restart","Replay The Spire","Shop Mod","StSLib","The Jungle"],"gold_per_floor":[116,116,135,145,145,174,174,209,209,243,208,222,22,46,46,46,46],"floor_reached":16,"playtime":399,"items_purged":[],"score":159,"play_id":"013ec733-7bbf-4fad-8fac-175403577b25","local_time":"20201229014535","is_ascension_mode":true,"campfire_choices":[{"data":"Bash","floor":7,"key":"SMITH"},{"data":"Twin Strike","floor":15,"key":"SMITH"}],"circlet_count":0,"master_deck":["Strike_R","Strike_R","Strike_R","Strike_R","Defend_R","Defend_R","Defend_R","Defend_R","Bash+1","Battle Trance","Ghostly Armor","Twin Strike+1","Battle Trance","Shrug It Off","Feed","Shrug It Off","Pommel Strike"],"relics":["Burning Blood","NeowsBlessing","ReplayTheSpireMod:Lightbulb","Matryoshka","Mummified Hand","Blue Doll","ReplayTheSpireMod:Shallot","Bag of Marbles","ReplayTheSpireMod:Ninjato","Anchor"],"acts_visited":["Exordium"],"potions_floor_usage":[8,16],"damage_taken":[{"damage":0,"enemies":"Cultist","floor":1,"turns":1},{"damage":0,"enemies":"2 Louse","floor":3,"turns":1},{"damage":0,"enemies":"Jaw Worm","floor":4,"turns":1},{"damage":32,"enemies":"Gremlin Nob","floor":6,"turns":4},{"damage":41,"enemies":"Lagavulin","floor":8,"turns":7},{"damage":18,"enemies":"Gremlin Nob","floor":10,"turns":3},{"damage":1,"enemies":"3 Louse","floor":12,"turns":5},{"damage":40,"enemies":"Slime Boss","floor":16,"turns":8}],"seed_played":"-7833472447077348811","potions_obtained":[{"floor":6,"key":"Dexterity Potion"},{"floor":12,"key":"Block Potion"}],"is_trial":false,"path_per_floor":["M","?","M","M","?","E","R","E","T","E","?","M","$","T","R","B"],"character_chosen":"IRONCLAD","items_purchased":["Bag of Marbles","Pommel Strike"],"campfire_rested":0,"item_purchase_floors":[13,13],"current_hp_per_floor":[78,78,80,80,80,54,54,19,19,7,27,35,35,35,35,0,0],"gold":46,"neow_bonus":"THREE_ENEMY_KILL","is_daily":false,"chose_seed":false,"campfire_upgraded":2,"win_rate":0.0,"timestamp":1609206335,"path_taken":["M","?","?","M","?","E","R","E","T","E","?","M","$","?","R","BOSS"],"items_purchased_type":["Relic","Card"],"build_version":"2020-12-22","purchased_purges":0,"victory":false,"max_hp_per_floor":[80,80,80,80,80,80,80,80,80,80,80,83,83,83,83,83,83],"card_choices":[{"not_picked":["Heavy Blade","Clothesline"],"picked":"Battle Trance","floor":1},{"not_picked":["Armaments","Infernal Blade"],"picked":"Ghostly Armor","floor":3},{"not_picked":["Heavy Blade","Warcry"],"picked":"Twin Strike","floor":4},{"not_picked":["Twin Strike","Ghostly Armor"],"picked":"Battle Trance","floor":6},{"not_picked":["Heavy Blade","Berserk"],"picked":"Shrug It Off","floor":8},{"not_picked":["Replay:Undeath\u0027s Touch","Burning Pact"],"picked":"Feed","floor":10},{"not_picked":["Body Slam","Second Wind"],"picked":"Shrug It Off","floor":12}],"player_experience":200130,"relics_obtained":[{"floor":6,"key":"ReplayTheSpireMod:Lightbulb"},{"floor":8,"key":"Matryoshka"},{"floor":9,"key":"Mummified Hand"},{"floor":9,"key":"Blue Doll"},{"floor":10,"key":"ReplayTheSpireMod:Shallot"},{"floor":14,"key":"ReplayTheSpireMod:Ninjato"},{"floor":14,"key":"Anchor"}],"event_choices":[{"cards_removed":["Strike_R"],"damage_healed":0,"gold_gain":0,"player_choice":"Purged","damage_taken":0,"max_hp_gain":0,"max_hp_loss":0,"event_name":"Purifier","floor":2,"gold_loss":0},{"damage_healed":0,"gold_gain":0,"player_choice":"Ignored","damage_taken":0,"max_hp_gain":0,"max_hp_loss":0,"event_name":"Liars Game","floor":5,"gold_loss":0},{"damage_healed":20,"gold_gain":0,"player_choice":"Healed","damage_taken":0,"max_hp_gain":0,"max_hp_loss":0,"event_name":"The Cleric","floor":11,"gold_loss":35}],"is_beta":false,"boss_relics":[],"items_purged_floors":[],"is_endless":false,"potions_floor_spawned":[6,12],"killed_by":"Slime Boss","ascension_level":7}}