{"host":"w7dhjqgqsib0c3vt","time":1609249430,"event":{"mods":["ATMod(°¢èªMod)","BaseMod","Minty Spire (QoL Compilation)","Shop Mod","StSLib","TheWitcher"],"gold_per_floor":[113,163,5,43,88,192,192,192,192,242,305,369,369,508,508,610,610,649,649,242,242,242,317,317],"floor_reached":23,"playtime":608,"items_purged":["Parasite"],"score":368,"play_id":"ad169b07-3dcd-4642-939c-54334526d847","local_time":"20201229214350","is_ascension_mode":true,"campfire_choices":[{"data":"AT_TearsDenial","floor":8,"key":"SMITH"},{"floor":15,"key":"REST"}],"circlet_count":0,"master_deck":["AscendersBane","Strike_R+1","Strike_R+1","Strike_R+1","Strike_R+1","Strike_R+1","Defend_R+1","Defend_R+1","Defend_R+1","Defend_R+1","Bash","AT_TearsDenial+1","AT_DrawKnifeCut","Warcry","Second Wind","Iron Wave","Twin Strike","AT_IchimonjiDouble","Pummel","Flex","Feed","Dual Wield","Apotheosis","Decay"],"relics":["Burning Blood","AT_ATBox","NeowsBlessing","AT_MibuBalloonWealth","Eternal Feather","Darkstone Periapt","Regal Pillow","Mark of Pain","HornCleat"],"acts_visited":["Exordium","TheCity"],"potions_floor_usage":[6,12,16,18,23],"damage_taken":[{"damage":0.0,"enemies":"2 Louse","floor":1.0,"turns":2.0},{"damage":0,"enemies":"Cultist","floor":4,"turns":1},{"damage":0,"enemies":"Jaw Worm","floor":5,"turns":1},{"damage":55,"enemies":"3 Sentries","floor":6,"turns":9},{"damage":71,"enemies":"Lagavulin","floor":10,"turns":7},{"damage":11,"enemies":"2 Fungi Beasts","floor":11,"turns":3},{"damage":22,"enemies":"Exordium Thugs","floor":12,"turns":5},{"damage":0,"enemies":"Lots of Slimes","floor":14,"turns":1},{"damage":97,"enemies":"The Guardian","floor":16,"turns":10},{"damage":43,"enemies":"Spheric Guardian","floor":18,"turns":6},{"damage":41,"enemies":"Gremlin Leader","floor":23,"turns":5}],"seed_played":"3974733622495099100","potions_obtained":[{"floor":4,"key":"Energy Potion"},{"floor":10,"key":"SkillPotion"},{"floor":11,"key":"DuplicationPotion"},{"floor":12,"key":"ColorlessPotion"},{"floor":16,"key":"Swift Potion"}],"is_trial":false,"path_per_floor":["M","?","$","M","M","E","?","R","T","E","M","M","?","M","R","B",null,"M","?","$","?","?","E"],"character_chosen":"IRONCLAD","items_purchased":["AT_MibuBalloonWealth","HornCleat","AttackPotion"],"campfire_rested":1,"item_purchase_floors":[3,20,20],"current_hp_per_floor":[74,67,67,73,75,26,51,60,60,17,12,14,38,44,81,18,65,28,28,28,28,34,0,0],"gold":317,"neow_bonus":"THREE_ENEMY_KILL","is_daily":false,"chose_seed":false,"campfire_upgraded":1,"win_rate":0.0,"timestamp":1609249430,"path_taken":["M","?","$","?","M","E","?","R","T","E","M","M","?","M","R","BOSS","M","?","$","?","?","E"],"items_purchased_type":["Relic","Relic","Potion"],"build_version":"2020-12-22","purchased_purges":1,"victory":false,"max_hp_per_floor":[75,75,75,75,75,75,75,75,75,75,75,75,81,81,81,81,81,81,81,78,78,84,84,84],"card_choices":[{"not_picked":["True Grit","Reckless Charge"],"picked":"AT_DrawKnifeCut","floor":1.0},{"not_picked":["Feel No Pain","AT_GerminateFire"],"picked":"Warcry","floor":4},{"not_picked":["Warcry","Entrench"],"picked":"Second Wind","floor":5},{"not_picked":["Second Wind","Dark Embrace"],"picked":"Iron Wave","floor":6},{"not_picked":["Combust","Perfected Strike"],"picked":"Twin Strike","floor":10},{"not_picked":["AT_BodySlamDance","Barricade"],"picked":"AT_IchimonjiDouble","floor":11},{"not_picked":["Heavy Blade","Anger"],"picked":"Pummel","floor":12},{"not_picked":["Twin Strike","AT_ManFootWork"],"picked":"Flex","floor":14},{"not_picked":["Immolate","Impervious"],"picked":"Feed","floor":16},{"not_picked":["Clothesline","Warcry"],"picked":"Dual Wield","floor":18}],"player_experience":587000,"relics_obtained":[{"floor":6,"key":"Eternal Feather"},{"floor":9,"key":"Darkstone Periapt"},{"floor":10,"key":"Regal Pillow"}],"event_choices":[{"damage_healed":0,"gold_gain":50,"player_choice":"Touch","damage_taken":7,"max_hp_gain":0,"max_hp_loss":0,"event_name":"FaceTrader","floor":2,"gold_loss":0},{"damage_healed":25,"gold_gain":0,"player_choice":"Banana","damage_taken":0,"max_hp_gain":0,"max_hp_loss":0,"event_name":"Big Fish","floor":7,"gold_loss":0},{"damage_healed":18,"gold_gain":0,"player_choice":"Healed and dodged fight","damage_taken":0,"max_hp_gain":0,"max_hp_loss":0,"event_name":"Mushrooms","floor":13,"gold_loss":0,"cards_obtained":["Parasite"]},{"damage_healed":0,"gold_gain":0,"player_choice":"Simplicity","damage_taken":0,"max_hp_gain":0,"max_hp_loss":0,"event_name":"Back to Basics","floor":21,"gold_loss":0,"cards_upgraded":["Strike_R","Strike_R","Strike_R","Strike_R","Strike_R","Defend_R","Defend_R","Defend_R","Defend_R"]},{"damage_healed":0,"gold_gain":0,"player_choice":"Smashed Altar","damage_taken":0,"max_hp_gain":0,"max_hp_loss":0,"event_name":"Forgotten Altar","floor":22,"gold_loss":0,"cards_obtained":["Decay"]}],"is_beta":false,"boss_relics":[{"not_picked":["Fusion Hammer","Coffee Dripper"],"picked":"Mark of Pain"}],"items_purged_floors":[20],"is_endless":false,"potions_floor_spawned":[4,10,11,12,16],"killed_by":"Gremlin Leader","ascension_level":17}}