{"host":"fdmexzkyss3ff9bv","time":1609266701,"event":{"mods":["BaseMod","Beaked The Cultist","BetterRewards","Downfall","Glutton Mod","Halation","Hubris","Infinite Spire","Minty Spire (QoL Compilation)","Replay The Spire","StSLib","The Animator","The Blackbeard","The Bug Knight","The Construct","The Mystic","The Servant 0.9.4","The Witch"],"gold_per_floor":[112,112,112,112,123,123,138,173,251,251,17,17,30,30,30,131,131,148,148,148,118,128,128,43,43,125,125,158,175,4,0,0,0,0],"floor_reached":33,"playtime":1965,"items_purged":[],"score":411,"play_id":"2bbb0fe2-ac2a-4259-b9ac-765f85786b74","local_time":"20201229193141","is_ascension_mode":false,"campfire_choices":[{"data":"Strike_G","floor":6,"key":"SMITH"},{"floor":12,"key":"REST"},{"data":"Prepared","floor":15,"key":"SMITH"},{"floor":23,"key":"RECALL"},{"floor":25,"key":"REST"}],"circlet_count":0,"master_deck":["Strike_G+1","Strike_G","Strike_G","Strike_G","Strike_G","Defend_G","Defend_G","Defend_G","Defend_G","Defend_G","Survivor","Neutralize","Poisoned Stab","ReplayTheSpireMod:Scrap Shanks+1","Toxin Wave+1","Slice","hubris:SlightOfHand","expansioncontent:GoopSpray","Underhanded Strike","Prepared+1","A Thousand Cuts","CurseOfTheBell","Prepared","Prepared","Footwork","Outmaneuver","Calculated Gamble","ReplayTheSpireMod:Scrap Shanks"],"relics":["Mango","Sizzling Blood","PreservedInsect","Pear","halation:EternalFortune","Calling Bell","Omamori","Chameleon Ring","hubris:FunFungus","Anchor","halation:VictoryRuler","Dream Catcher","Pantograph"],"acts_visited":["Exordium","TheCity"],"potions_floor_usage":[8,8,21,22,28,30,33,33,33],"damage_taken":[{"damage":0,"enemies":"2 Louse","floor":1,"turns":3},{"damage":5,"enemies":"Cultist","floor":5,"turns":4},{"damage":0,"enemies":"Small Slimes","floor":7,"turns":3},{"damage":17,"enemies":"Gremlin Nob","floor":8,"turns":4},{"damage":12,"enemies":"Blue Slaver","floor":13,"turns":3},{"damage":31,"enemies":"Fading Forest","floor":16,"turns":11},{"damage":32,"enemies":"Shell Parasite","floor":18,"turns":7},{"damage":0,"enemies":"2 Thieves","floor":21,"turns":2},{"damage":18,"enemies":"Snecko","floor":22,"turns":6},{"damage":27,"enemies":"Book of Stabbing","floor":28,"turns":5},{"damage":30,"enemies":"Snake Plant","floor":29,"turns":5},{"damage":79,"enemies":"hubris:MusketHawk","floor":33,"turns":9}],"seed_played":"-293468399144576784","potions_obtained":[{"floor":5,"key":"Adrenaline Potion"},{"floor":7,"key":"Strength Potion"},{"floor":16,"key":"SmokeBomb"},{"floor":27,"key":"Milkshake"},{"floor":27,"key":"DistilledChaos"},{"floor":29,"key":"Fruit Juice"},{"floor":32,"key":"AttackPotion"}],"is_trial":false,"path_per_floor":["M","?","$","?","M","R","M","E","T","?","$","R","M","?","R","B",null,"M","?","AVR","M","M","R","?","R","T","R","E","M","$","?","R","B"],"character_chosen":"THE_SILENT","items_purchased":["hubris:SlightOfHand","expansioncontent:GoopSpray","Underhanded Strike","sneckomod:MuddlingPotion","ReplayTheSpireMod:Scrap Shanks","Swift Potion","Block Potion"],"campfire_rested":2,"item_purchase_floors":[11,11,11,11,30,30,30],"current_hp_per_floor":[74,78,78,78,77,77,81,68,78,58,58,87,79,82,82,65,101,76,66,66,70,57,57,57,88,88,88,65,39,46,46,46,0,0],"gold":0,"neow_bonus":"","is_daily":false,"chose_seed":false,"campfire_upgraded":2,"win_rate":0.0,"timestamp":1609266701,"path_taken":["M","?","?","?","M","R","M","E","T","?","$","R","?","?","R","BOSS","M","?","AVR","M","M","R","?","R","T","R","E","M","$","?","R","BOSS"],"items_purchased_type":["Card","Card","Card","Potion","Card","Potion","Potion"],"build_version":"2020-12-13","purchased_purges":0,"victory":false,"max_hp_per_floor":[84,88,88,88,88,88,88,88,98,98,98,98,98,101,101,101,101,104,104,104,104,104,104,104,104,104,104,104,104,111,111,111,111,111],"card_choices":[{"not_picked":["Dagger Throw","Expertise"],"picked":"Poisoned Stab","floor":1},{"not_picked":["Hidden Blade","Flying Knee"],"picked":"ReplayTheSpireMod:Scrap Shanks","floor":5},{"not_picked":["Prepared","Slice"],"picked":"Toxin Wave","floor":7},{"not_picked":["PiercingWail","Dodge and Roll"],"picked":"Slice","floor":8},{"not_picked":["Backflip","Hidden Blade"],"picked":"Prepared","floor":13},{"not_picked":["Die Die Die","Malaise"],"picked":"A Thousand Cuts","floor":16},{"not_picked":["Distraction","Acrobatics"],"picked":"Prepared","floor":18},{"not_picked":["Dodge and Roll","Reflex"],"picked":"Prepared","floor":22},{"not_picked":["Poisoned Stab","Dodge and Roll"],"picked":"Footwork","floor":25},{"not_picked":["Bane","Slice"],"picked":"Outmaneuver","floor":28},{"not_picked":["Bane","Acrobatics"],"picked":"Calculated Gamble","floor":29}],"player_experience":46509,"relics_obtained":[{"floor":8,"key":"PreservedInsect"},{"floor":9,"key":"Pear"},{"floor":17,"key":"Omamori"},{"floor":17,"key":"Chameleon Ring"},{"floor":17,"key":"hubris:FunFungus"},{"floor":18,"key":"halation:EternalFortune"},{"floor":28,"key":"Pantograph"}],"event_choices":[{"damage_healed":0,"gold_gain":0,"player_choice":"Leave","damage_taken":0,"max_hp_gain":0,"max_hp_loss":0,"event_name":"The Cleric","floor":4,"gold_loss":0},{"damage_healed":0,"gold_gain":0,"player_choice":"Entered Light","damage_taken":20,"max_hp_gain":0,"max_hp_loss":0,"event_name":"Shining Light","floor":10,"gold_loss":0,"cards_upgraded":["ReplayTheSpireMod:Scrap Shanks","Toxin Wave"]},{"damage_healed":0,"gold_gain":0,"player_choice":"Anchor","damage_taken":0,"relics_obtained":["Anchor"],"max_hp_gain":0,"max_hp_loss":0,"event_name":"blackbeard:ShipwreckEvent","floor":19,"gold_loss":0},{"damage_healed":0,"gold_gain":0,"player_choice":"Obtained Relic","damage_taken":0,"relics_obtained":["Dream Catcher"],"max_hp_gain":0,"max_hp_loss":0,"event_name":"Addict","floor":24,"gold_loss":85},{"damage_healed":0,"gold_gain":0,"player_choice":"Paid Fearfully","damage_taken":0,"max_hp_gain":0,"max_hp_loss":0,"event_name":"Masked Bandits","floor":31,"gold_loss":4}],"is_beta":false,"boss_relics":[{"not_picked":["Fusion Hammer","ReplayTheSpireMod:DimensionalGlitch"],"picked":"Calling Bell"}],"items_purged_floors":[],"is_endless":false,"potions_floor_spawned":[5,7,16,29],"killed_by":"hubris:MusketHawk","ascension_level":0}}