{"host":"78zdngn0u28jm0pp","time":1609204820,"event":{"mods":["BaseMod","Jorbs\u0027s Wanderer Trilogy","Minty Spire (QoL Compilation)","Permanent Neow","Quick Restart","Relic Stats","StSLib","Unceasing Turn Reminder"],"gold_per_floor":[113,188,199,199,218,218,248,398,398,398,415,289,289,16,16,90,90,107,122,122,122],"floor_reached":20,"playtime":4196,"items_purged":["Doubt","Strike_G"],"score":344,"play_id":"b51f51be-e67f-4715-9974-65457ea7a468","local_time":"20201228182020","is_ascension_mode":true,"campfire_choices":[{"floor":6,"key":"REST"},{"floor":10,"key":"REST"},{"data":"Unload","floor":13,"key":"SMITH"},{"data":"Bouncing Flask","floor":15,"key":"SMITH"}],"circlet_count":0,"master_deck":["AscendersBane","Strike_G","Strike_G","Strike_G","Strike_G","Defend_G","Defend_G","Defend_G","Defend_G","Defend_G","Survivor","Neutralize+1","Deadly Poison+1","Unload+1","All Out Attack","PiercingWail","Acrobatics","Slice","Bouncing Flask+1","Footwork+1","Burst","CurseOfTheBell","Slice","Dagger Spray"],"relics":["Ring of the Snake","Frozen Egg 2","Pear","Calling Bell","Potion Belt","The Courier","Shovel"],"acts_visited":["TheCity"],"potions_floor_usage":[18,19],"damage_taken":[{"damage":6,"enemies":"Cultist","floor":1,"turns":6},{"damage":6,"enemies":"Jaw Worm","floor":3,"turns":6},{"damage":1,"enemies":"Small Slimes","floor":5,"turns":3},{"damage":33,"enemies":"Lagavulin","floor":7,"turns":9},{"damage":3,"enemies":"Looter","floor":11,"turns":3},{"damage":13,"enemies":"Hexaghost","floor":16,"turns":8},{"damage":14,"enemies":"3 Byrds","floor":18,"turns":7},{"damage":30,"enemies":"2 Thieves","floor":19,"turns":4},{"damage":0,"enemies":"Sentry and Sphere","floor":20,"turns":2}],"seed_played":"-8343231003146615957","potions_obtained":[{"floor":7,"key":"Ancient Potion"},{"floor":16,"key":"AttackPotion"},{"floor":18,"key":"ColorlessPotion"},{"floor":19,"key":"GamblersBrew"}],"is_trial":false,"path_per_floor":["M","?","M","?","M","R","E","?","T","R","M","$","R","$","R","B",null,"M","M","M"],"character_chosen":"THE_SILENT","items_purchased":["Slice","Bouncing Flask","Footwork+1"],"campfire_rested":2,"item_purchase_floors":[12,14,14],"current_hp_per_floor":[53,42,36,36,35,54,21,21,31,53,50,50,50,50,50,37,66,52,22,22,22],"gold":122,"neow_bonus":"UPGRADE_CARD","is_daily":false,"chose_seed":false,"campfire_upgraded":2,"win_rate":0.0,"timestamp":1609204820,"path_taken":["M","?","M","?","M","R","E","?","T","R","M","$","R","$","R","BOSS","M","M","M"],"items_purchased_type":["Card","Card","Card"],"build_version":"2020-12-22","purchased_purges":2,"victory":false,"max_hp_per_floor":[66,66,66,66,66,66,66,66,76,76,76,76,76,76,76,76,76,76,76,76,76],"relic_stats":{"Shovel":0,"counters":[9,48],"obtain_stats":[{"Calling Bell":17,"Potion Belt":17,"Pear":9,"Shovel":17,"The Courier":17,"Frozen Egg 2":7,"Ring of the Snake":0},{"Calling Bell":6,"Potion Belt":6,"Pear":4,"Shovel":6,"The Courier":6,"Frozen Egg 2":4,"Ring of the Snake":0},{"Calling Bell":35,"Potion Belt":35,"Pear":24,"Shovel":35,"The Courier":35,"Frozen Egg 2":24,"Ring of the Snake":0}],"Ring of the Snake":[18]},"card_choices":[{"not_picked":["Underhanded Strike","Acrobatics"],"picked":"Deadly Poison","floor":1},{"not_picked":["Dagger Throw","Poisoned Stab"],"picked":"Unload","floor":3},{"not_picked":["Acrobatics","Flying Knee"],"picked":"All Out Attack","floor":5},{"not_picked":["Quick Slash","Calculated Gamble"],"picked":"PiercingWail","floor":7},{"not_picked":["Sucker Punch","Dodge and Roll"],"picked":"Acrobatics","floor":11},{"not_picked":["Unload","Glass Knife"],"picked":"Burst","floor":16},{"not_picked":["Escape Plan","Deadly Poison"],"picked":"Slice","floor":18},{"not_picked":["Bane","Blade Dance"],"picked":"Dagger Spray","floor":19}],"player_experience":704217,"relics_obtained":[{"floor":7,"key":"Frozen Egg 2"},{"floor":9,"key":"Pear"},{"floor":17,"key":"Potion Belt"},{"floor":17,"key":"The Courier"},{"floor":17,"key":"Shovel"}],"event_choices":[{"damage_healed":0,"gold_gain":75,"player_choice":"Gather Gold","damage_taken":11,"max_hp_gain":0,"max_hp_loss":0,"event_name":"World of Goop","floor":2,"gold_loss":0},{"damage_healed":0,"gold_gain":0,"player_choice":"Grow","damage_taken":0,"max_hp_gain":0,"max_hp_loss":0,"event_name":"Living Wall","floor":4,"gold_loss":0,"cards_upgraded":["Deadly Poison"]},{"damage_healed":0,"gold_gain":150,"player_choice":"AGREE","damage_taken":0,"max_hp_gain":0,"max_hp_loss":0,"event_name":"Liars Game","floor":8,"gold_loss":0,"cards_obtained":["Doubt"]}],"is_beta":false,"boss_relics":[{"not_picked":["SlaversCollar","WristBlade"],"picked":"Calling Bell"}],"items_purged_floors":[12,14],"is_endless":false,"potions_floor_spawned":[7,16,18,19],"killed_by":"Sentry and Sphere","ascension_level":20}}