{"host":"h0xw20cia6ppa69g","time":1609239847,"event":{"mods":["AchievementEnabler","BaseMod","Colored Map","Filter the Spire","Googly Eyes","Minty Spire (QoL Compilation)","Relic Stats","StSLib","The Awakened One except there are too many feathers","everything is the same but u backflip on backflip"],"gold_per_floor":[113,126,126,139,139,139,139,139,139,139,167,117,135,153,153,251,251,271,288,306,221,241,268,268,299,299,318,318,337,355,380,380,482,482,497,238,238,238,249,278,278,328,354,65,81,107,107,123,123,123,123,123,17,42,42],"floor_reached":56,"playtime":3988,"items_purged":[],"score":1422,"play_id":"7afd35c1-0067-4cc6-ac27-0f01cf1e8557","local_time":"20201229050407","is_ascension_mode":true,"campfire_choices":[{"data":"Skewer","floor":6,"key":"SMITH"},{"data":"All Out Attack","floor":8,"key":"SMITH"},{"data":"Neutralize","floor":10,"key":"SMITH"},{"data":"Burst","floor":15,"key":"SMITH"},{"data":"Setup","floor":24,"key":"SMITH"},{"data":"Terror","floor":28,"key":"SMITH"},{"floor":32,"key":"REST"},{"floor":41,"key":"RECALL"},{"data":"Phantasmal Killer","floor":47,"key":"SMITH"},{"data":"Calculated Gamble","floor":49,"key":"SMITH"},{"data":"Reflex","floor":52,"key":"SMITH"}],"circlet_count":0,"master_deck":["Survivor","Neutralize+1","Burst+1","Skewer+1","Crippling Poison","Backstab","Escape Plan","Underhanded Strike","Quick Slash","Doppelganger","Poisoned Stab","Leg Sweep+1","Acrobatics","Terror+1","Cloak And Dagger","Wraith Form v2+1","Dodge and Roll","Setup+1","Grand Finale","Reflex+1","Acrobatics","Phantasmal Killer+1","Bullet Time","Noxious Fumes+1","Venomology","Calculated Gamble+1","PiercingWail","After Image+1","Dagger Spray+1","Setup+1","Backflip","Dodge and Roll+1","Footwork+1","Prepared+1","Catalyst+1"],"relics":["Pandora\u0027s Box","Boot","Frozen Egg 2","Bag of Preparation","Runic Pyramid","Mango","Orichalcum","Snake Skull","Mummified Hand","SacredBark","Blue Candle","Art of War","Dead Branch","Pen Nib","DollysMirror","Ancient Tea Set","Bronze Scales","War Paint"],"acts_visited":["Exordium","TheCity","TheBeyond","TheEnding"],"potions_floor_usage":[18,23,23,31,31,35,39,40,45,46,48,50,50,55,55,55,55],"damage_taken":[{"damage":8,"enemies":"Jaw Worm","floor":1,"turns":2},{"damage":0,"enemies":"2 Louse","floor":2,"turns":2},{"damage":0,"enemies":"Small Slimes","floor":4,"turns":1},{"damage":19,"enemies":"3 Sentries","floor":11,"turns":5},{"damage":0,"enemies":"3 Louse","floor":13,"turns":2},{"damage":0,"enemies":"Blue Slaver","floor":14,"turns":3},{"damage":13,"enemies":"The Guardian","floor":16,"turns":8},{"damage":4,"enemies":"2 Thieves","floor":18,"turns":3},{"damage":1,"enemies":"Spheric Guardian","floor":19,"turns":6},{"damage":4,"enemies":"Chosen and Byrds","floor":20,"turns":5},{"damage":6,"enemies":"Centurion and Healer","floor":22,"turns":6},{"damage":0,"enemies":"Slavers","floor":23,"turns":3},{"damage":0,"enemies":"Gremlin Leader","floor":25,"turns":5},{"damage":11,"enemies":"Sentry and Sphere","floor":27,"turns":6},{"damage":8,"enemies":"Shelled Parasite and Fungi","floor":29,"turns":4},{"damage":11,"enemies":"Snake Plant","floor":30,"turns":3},{"damage":22,"enemies":"Slavers","floor":31,"turns":3},{"damage":7,"enemies":"Collector","floor":33,"turns":8},{"damage":3,"enemies":"Orb Walker","floor":35,"turns":3},{"damage":3,"enemies":"3 Shapes","floor":39,"turns":5},{"damage":0,"enemies":"Reptomancer","floor":40,"turns":6},{"damage":0,"enemies":"Mind Bloom Boss Battle","floor":42,"turns":7},{"damage":0,"enemies":"3 Darklings","floor":45,"turns":4},{"damage":0,"enemies":"Giant Head","floor":46,"turns":6},{"damage":0,"enemies":"Maw","floor":48,"turns":6},{"damage":36,"enemies":"Donu and Deca","floor":50,"turns":6},{"damage":0,"enemies":"Shield and Spear","floor":54,"turns":3},{"damage":26,"enemies":"The Heart","floor":55,"turns":11}],"seed_played":"8413184202290921384","potions_obtained":[{"floor":1,"key":"Block Potion"},{"floor":2,"key":"SmokeBomb"},{"floor":11,"key":"FearPotion"},{"floor":13,"key":"Block Potion"},{"floor":20,"key":"SteroidPotion"},{"floor":23,"key":"Swift Potion"},{"floor":25,"key":"ColorlessPotion"},{"floor":31,"key":"Regen Potion"},{"floor":33,"key":"Dexterity Potion"},{"floor":48,"key":"Strength Potion"}],"is_trial":false,"path_per_floor":["M","M","?","M","?","R","?","R","T","R","E","?","M","M","R","B",null,"M","M","M","?","M","E","R","E","T","M","R","M","M","E","R","B",null,"M","$","?","?","M","E","R","?","T","$","M","E","R","M","R","B",null,"R","$","E","B",null],"character_chosen":"THE_SILENT","items_purchased":["Blue Candle","DollysMirror","Ancient Tea Set","Footwork+1","Prepared"],"campfire_rested":1,"item_purchase_floors":[36,44,44,53,53],"current_hp_per_floor":[62,62,55,55,55,55,48,48,48,48,29,29,29,29,29,16,70,66,65,61,75,69,69,69,69,69,58,58,50,39,17,42,35,84,81,81,81,81,84,84,84,84,84,84,84,84,84,84,84,48,84,84,84,84,58],"gold":42,"neow_bonus":"BOSS_RELIC","is_daily":false,"chose_seed":false,"campfire_upgraded":9,"win_rate":0.0,"timestamp":1609239847,"path_taken":["M","M","?","M","?","R","?","R","T","R","E","?","M","M","R","BOSS","M","M","M","?","M","E","R","E","T","M","R","M","M","E","R","BOSS","M","$","?","?","?","E","R","?","T","$","M","E","R","M","R","BOSS","R","$","E","BOSS"],"items_purchased_type":["Relic","Relic","Relic","Card","Card"],"build_version":"2020-12-22","purchased_purges":0,"victory":true,"max_hp_per_floor":[70,70,70,70,70,70,70,70,70,70,70,70,70,70,70,70,70,70,70,70,84,84,84,84,84,84,84,84,84,84,84,84,84,84,84,84,84,84,84,84,84,84,84,84,84,84,84,84,84,84,84,84,84,84,84],"relic_stats":{"counters":[28,132],"Blue Candle":[0],"Dead Branch":[58],"Snake Skull":[118],"Pen Nib":[8],"Bag of Preparation":[48],"Orichalcum":[72],"War Paint":["Leg Sweep","Prepared"],"Boot":[41],"Mummified Hand":[33],"Bronze Scales":[159],"Pandora\u0027s Box":["Burst","Choke","Skewer","Crippling Poison","Backstab","Escape Plan","Underhanded Strike","Bane","Quick Slash","Doppelganger"],"Art of War":[3],"obtain_stats":[{"SacredBark":34,"Blue Candle":36,"Dead Branch":42,"Mango":21,"Snake Skull":25,"Pen Nib":43,"Bag of Preparation":11,"Frozen Egg 2":9,"Orichalcum":23,"War Paint":54,"Boot":3,"Ancient Tea Set":44,"Mummified Hand":31,"DollysMirror":44,"Bronze Scales":46,"Pandora\u0027s Box":0,"Art of War":40,"Ring of the Snake":0,"Runic Pyramid":17},{"SacredBark":18,"Blue Candle":19,"Dead Branch":22,"Mango":10,"Snake Skull":13,"Pen Nib":22,"Bag of Preparation":4,"Frozen Egg 2":3,"Orichalcum":12,"War Paint":27,"Boot":2,"Ancient Tea Set":22,"Mummified Hand":17,"DollysMirror":22,"Bronze Scales":24,"Pandora\u0027s Box":0,"Art of War":21,"Ring of the Snake":0,"Runic Pyramid":7},{"SacredBark":75,"Blue Candle":78,"Dead Branch":96,"Mango":37,"Snake Skull":51,"Pen Nib":96,"Bag of Preparation":10,"Frozen Egg 2":5,"Orichalcum":46,"War Paint":121,"Boot":4,"Ancient Tea Set":96,"Mummified Hand":67,"DollysMirror":96,"Bronze Scales":106,"Pandora\u0027s Box":0,"Art of War":89,"Ring of the Snake":0,"Runic Pyramid":23}]},"card_choices":[{"not_picked":["Concentrate","Underhanded Strike"],"picked":"Poisoned Stab","floor":1},{"not_picked":["Blade Dance","Escape Plan"],"picked":"All Out Attack","floor":2},{"not_picked":["Quick Slash","Footwork"],"picked":"Leg Sweep","floor":4},{"not_picked":["Dagger Spray","All Out Attack"],"picked":"Acrobatics","floor":11},{"not_picked":["Underhanded Strike","Dodge and Roll"],"picked":"Terror","floor":13},{"not_picked":["Underhanded Strike","Catalyst"],"picked":"Cloak And Dagger","floor":14},{"not_picked":["Tools of the Trade+1","Die Die Die"],"picked":"Wraith Form v2+1","floor":16},{"not_picked":["Setup","Blade Dance+1"],"picked":"Dodge and Roll","floor":18},{"not_picked":["Distraction+1","Slice","Sucker Punch"],"picked":"SKIP","floor":19},{"not_picked":["Poisoned Stab","Flying Knee"],"picked":"Setup","floor":20},{"not_picked":["Prepared","Backflip+1"],"picked":"Grand Finale","floor":22},{"not_picked":["Dagger Throw","Poisoned Stab+1"],"picked":"Reflex","floor":23},{"not_picked":["Outmaneuver+1","Finisher"],"picked":"Acrobatics","floor":25},{"not_picked":["Escape Plan","Acrobatics+1"],"picked":"Phantasmal Killer","floor":27},{"not_picked":["Riddle With Holes","Deadly Poison+1","Infinite Blades+1"],"picked":"SKIP","floor":29},{"not_picked":["Sucker Punch+1","Underhanded Strike"],"picked":"Bullet Time","floor":30},{"not_picked":["Escape Plan","Heel Hook"],"picked":"Noxious Fumes+1","floor":31},{"not_picked":["Adrenaline","Storm of Steel"],"picked":"Venomology","floor":33},{"not_picked":["Blade Dance","Skewer"],"picked":"Calculated Gamble","floor":35},{"not_picked":["Reflex+1","Blade Dance"],"picked":"PiercingWail","floor":39},{"not_picked":["Setup+1","Backflip+1"],"picked":"After Image+1","floor":40},{"not_picked":["PiercingWail","Quick Slash+1"],"picked":"Dagger Spray+1","floor":42},{"not_picked":["Riddle With Holes","Slice+1"],"picked":"Backflip","floor":45},{"not_picked":["Underhanded Strike","Poisoned Stab","Dagger Throw+1"],"picked":"SKIP","floor":46},{"not_picked":["Setup+1","Phantasmal Killer"],"picked":"Dodge and Roll+1","floor":48},{"not_picked":["Cloak And Dagger","Flying Knee+1"],"picked":"Catalyst+1","floor":54}],"player_experience":3566034,"relics_obtained":[{"floor":9,"key":"Frozen Egg 2"},{"floor":11,"key":"Bag of Preparation"},{"floor":23,"key":"Orichalcum"},{"floor":25,"key":"Snake Skull"},{"floor":31,"key":"Mummified Hand"},{"floor":40,"key":"Art of War"},{"floor":42,"key":"Dead Branch"},{"floor":43,"key":"Pen Nib"},{"floor":46,"key":"Bronze Scales"},{"floor":54,"key":"War Paint"}],"event_choices":[{"damage_healed":0,"gold_gain":0,"player_choice":"Success","damage_taken":7,"relics_obtained":["Boot"],"max_hp_gain":0,"max_hp_loss":0,"event_name":"Scrap Ooze","floor":3,"gold_loss":0},{"damage_healed":0,"gold_gain":0,"player_choice":"Ignored","damage_taken":0,"max_hp_gain":0,"max_hp_loss":0,"event_name":"Liars Game","floor":5,"gold_loss":0},{"cards_removed":["Choke"],"damage_healed":0,"gold_gain":0,"player_choice":"Card Removal","damage_taken":7,"max_hp_gain":0,"max_hp_loss":0,"event_name":"Golden Wing","floor":7,"gold_loss":0},{"cards_removed":["Bane"],"damage_healed":0,"gold_gain":0,"player_choice":"Card Removal","damage_taken":0,"max_hp_gain":0,"max_hp_loss":0,"event_name":"The Cleric","floor":12,"gold_loss":50},{"damage_healed":0,"gold_gain":0,"player_choice":"Obtained Relic","damage_taken":0,"relics_obtained":["Mango"],"max_hp_gain":0,"max_hp_loss":0,"event_name":"Addict","floor":21,"gold_loss":85},{"cards_removed":["All Out Attack"],"damage_healed":0,"gold_gain":0,"player_choice":"Removed Attack","damage_taken":0,"max_hp_gain":0,"max_hp_loss":0,"event_name":"Falling","floor":37,"gold_loss":0},{"damage_healed":0,"gold_gain":0,"player_choice":"Ignored","damage_taken":0,"max_hp_gain":0,"max_hp_loss":0,"event_name":"Tomb of Lord Red Mask","floor":38,"gold_loss":0},{"damage_healed":0,"gold_gain":0,"player_choice":"Fight","damage_taken":0,"max_hp_gain":0,"max_hp_loss":0,"event_name":"MindBloom","floor":42,"gold_loss":0}],"is_beta":false,"boss_relics":[{"not_picked":["Empty Cage","Ectoplasm"],"picked":"Runic Pyramid"},{"not_picked":["Sozu","Coffee Dripper"],"picked":"SacredBark"}],"items_purged_floors":[],"is_endless":false,"potions_floor_spawned":[1,2,11,13,14,20,23,25,31,33,42,46,48],"ascension_level":1}}