{"host":"6za4ayowsop7ft3x","time":1609233661,"event":{"mods":["AchievementEnabler","BaseMod","Bestiary","Colored Map","Colored Powertips","Curses Come First","Downfall","Highlight Path","Minty Spire (QoL Compilation)","Quick Restart","StSLib"],"gold_per_floor":[115,1,18,18,29,29,54,54,54,0,30,30,61,75,75,75,75],"floor_reached":16,"playtime":848,"items_purged":[],"score":118,"play_id":"9f999834-fa47-4d9d-b133-9bcfc6735109","local_time":"20201229172101","is_ascension_mode":false,"campfire_choices":[{"data":"Crippling Poison","floor":6,"key":"SMITH"},{"floor":8,"key":"REST"},{"floor":15,"key":"REST"}],"circlet_count":0,"master_deck":["Strike_G","Strike_G","Strike_G","Strike_G","Defend_G","Defend_G","Defend_G","Defend_G","Survivor","Neutralize","Predator","Crippling Poison+1","Well Laid Plans","Distraction","Blur","Poisoned Stab","Poisoned Stab","Deflect"],"relics":["Empty Cage","Ninja Scroll","Juzu Bracelet","Bag of Preparation","Ornamental Fan","Oddly Smooth Stone"],"acts_visited":["Exordium"],"potions_floor_usage":[13,13],"damage_taken":[{"damage":0,"enemies":"Cultist","floor":1,"turns":5},{"damage":2,"enemies":"Jaw Worm","floor":3,"turns":5},{"damage":0,"enemies":"Small Slimes","floor":5,"turns":3},{"damage":19,"enemies":"Gremlin Nob","floor":7,"turns":5},{"damage":16,"enemies":"Lagavulin","floor":11,"turns":5},{"damage":27,"enemies":"3 Sentries","floor":13,"turns":7},{"damage":0,"enemies":"3 Louse","floor":14,"turns":2},{"damage":37,"enemies":"Slime Boss","floor":16,"turns":9}],"seed_played":"-5425801564811243229","potions_obtained":[{"floor":1,"key":"Fire Potion"},{"floor":3,"key":"SmokeBomb"},{"floor":11,"key":"PowerPotion"}],"is_trial":false,"path_per_floor":["M","$","M","?","M","R","E","R","T","$","E","$","E","M","R","B"],"character_chosen":"THE_SILENT","items_purchased":["Crippling Poison","Well Laid Plans","Poisoned Stab"],"campfire_rested":2,"item_purchase_floors":[2,2,10],"current_hp_per_floor":[70,70,68,56,56,56,37,58,58,58,42,42,15,15,36,0,0],"gold":75,"neow_bonus":"BOSS_RELIC","is_daily":false,"chose_seed":false,"campfire_upgraded":1,"win_rate":0.0,"timestamp":1609233661,"path_taken":["M","$","M","?","M","R","E","R","T","?","E","$","E","M","R","BOSS"],"items_purchased_type":["Card","Card","Card"],"build_version":"2020-12-22","purchased_purges":0,"victory":false,"max_hp_per_floor":[70,70,70,70,70,70,70,70,70,70,70,70,70,70,70,70,70],"card_choices":[{"not_picked":["Skewer","Escape Plan"],"picked":"Predator","floor":1},{"not_picked":["Reflex","Quick Slash"],"picked":"Distraction","floor":3},{"not_picked":["Riddle With Holes","PiercingWail"],"picked":"Blur","floor":5},{"not_picked":["Prepared","Tactician"],"picked":"Poisoned Stab","floor":7},{"not_picked":["Flying Knee","Outmaneuver","Reflex"],"picked":"SKIP","floor":11},{"not_picked":["After Image","Finisher"],"picked":"Deflect","floor":13},{"not_picked":["Terror","Blade Dance","Prepared"],"picked":"SKIP","floor":14}],"player_experience":20934,"relics_obtained":[{"floor":7,"key":"Juzu Bracelet"},{"floor":9,"key":"Bag of Preparation"},{"floor":11,"key":"Ornamental Fan"},{"floor":13,"key":"Oddly Smooth Stone"}],"event_choices":[{"damage_healed":0,"gold_gain":0,"player_choice":"Success","damage_taken":12,"relics_obtained":["Ninja Scroll"],"max_hp_gain":0,"max_hp_loss":0,"event_name":"Scrap Ooze","floor":4,"gold_loss":0}],"is_beta":false,"boss_relics":[],"items_purged_floors":[],"is_endless":false,"potions_floor_spawned":[1,3,11],"killed_by":"Slime Boss","ascension_level":0}}