{"host":"qwp6882a7gaon7u5","time":1609211197,"event":{"mods":["Arknights The Spire","BaseMod","BetterRewards","Minty Spire (QoL Compilation)","Red Circlet Mod","Replay The Spire","Spicy Shops","StSLib","¡¾ÒÅÎï¿¨ÅÆ¡¿REMEMod"],"gold_per_floor":[110,110,124,229,247,247,291,306,306,306,322,322,662,687,687,812,812,832,848,788,788,107,107,133,133,183,4,4,29,29,62,62,183,183,197,197],"floor_reached":35,"playtime":2702,"items_purged":["ats:Defend","ats:Strike S"],"score":605,"play_id":"11616828-8ed1-4025-b5eb-9abd39878c07","local_time":"20201229110637","is_ascension_mode":false,"campfire_choices":[{"data":"ats:Part Time Job","floor":6.0,"key":"SMITH"},{"data":"ats:Emotion Absorption","floor":10.0,"key":"SMITH"},{"data":"ats:Composite Medical Shells","floor":12.0,"key":"SMITH"},{"data":"ats:Shell Defense","floor":15.0,"key":"SMITH"},{"data":"ats:Ignite","floor":32.0,"key":"SMITH"}],"circlet_count":0,"master_deck":["ats:Strike C","ats:Strike G","ats:Strike V","ats:Armor Crushing Shot","ats:Defend","ats:Defend","ats:Defend","ats:Emotion Absorption+1","ats:Thorns+1","ats:Revitalization+1","Adrenaline+1","ats:Beaten Up","ats:Part Time Job+1","ats:Consecutive Shot Auto","ats:Powerful Strike","ats:Healing Drone","ats:Soul Rend+1","ats:Composite Medical Shells+1","ats:Support Order+1","ats:Shell Defense+1","ats:Composite Medical Shells","ats:Soul Rend+1","CommonCold","Clumsy","CommonCold","ats:Sunburst+1","ats:Calcification+1","REME_AllRoundStrike+1","Panacea+1","ats:Shell Defense+1","ats:Closed Bolt Burst Fire","ats:Ignite+1","Spreading Infection","Pain","ats:Burning Ground+1"],"relics":["ats:Sanity","REME_ComplimentaryCards","Golden Egg","Lizard Tail","ats:Berate","ats:Defend","MealTicket","Bloody Idol","ats:MaxSp1","ats:Originium","Bird Faced Urn","Counterbalance","ats:Originium","Old Coin","Replay:Ancient Bell","Strawberry","HornCleat","Replay:Multitool","Dream Catcher","Membership Card","ReplayTheSpireMod:TigerMarble","Garlic","ats:Originium","Frozen Egg 2","ReplayTheSpireMod:Ring of Collecting","Ring of Greed","MawBank","Golden Idol","Kunai","ats:Hidden Killer","Chemical X","Replay:Accelerometer","ChewingGum"],"acts_visited":["Exordium","TheCity","TheBeyond"],"potions_floor_usage":[],"damage_taken":[{"damage":10.0,"enemies":"Small Slimes","floor":1.0,"turns":5.0},{"damage":17.0,"enemies":"Jaw Worm","floor":3.0,"turns":7.0},{"damage":6.0,"enemies":"2 Louse","floor":5.0,"turns":2.0},{"damage":46.0,"enemies":"Lagavulin","floor":7.0,"turns":10.0},{"damage":20.0,"enemies":"2 Fungi Beasts","floor":8.0,"turns":5.0},{"damage":2.0,"enemies":"3 Louse","floor":11.0,"turns":3.0},{"damage":35.0,"enemies":"3 Sentries","floor":13.0,"turns":6.0},{"damage":10.0,"enemies":"Exordium Wildlife","floor":14.0,"turns":3.0},{"damage":76.0,"enemies":"Slime Boss","floor":16.0,"turns":12.0},{"damage":10.0,"enemies":"3 Byrds","floor":18.0,"turns":2.0},{"damage":20.0,"enemies":"Shell Parasite","floor":19.0,"turns":7.0},{"damage":52.0,"enemies":"Book of Stabbing","floor":24.0,"turns":5.0},{"damage":22.0,"enemies":"Cultist and Chosen","floor":29.0,"turns":5.0},{"damage":50.0,"enemies":"Slavers","floor":31.0,"turns":4.0},{"damage":79.0,"enemies":"Champ","floor":33.0,"turns":15.0},{"damage":11,"enemies":"3 Darklings","floor":35,"turns":5}],"seed_played":"-1514180027827342016","potions_obtained":[{"floor":7.0,"key":"Energy Potion"},{"floor":8.0,"key":"Dexterity Potion"},{"floor":11.0,"key":"SteroidPotion"},{"floor":13.0,"key":"Weak Potion"},{"floor":19.0,"key":"SkillPotion"},{"floor":33.0,"key":"Explosive Potion"}],"is_trial":false,"path_per_floor":["M","?","M","?","M","R","E","M","T","R","M","R","E","M","R","B",null,"M","M","?","?","$","R","E","?","T","$","?","M","R","E","R","B",null,"M"],"character_chosen":"DOCTOR_CLASS","items_purchased":["Golden Egg","Lizard Tail","ats:Berate","ats:Defend","MealTicket","ats:Thorns","ats:Revitalization","Dream Catcher","Membership Card","ReplayTheSpireMod:TigerMarble","Garlic","ats:Calcification","REME_AllRoundStrike","Panacea","ats:Hidden Killer","Chemical X","ats:Shell Defense"],"campfire_rested":0,"item_purchase_floors":[0,0,0,0,0,0,0,22,22,22,22,22,22,22,27,27,27],"current_hp_per_floor":[39,21,22,22,19,19,16,32,32,32,42,42,38,56,56,49,79,69,79,79,79,79,79,43,43,48,68,68,68,79,49,49,52,79,78,78],"gold":197,"neow_bonus":"","is_daily":false,"chose_seed":false,"campfire_upgraded":5,"win_rate":0.0,"timestamp":1609211197,"path_taken":["M","?","M","?","M","R","E","M","T","R","M","R","E","M","R","BOSS","M","M","?","?","$","R","E","?","T","$","?","M","R","E","R","BOSS","M"],"items_purchased_type":["Relic","Relic","Relic","Card","Relic","Card","Card","Relic","Relic","Relic","Relic","Card","Card","Card","Relic","Relic","Card"],"build_version":"2020-12-22","purchased_purges":2,"victory":false,"max_hp_per_floor":[72,72,72,72,72,72,72,72,72,72,72,72,72,72,72,72,79,79,79,79,79,79,79,79,79,79,79,79,79,79,79,79,79,79,79,79],"card_choices":[{"not_picked":["ats:Explosion Area Strengthen","ats:Steam Pump"],"picked":"ats:Beaten Up","floor":1.0},{"not_picked":["ats:Steam Pump","ats:Assault Order"],"picked":"ats:Part Time Job","floor":3.0},{"not_picked":["ats:Fractured Body","ats:Revitalization"],"picked":"ats:Consecutive Shot Auto","floor":4.0},{"not_picked":["ats:Curse Doll","ats:Sword Rain"],"picked":"ats:Powerful Strike","floor":4.0},{"not_picked":["ats:Leaping Hammer","ats:Charging Defense"],"picked":"ats:Healing Drone","floor":5.0},{"not_picked":["ats:Shell Defense","ats:Flexible Camouflage"],"picked":"ats:Soul Rend","floor":7.0},{"not_picked":["ats:Consecutive Shot Auto","ats:Shell Defense"],"picked":"ats:Composite Medical Shells","floor":8.0},{"not_picked":["ats:Explosion Area Strengthen","ats:Apocalypse"],"picked":"ats:Support Order","floor":11.0},{"not_picked":["ats:Chain Hook","ats:Childhood Dance"],"picked":"ats:Shell Defense","floor":13.0},{"not_picked":["ats:Curse Doll","ats:Explosion Area Strengthen"],"picked":"ats:Composite Medical Shells","floor":14.0},{"not_picked":["ats:True Silver Slash","ats:Wolf Pack"],"picked":"ats:Soul Rend","floor":16.0},{"not_picked":["ReplayTheSpireMod:Splinters","ReplayTheSpireMod:Restless Dread"],"picked":"CommonCold","floor":17.0},{"not_picked":["Sickly","Parasite"],"picked":"Clumsy","floor":17.0},{"not_picked":["ReplayTheSpireMod:Faulty Equipment","Regret"],"picked":"CommonCold","floor":17.0},{"not_picked":["ats:Echo Reverb","ats:Childhood Dance"],"picked":"ats:Sunburst+1","floor":18.0},{"not_picked":["ats:Explosion Area Strengthen","ats:Guardian Obelisk","ats:Flexible Camouflage"],"picked":"SKIP","floor":19.0},{"not_picked":["ats:Poison Spread","ats:Rat Pack","ats:Leaping Hammer"],"picked":"SKIP","floor":24.0},{"not_picked":["ats:Flexible Camouflage","ats:Powerful Strike"],"picked":"ats:Closed Bolt Burst Fire","floor":29.0},{"not_picked":["ats:Revitalization","ats:Thermite Blade+1"],"picked":"ats:Ignite","floor":30.0},{"not_picked":["ats:Cat Scratch","ats:Powerful Strike","ats:Flexible Camouflage"],"picked":"SKIP","floor":31.0},{"not_picked":["ats:Shadow Raid","ats:Assault Order+1"],"picked":"ats:Burning Ground+1","floor":35}],"player_experience":143532,"relics_obtained":[{"floor":4.0,"key":"ats:MaxSp1"},{"floor":7.0,"key":"ats:Originium"},{"floor":7.0,"key":"Bird Faced Urn"},{"floor":9.0,"key":"Counterbalance"},{"floor":13.0,"key":"ats:Originium"},{"floor":13.0,"key":"Old Coin"},{"floor":24.0,"key":"ats:Originium"},{"floor":24.0,"key":"Frozen Egg 2"},{"floor":25.0,"key":"ReplayTheSpireMod:Ring of Collecting"},{"floor":26.0,"key":"Ring of Greed"},{"floor":26.0,"key":"MawBank"},{"floor":26.0,"key":"Golden Idol"},{"floor":26.0,"key":"Kunai"},{"floor":31.0,"key":"Replay:Accelerometer"}],"event_choices":[{"damage_healed":0.0,"max_hp_gain":0.0,"max_hp_loss":0.0,"gold_gain":0.0,"event_name":"Golden Idol","player_choice":"Take Damage","floor":2.0,"gold_loss":0.0,"damage_taken":18.0,"relics_obtained":["Golden Idol"]},{"damage_healed":0.0,"max_hp_gain":0.0,"max_hp_loss":0.0,"gold_gain":0.0,"event_name":"Forgotten Altar","player_choice":"Gave Idol","floor":21.0,"relics_lost":["Golden Idol"],"gold_loss":0.0,"damage_taken":0.0,"relics_obtained":["Bloody Idol"]},{"damage_healed":0.0,"max_hp_gain":0.0,"max_hp_loss":0.0,"gold_gain":0.0,"event_name":"Vampires","player_choice":"Ignored","floor":23.0,"gold_loss":0.0,"damage_taken":0.0},{"damage_healed":0.0,"max_hp_gain":0.0,"max_hp_loss":0.0,"gold_gain":0.0,"event_name":"Ghosts","player_choice":"Ignored","floor":28.0,"gold_loss":0.0,"damage_taken":0.0}],"is_beta":false,"boss_relics":[{"not_picked":["Fusion Hammer","Cursed Key"],"picked":"Replay:Ancient Bell"},{"not_picked":["Regal Pillow","Pet Ghost"],"picked":"Strawberry"},{"not_picked":["White Beast Statue","Pear"],"picked":"HornCleat"},{"not_picked":["Gambling Chip","Replay:PocketPolymizer"],"picked":"Replay:Multitool"},{"not_picked":["ats:Sanity Plus","Replay:Grab Bag"],"picked":"ChewingGum"}],"items_purged_floors":[22,27],"is_endless":false,"potions_floor_spawned":[7,8,11,13,14,19,33],"killed_by":"3 Darklings","ascension_level":0}}