{"host":"dwyzfvnzfcqffr30","time":1609233522,"event":{"mods":["2.2 Compatiblity","Act Like it!","BaseMod","Beaked The Cultist","Better Altar","Better Match","Better Note","Better Sensory Stone","Better Skull","Better Third Choice","Clockwork Mod","Colored Map","Colored Powertips","Conspire","Downfall","Elementarium","GifTheSpireLib","Halation","Hermit","Hubris","Infinite Spire","Ironclad Rager","Jedi Mod","Menagerie","Mimic Mod","Minty Spire (QoL Compilation)","Permanent Neow","Random Character Button","Replay The Spire","Spicy Shops","StSLib","Stuff the Spire","The Construct","The Disciple","The Druid","The Marked","TheFirefly","Trackpad","vexMod"],"gold_per_floor":[438,438,77,107,134,134,181,209,209,255,255,306,115,115,115,220,220,245,273,309,345,345,396,396,450,485,531,531,593,693,750,750,904,904,975,975,1060,1060,1060,1060,1060,1155,1227,1227,1325,695,122,161,161,161,161,161,90,121,121],"floor_reached":56,"playtime":5150,"items_purged":["ReplayTheSpireMod:Splinters","Clumsy","thefirefly:HyperspaceAssault+1","thefirefly:Strike+1","thefirefly:Strike+1"],"score":2078,"play_id":"8f47bfc4-fbdd-4d79-bd80-d65e531151ec","local_time":"20201229011842","is_ascension_mode":true,"campfire_choices":[{"floor":6,"key":"RECALL"},{"floor":11,"key":"REST"},{"floor":15,"key":"REST"},{"floor":24,"key":"REST"},{"floor":32,"key":"REST"},{"floor":40,"key":"REST"},{"floor":44,"key":"REST"},{"floor":49,"key":"REST"},{"floor":52,"key":"REST"}],"circlet_count":0,"master_deck":["AscendersBane","infinitespire:UltimateForm+1","thefirefly:Strike+1","thefirefly:Strike+1","thefirefly:Defend+1","thefirefly:Defend+1","thefirefly:Defend+1","thefirefly:Defend+1","thefirefly:StealthMode+1","thefirefly:PhotonBlast+1","thefirefly:BoltzmannBrain+1","MasterReality+1","thefirefly:LifeSupport+1","thefirefly:LaserMail+1","thefirefly:IonizedBarrier+1","thefirefly:FlareScreen+1","thefirefly:FullProjection+1","thefirefly:Quine+1","thefirefly:Boost+1","thefirefly:EMP+1","thefirefly:ShieldArray+1","thefirefly:LaserMail+1","thefirefly:Unburden+1","thefirefly:Lamentation+1","thefirefly:EvasiveManeuver+1","thefirefly:ShieldArray+1","thefirefly:Unburden+1","thefirefly:LaserMail+1","Replay:SS_hec_2+1","thefirefly:EnergyShield+1","thefirefly:SearingEnigma+1","thefirefly:SearingEnigma+1"],"relics":["thefirefly:StealthSystem","infinitespire:EvilPickle","Juzu Bracelet","hubris:EvacipatedBox","Quantum Egg","Molten Egg 2","Frozen Egg 2","Toxic Egg 2","Bottled Tornado","hubris:Towel","Replay:Bandana","jedi:firstaidkit","vexMod:RetaliationKit","Replay:Mystery Machine","StuffTheSpire:CocoNut","jedi:cryingmask","halation:Prosthetics","halation:EternalFortune","MealTicket","StuffTheSpire:HeavyRock","StuffTheSpire:Tea","infinitespire:Bottled Soul","conspire:Dentures","halation:PinkAlligatorPlush","hubris:Icosahedron","thefirefly:ShadowThruster","jedi:matchstick","Kunai","Blood Vial","jedi:shrinkray","Strawberry","Chemical X","Replay:Ringing Soul","Akabeko","StuffTheSpire:Gunfinga","Replay:Baseball"],"acts_visited":["Exordium","TheCity","TheBeyond","TheEnding"],"potions_floor_usage":[10,16,16,20,48,50,55],"damage_taken":[{"damage":2,"enemies":"Cultist","floor":1,"turns":4},{"damage":0,"enemies":"Small Slimes","floor":4,"turns":4},{"damage":0,"enemies":"conspire:RoseBush","floor":5,"turns":3},{"damage":0,"enemies":"Replay:BlueRogue","floor":7,"turns":7},{"damage":0,"enemies":"3 Louse","floor":8,"turns":4},{"damage":6,"enemies":"3 Sentries","floor":10,"turns":8},{"damage":0,"enemies":"Lagavulin","floor":12,"turns":9},{"damage":6,"enemies":"The Guardian","floor":16,"turns":8},{"damage":0,"enemies":"Shell Parasite","floor":18,"turns":5},{"damage":0,"enemies":"3 Byrds","floor":19,"turns":2},{"damage":8,"enemies":"Centurion and Healer","floor":20,"turns":12},{"damage":12,"enemies":"Snake Plant","floor":21,"turns":4},{"damage":0,"enemies":"Slavers","floor":23,"turns":7},{"damage":15,"enemies":"Gremlin Leader","floor":25,"turns":7},{"damage":0,"enemies":"3 Cultists","floor":26,"turns":8},{"damage":7,"enemies":"3 Cultists","floor":27,"turns":6},{"damage":9,"enemies":"Replay:Snechameleon","floor":29,"turns":5},{"damage":9,"enemies":"Snecko","floor":31,"turns":6},{"damage":11,"enemies":"Automaton","floor":33,"turns":14},{"damage":16,"enemies":"3 Shapes","floor":35,"turns":6},{"damage":25,"enemies":"3 Darklings","floor":37,"turns":6},{"damage":69,"enemies":"Reptomancer","floor":42,"turns":5},{"damage":18,"enemies":"Jaw Worm Horde","floor":45,"turns":8},{"damage":6,"enemies":"Nemesis","floor":48,"turns":9},{"damage":0,"enemies":"Awakened One","floor":50,"turns":16},{"damage":0,"enemies":"Shield and Spear","floor":54,"turns":9},{"damage":34,"enemies":"The Heart","floor":55,"turns":12}],"seed_played":"-1202815203397024184","potions_obtained":[{"floor":1,"key":"Languid Potion"},{"floor":10,"key":"Dexterity Potion"},{"floor":19,"key":"jedi:tentaclejuice"},{"floor":27,"key":"Elixir"},{"floor":31,"key":"Elixir"},{"floor":37,"key":"PowerPotion"},{"floor":48,"key":"Fire Potion"}],"is_trial":false,"path_per_floor":["M","?","$","M","M","R","E","M","T","E","R","E","$","?","R","B",null,"M","M","M","M","?","E","R","E","MIM","M","?","E","?","M","R","B",null,"M","?","M","?","AVR","R","?","E","T","R","M","$","$","E","R","B",null,"R","$","E","B",null],"character_chosen":"THE_FIREFLY","items_purchased":["Replay:Bandana","vexMod:Spyglass","PowerPotion","jedi:cryingmask","thefirefly:EMP+1","Blood Vial","jedi:shrinkray","Replay:SS_hec_2+1","Strawberry","Chemical X","Replay:Ringing Soul","Akabeko","thefirefly:SearingEnigma+1"],"campfire_rested":8,"item_purchase_floors":[3,3,3,13,13,46,46,46,47,47,47,47,53],"current_hp_per_floor":[48,48,48,55,55,55,55,55,55,52,55,62,62,62,62,59,27,27,27,27,27,30,30,30,30,33,28,29,24,24,27,33,25,31,27,27,25,25,25,33,36,36,36,36,36,36,43,46,46,46,46,46,49,52,52],"gold":121,"neow_bonus":"THREE_RARE_CARDS","is_daily":false,"chose_seed":false,"campfire_upgraded":0,"win_rate":0.0,"timestamp":1609233522,"path_taken":["M","?","$","M","?","R","E","M","T","E","R","E","$","?","R","BOSS","M","M","M","M","?","E","R","E","MIM","M","?","E","?","M","R","BOSS","M","?","M","?","AVR","R","?","E","T","R","M","?","$","E","R","BOSS","R","$","E","BOSS"],"items_purchased_type":["Relic","Relic","Potion","Relic","Card","Relic","Relic","Card","Relic","Relic","Relic","Relic","Card"],"build_version":"2020-12-22","purchased_purges":5,"victory":true,"max_hp_per_floor":[55,55,55,55,55,55,55,55,55,55,55,62,62,62,62,62,27,27,27,27,27,30,30,30,30,33,33,33,33,33,33,33,33,33,33,33,33,33,33,33,36,36,36,36,36,36,43,46,46,46,46,46,49,52,52],"card_choices":[{"not_picked":["thefirefly:Kugelblitz","thefirefly:Dematerialize"],"picked":"thefirefly:BoltzmannBrain","floor":0},{"not_picked":["thefirefly:ErraticMotions+1","thefirefly:Preload+1"],"picked":"thefirefly:LifeSupport+1","floor":1},{"not_picked":["thefirefly:CoveringFire+1","thefirefly:NebulaVeil+1"],"picked":"thefirefly:LaserMail+1","floor":4},{"not_picked":["thefirefly:InterceptingShot+1","thefirefly:DataMiner+1"],"picked":"thefirefly:IonizedBarrier+1","floor":5},{"not_picked":["thefirefly:TachyonBeam+1","thefirefly:QuantumTunneling+1"],"picked":"thefirefly:FlareScreen+1","floor":7},{"not_picked":["thefirefly:Flight+1","thefirefly:NebulaVeil+1"],"picked":"thefirefly:FullProjection+1","floor":8},{"not_picked":["thefirefly:AccountUncertainty+1","thefirefly:NebulaVeil+1"],"picked":"thefirefly:Quine+1","floor":10},{"not_picked":["thefirefly:LaserBarrage+1","thefirefly:EphemeronForm+1"],"picked":"thefirefly:Boost+1","floor":12},{"not_picked":["thefirefly:BreachMissile+1","thefirefly:MindControl+1"],"picked":"thefirefly:HyperspaceAssault+1","floor":16},{"not_picked":["thefirefly:Reposition+1","thefirefly:Prominence+1","thefirefly:ErraticMotions+1"],"picked":"SKIP","floor":18},{"not_picked":["thefirefly:EvasiveManeuver+1","thefirefly:Exile+1"],"picked":"thefirefly:ShieldArray+1","floor":19},{"not_picked":["thefirefly:RollBack+1","thefirefly:Lamentation+1"],"picked":"thefirefly:LaserMail+1","floor":20},{"not_picked":["thefirefly:Flight+1","thefirefly:LaserBarrage+1"],"picked":"thefirefly:Unburden+1","floor":21},{"not_picked":["thefirefly:BreachMissile+1","thefirefly:DataMiner+1","thefirefly:MirrorShield+1"],"picked":"SKIP","floor":23},{"not_picked":["thefirefly:PotentAmmunition+1","thefirefly:DataMiner+1"],"picked":"thefirefly:Lamentation+1","floor":25},{"not_picked":["thefirefly:PotentAmmunition+1","thefirefly:AuroralDischarge+1"],"picked":"thefirefly:EvasiveManeuver+1","floor":27},{"not_picked":["thefirefly:PhantomStrike+1","thefirefly:Preload+1","thefirefly:HyperFocus+1"],"picked":"SKIP","floor":29},{"not_picked":["thefirefly:Quine+1","thefirefly:StoredPower+1"],"picked":"thefirefly:ShieldArray+1","floor":31},{"not_picked":["thefirefly:Dematerialize+1","thefirefly:AlphaStrike+1"],"picked":"thefirefly:Unburden+1","floor":33},{"not_picked":["thefirefly:Flight+1","thefirefly:Distort+1","thefirefly:FullProjection+1"],"picked":"SKIP","floor":35},{"not_picked":["thefirefly:Teleport+1","thefirefly:Exile+1","thefirefly:PotentAmmunition+1"],"picked":"SKIP","floor":37},{"not_picked":["thefirefly:Unweft+1","thefirefly:Flight+1"],"picked":"thefirefly:LaserMail+1","floor":42},{"not_picked":["thefirefly:StoredPower+1","thefirefly:QuantumTunneling+1","thefirefly:HyperFocus+1"],"picked":"SKIP","floor":45},{"not_picked":["thefirefly:LaserMail+1","thefirefly:ArtillleryBeam+1"],"picked":"thefirefly:EnergyShield+1","floor":48},{"not_picked":["thefirefly:CoveringFire+1","thefirefly:Exile+1"],"picked":"thefirefly:SearingEnigma+1","floor":54}],"player_experience":2475737,"relics_obtained":[{"floor":7,"key":"jedi:firstaidkit"},{"floor":9,"key":"vexMod:RetaliationKit"},{"floor":10,"key":"Replay:Mystery Machine"},{"floor":12,"key":"StuffTheSpire:CocoNut"},{"floor":23,"key":"MealTicket"},{"floor":25,"key":"StuffTheSpire:HeavyRock"},{"floor":26,"key":"StuffTheSpire:Tea"},{"floor":26,"key":"infinitespire:Bottled Soul"},{"floor":26,"key":"halation:EternalFortune"},{"floor":29,"key":"conspire:Dentures"},{"floor":42,"key":"jedi:matchstick"},{"floor":43,"key":"Kunai"},{"floor":48,"key":"StuffTheSpire:Gunfinga"},{"floor":54,"key":"Replay:Baseball"}],"event_choices":[{"damage_healed":0,"gold_gain":0,"player_choice":"Simplicity","damage_taken":0,"max_hp_gain":0,"max_hp_loss":8,"event_name":"betterThird:BetterWriting","floor":0,"gold_loss":0},{"damage_healed":1,"gold_gain":0,"player_choice":"LEAVE ","damage_taken":0,"relics_obtained":[],"max_hp_gain":0,"max_hp_loss":0,"event_name":"betterSkull:BetterSkull","floor":28,"gold_loss":0,"cards_upgraded":[]},{"damage_healed":0,"gold_gain":100,"player_choice":"Pray","damage_taken":0,"max_hp_gain":0,"max_hp_loss":0,"event_name":"Golden Shrine","floor":30,"gold_loss":0},{"damage_healed":0,"gold_gain":0,"player_choice":"Ignored","damage_taken":0,"max_hp_gain":0,"max_hp_loss":0,"event_name":"Tomb of Lord Red Mask","floor":36,"gold_loss":0}],"is_beta":false,"boss_relics":[{"not_picked":["vexMod:MegatonBomb","construct:WeddingRing","Honey Jar"],"picked":"halation:Prosthetics"},{"not_picked":["hubris:VirtuousBlindfold","vexMod:TanglingVine","Replay:Wanted Poster"],"picked":"halation:PinkAlligatorPlush"}],"items_purged_floors":[3,3,39,46,46],"is_endless":false,"potions_floor_spawned":[1,7,10,12,19,21,25,27,31,37,42,48],"ascension_level":11}}