{"host":"w3q5ijqu8eoknil3","time":1609279164,"event":{"mods":["AchievementEnabler","BaseMod","Block Reminder","Colored Powertips","Minty Spire (QoL Compilation)","Quick Restart","Relic Stats","ojb\u0027s Better Paths Mod","ojb\u0027s Info Mod","slay the spire mod where everything is the same but ironclad has a cowboy hat"],"gold_per_floor":[112,132,145,158,173,203,56,56,56,87,87,51,385,455,455,551,551,576,576,591,149,167,167,167,167],"floor_reached":24,"playtime":1171,"items_purged":["Strike_G"],"score":378,"play_id":"6268a56f-8f9e-4469-a615-6e04a2efd642","local_time":"20201229215924","is_ascension_mode":true,"campfire_choices":[{"floor":8,"key":"REST"},{"floor":15,"key":"REST"},{"floor":23,"key":"REST"}],"circlet_count":0,"master_deck":["AscendersBane","Strike_G","Strike_G","Strike_G","Defend_G","Defend_G","Defend_G","Defend_G","Defend_G","Survivor","Neutralize","Terror","Predator","Sucker Punch","Noxious Fumes","Backflip","Calculated Gamble","Concentrate","Caltrops","Die Die Die","Bullet Time","Dash","Bouncing Flask","Caltrops","Dash"],"relics":["Ring of the Snake","NeowsBlessing","White Beast Statue","Snake Skull","Kunai","Pen Nib","Golden Idol","Old Coin","Black Star","Bag of Preparation","Medical Kit"],"acts_visited":["Exordium","TheCity"],"potions_floor_usage":[6,10,13,13,16,18,20,22,24],"damage_taken":[{"damage":0,"enemies":"Cultist","floor":1,"turns":1},{"damage":0,"enemies":"Small Slimes","floor":2,"turns":2},{"damage":0,"enemies":"2 Louse","floor":3,"turns":2},{"damage":0,"enemies":"Large Slime","floor":4,"turns":5},{"damage":27,"enemies":"Lots of Slimes","floor":5,"turns":5},{"damage":17,"enemies":"Lagavulin","floor":6,"turns":7},{"damage":9,"enemies":"3 Sentries","floor":10,"turns":7},{"damage":8,"enemies":"Lagavulin","floor":13,"turns":6},{"damage":20,"enemies":"Slime Boss","floor":16,"turns":11},{"damage":19,"enemies":"Shell Parasite","floor":18,"turns":7},{"damage":19,"enemies":"Spheric Guardian","floor":20,"turns":5},{"damage":10,"enemies":"Snake Plant","floor":22,"turns":4},{"damage":20,"enemies":"Gremlin Leader","floor":24,"turns":3}],"seed_played":"7074227777422670245","potions_obtained":[{"floor":1,"key":"PowerPotion"},{"floor":2,"key":"SteroidPotion"},{"floor":6,"key":"Dexterity Potion"},{"floor":10,"key":"Block Potion"},{"floor":13,"key":"SteroidPotion"},{"floor":16,"key":"Swift Potion"},{"floor":18,"key":"AttackPotion"},{"floor":20,"key":"LiquidMemories"},{"floor":22,"key":"PowerPotion"}],"is_trial":false,"path_per_floor":["M","M","M","M","M","E","$","R","T","E","?","$","E","?","R","B",null,"M","?","M","$","M","R","E"],"character_chosen":"THE_SILENT","items_purchased":["Snake Skull","Caltrops","Bag of Preparation","Medical Kit","Caltrops"],"campfire_rested":3,"item_purchase_floors":[7,12,21,21,21],"current_hp_per_floor":[59,59,59,59,32,15,15,34,34,25,25,25,17,17,35,15,49,30,30,11,11,1,19,0,0],"gold":167,"neow_bonus":"THREE_ENEMY_KILL","is_daily":false,"chose_seed":false,"campfire_upgraded":0,"win_rate":0.0,"timestamp":1609279164,"path_taken":["M","M","M","M","M","E","?","R","T","E","?","$","E","?","R","BOSS","M","?","M","$","?","R","E"],"items_purchased_type":["Relic","Card","Relic","Relic","Card"],"build_version":"2020-12-22","purchased_purges":1,"victory":false,"max_hp_per_floor":[66,66,66,66,66,66,66,66,66,66,60,60,60,60,60,60,60,60,60,60,60,60,60,60,60],"relic_stats":{"counters":[13,65],"Golden Idol":38,"Snake Skull":[51],"Pen Nib":[6],"Black Star":0,"Bag of Preparation":[4],"Kunai":[8],"Medical Kit":[0],"obtain_stats":[{"NeowsBlessing":0,"Golden Idol":11,"Snake Skull":7,"Pen Nib":10,"Black Star":17,"Bag of Preparation":21,"Kunai":9,"Medical Kit":21,"White Beast Statue":6,"Ring of the Snake":0,"Old Coin":13},{"NeowsBlessing":0,"Golden Idol":7,"Snake Skull":6,"Pen Nib":7,"Black Star":9,"Bag of Preparation":11,"Kunai":6,"Medical Kit":11,"White Beast Statue":6,"Ring of the Snake":0,"Old Coin":8},{"NeowsBlessing":0,"Golden Idol":29,"Snake Skull":22,"Pen Nib":29,"Black Star":46,"Bag of Preparation":58,"Kunai":22,"Medical Kit":58,"White Beast Statue":22,"Ring of the Snake":0,"Old Coin":35}],"Ring of the Snake":[26]},"card_choices":[{"not_picked":["Eviscerate","Outmaneuver"],"picked":"Terror","floor":1},{"not_picked":["Well Laid Plans","Expertise"],"picked":"Predator","floor":2},{"not_picked":["Well Laid Plans","Deflect"],"picked":"Sucker Punch","floor":3},{"not_picked":["Tactician","Flechettes"],"picked":"Noxious Fumes","floor":4},{"not_picked":["Escape Plan","Flechettes"],"picked":"Backflip","floor":5},{"not_picked":["Flying Knee","Blade Dance"],"picked":"Calculated Gamble","floor":6},{"not_picked":["Concentrate","Distraction","Tactician"],"picked":"SKIP","floor":10},{"not_picked":["Distraction","Tactician"],"picked":"Concentrate","floor":10},{"not_picked":["Deflect","Calculated Gamble"],"picked":"Die Die Die","floor":13},{"not_picked":["Glass Knife","Die Die Die"],"picked":"Bullet Time","floor":16},{"not_picked":["Reflex","Cloak And Dagger"],"picked":"Dash","floor":18},{"not_picked":["Finisher","Deadly Poison"],"picked":"Bouncing Flask","floor":20},{"not_picked":["Prepared","Bane"],"picked":"Dash","floor":22}],"player_experience":958591,"relics_obtained":[{"floor":6,"key":"White Beast Statue"},{"floor":9,"key":"Kunai"},{"floor":10,"key":"Pen Nib"},{"floor":13,"key":"Old Coin"}],"event_choices":[{"damage_healed":0,"gold_gain":0,"player_choice":"Lose Max HP","damage_taken":0,"relics_obtained":["Golden Idol"],"max_hp_gain":0,"max_hp_loss":6,"event_name":"Golden Idol","floor":11,"gold_loss":0},{"damage_healed":0,"gold_gain":70,"player_choice":"Gained Gold","damage_taken":0,"max_hp_gain":0,"max_hp_loss":0,"event_name":"Golden Wing","floor":14,"gold_loss":0},{"cards_removed":["Strike_G"],"damage_healed":0,"gold_gain":0,"player_choice":"Card Removal","damage_taken":0,"max_hp_gain":0,"max_hp_loss":0,"event_name":"Wheel of Change","floor":19,"gold_loss":0}],"is_beta":false,"boss_relics":[{"not_picked":["Tiny House","WristBlade"],"picked":"Black Star"}],"items_purged_floors":[21],"is_endless":false,"potions_floor_spawned":[1,2,5,6,10,13,16,18,20,22],"killed_by":"Gremlin Leader","ascension_level":15}}