{"host":"kev6uqotw4tlyx8l","time":1609247809,"event":{"mods":["Act Like it!","Aspiration","BaseMod","Colored Powertips","Dota2Spire","Downfall","Hallownest","Infinite Spire","Marisa????????","Minty Spire (QoL Compilation)","Quick Restart","Remilia??????","Replay The Spire","StSLib","The Cursed","The Marked","The Mystic","The Servant 0.9.4"],"gold_per_floor":[99,109,109,109,120,56,56,41,61,87,12,187,215,235,253,253,253],"floor_reached":16,"playtime":419,"items_purged":[],"score":116,"play_id":"d29c6e2b-05ba-4d20-9239-21fe6bf2c926","local_time":"20201229201649","is_ascension_mode":true,"campfire_choices":[{"floor":1,"key":"RECALL"},{"data":"theMarked:SoldierOfQuellstein","floor":11,"key":"SMITH"}],"circlet_count":0,"master_deck":["theMarked:Strike","theMarked:Strike","theMarked:Strike","theMarked:Strike","theMarked:Strike","theMarked:Defend","theMarked:Defend","theMarked:Defend","theMarked:Defend","theMarked:SoldierOfQuellstein+1","theMarked:ChainLightning","Injury","theMarked:ResourceFulStrike+1","theMarked:DispelDoubt+1","theMarked:SwordAndMagic+1","theMarked:WardOff","theMarked:Frustration+1","theMarked:SwordAndMagic+1","Doubt","theMarked:RogueSparks","theMarked:Frustration+1","theMarked:WastefulAttack+1"],"relics":["theMarked:ArtifactOfAir","Pen Nib","Molten Egg 2","Bag of Marbles","downfall:HeartBlessingRed","Darkstone Periapt"],"acts_visited":["Exordium"],"potions_floor_usage":[10,10,13,16,16],"damage_taken":[{"damage":0,"enemies":"Small Slimes","floor":2,"turns":3},{"damage":7,"enemies":"2 Louse","floor":5,"turns":2},{"damage":0,"enemies":"downfall:FleeingMerchant","floor":6,"turns":4},{"damage":5,"enemies":"downfall:FleeingMerchant","floor":8,"turns":4},{"damage":0,"enemies":"Cultist","floor":9,"turns":2},{"damage":13,"enemies":"3 Sentries","floor":10,"turns":4},{"damage":18,"enemies":"Lagavulin","floor":13,"turns":3},{"damage":20,"enemies":"Exordium Thugs","floor":14,"turns":3},{"damage":0,"enemies":"Exordium Wildlife","floor":15,"turns":2},{"damage":11,"enemies":"downfall:Watcher","floor":16,"turns":3}],"seed_played":"-1828261644631608739","potions_obtained":[{"floor":2,"key":"Explosive Potion"},{"floor":4,"key":"AttackPotion"},{"floor":4,"key":"SkillPotion"},{"floor":10,"key":"LiquidBronze"},{"floor":13,"key":"Dexterity Potion"}],"is_trial":false,"path_per_floor":["R","M","?","?","M","$","T","$","M","E","R","?","E","M","M","B"],"character_chosen":"THE_DEFAULT","items_purchased":["theMarked:SwordAndMagic+1"],"campfire_rested":0,"item_purchase_floors":[6],"current_hp_per_floor":[70,70,70,70,63,63,63,58,58,45,45,45,27,7,7,0,0],"gold":253,"neow_bonus":"RANDOM_COMMON_RELIC","is_daily":false,"chose_seed":false,"campfire_upgraded":1,"win_rate":0.0,"timestamp":1609247809,"path_taken":["R","M","?","?","?","$","T","?","M","E","R","?","E","M","M","BOSS"],"items_purchased_type":["Card"],"build_version":"2020-12-22","purchased_purges":0,"victory":false,"max_hp_per_floor":[70,70,70,70,70,70,70,70,70,70,70,70,70,70,70,70,70],"card_choices":[{"not_picked":["theMarked:BanishingStrike","theMarked:MaelstromOfLightning"],"picked":"theMarked:ChainLightning","floor":2},{"not_picked":["theMarked:BanishingStrike+1","theMarked:Electrocute+1"],"picked":"theMarked:ResourceFulStrike+1","floor":5},{"not_picked":["theMarked:Electrify","theMarked:WastefulAttack+1"],"picked":"theMarked:DispelDoubt+1","floor":6},{"not_picked":["theMarked:RepellingDischarge","theMarked:EnhancedHearing"],"picked":"theMarked:WardOff","floor":8},{"not_picked":["theMarked:MuscleMemory+1","theMarked:ElectricStrings+1"],"picked":"theMarked:Frustration+1","floor":9},{"not_picked":["theMarked:Overcharge","theMarked:HeightenedSenses"],"picked":"theMarked:SwordAndMagic+1","floor":10},{"not_picked":["theMarked:WastefulDefense","theMarked:ElectricStrings+1"],"picked":"theMarked:RogueSparks","floor":13},{"not_picked":["theMarked:Electrocute+1","theMarked:ChainLightning+1"],"picked":"theMarked:Frustration+1","floor":14},{"not_picked":["theMarked:MysticalArsenal","theMarked:CreepingChasm"],"picked":"theMarked:WastefulAttack+1","floor":15}],"player_experience":49193,"relics_obtained":[{"floor":10,"key":"Bag of Marbles"},{"floor":13,"key":"Darkstone Periapt"}],"event_choices":[{"damage_healed":0,"gold_gain":0,"player_choice":"Got Potions","damage_taken":0,"max_hp_gain":0,"max_hp_loss":0,"event_name":"Lab","floor":4,"gold_loss":0}],"is_beta":false,"boss_relics":[],"items_purged_floors":[],"is_endless":false,"potions_floor_spawned":[2,10,13],"killed_by":"downfall:Watcher","ascension_level":1}}