{"host":"vm8b3ptwl81uq21f","time":1609255976,"event":{"mods":["BaseMod","BetterRewards","Colored Map","Colored Powertips","Downfall","GifTheSpireLib","Googly Eyes","GungeonMod","Halation","Hubris","Infinite Spire","Minty Spire (QoL Compilation)","Quick Restart","Rare Cards Sparkle","Replay The Spire","Shop Mod","StSLib","Stuff the Spire","The Bug Knight","The IronCluck","[IsaacMod]????"],"gold_per_floor":[114,114,114,114,114,172,184,159,182,208,208,208,218,232,310,310,310],"floor_reached":16,"playtime":472,"items_purged":[],"score":168,"play_id":"3ef5ef4a-34f2-4546-8fa1-cf9c10e9acbd","local_time":"20201229103256","is_ascension_mode":false,"campfire_choices":[{"data":"Endless Agony","floor":11,"key":"SMITH"}],"circlet_count":0,"master_deck":["Strike_G","Strike_G","Strike_G","Strike_G+1","Strike_G+1","Defend_G","Defend_G","Defend_G","Defend_G","Defend_G","Survivor","Neutralize","BettingIsNotGood","Skewer","StuffTheSpire:CuriosityCurse","Skewer","Masterful Stab","Endless Agony+1","Tools of the Trade","StuffTheSpire:Incantation","Finisher","Replay:Bag of Tricks"],"relics":["Ring of the Snake","HushsDoor","D6","NeowsBlessing","infinitespire:Satchel","hubris:Icosahedron","hubris:Towel","Whetstone","DemoMod:WhiteGuonStone","StuffTheSpire:Gunfinga","hubris:ToyBattleship"],"acts_visited":["Exordium"],"potions_floor_usage":[16],"damage_taken":[{"damage":0,"enemies":"Cultist","floor":1,"turns":1},{"damage":0,"enemies":"Lagavulin","floor":6,"turns":1},{"damage":0,"enemies":"2 Louse","floor":7,"turns":1},{"damage":5,"enemies":"3 Sentries","floor":8,"turns":4},{"damage":0,"enemies":"Gremlin Nob","floor":10,"turns":3},{"damage":0,"enemies":"Small Slimes","floor":13,"turns":1},{"damage":0,"enemies":"Looter","floor":14,"turns":2},{"damage":28,"enemies":"Hexaghost","floor":16,"turns":5}],"seed_played":"-396090685801913844","potions_obtained":[{"floor":1,"key":"SpeedPotion"},{"floor":8,"key":"Elixir"}],"is_trial":false,"path_per_floor":["M","$","?","?","?","E","M","E","T","E","R","$","M","M","R_BF","B"],"character_chosen":"THE_SILENT","items_purchased":[],"campfire_rested":0,"item_purchase_floors":[],"current_hp_per_floor":[70,70,70,70,70,70,70,65,65,65,65,65,65,65,65,37,37],"gold":310,"neow_bonus":"THREE_ENEMY_KILL","is_daily":false,"chose_seed":false,"campfire_upgraded":1,"win_rate":0.0,"timestamp":1609255976,"path_taken":["M","?","?","?","?","E","?","E","T","E","R","?","M","M","R_BF","BOSS"],"items_purchased_type":[],"build_version":"2020-12-22","purchased_purges":0,"victory":false,"max_hp_per_floor":[70,70,70,70,70,70,70,70,70,70,70,70,70,70,70,70,70],"card_choices":[{"not_picked":[],"picked":"BettingIsNotGood","floor":0},{"not_picked":["Deadly Poison","StuffTheSpire:BumpUp"],"picked":"Skewer","floor":1},{"not_picked":["Infinite Blades","PiercingWail"],"picked":"Skewer","floor":6},{"not_picked":["Prepared","StuffTheSpire:Repulse"],"picked":"Masterful Stab","floor":6},{"not_picked":["Hidden Blade","StuffTheSpire:Shiver"],"picked":"Endless Agony","floor":7},{"not_picked":["hubris:TrickCloak","Poisoned Stab"],"picked":"Tools of the Trade","floor":8},{"not_picked":["Reflex","hubris:TrickCloak"],"picked":"StuffTheSpire:Incantation","floor":10},{"not_picked":["Fluid Movement","ReplayTheSpireMod:The Works"],"picked":"Finisher","floor":13},{"not_picked":["Blade Dance","Dagger Spray"],"picked":"Replay:Bag of Tricks","floor":14}],"player_experience":324570,"relics_obtained":[{"floor":6,"key":"Whetstone"},{"floor":8,"key":"DemoMod:WhiteGuonStone"},{"floor":9,"key":"StuffTheSpire:Gunfinga"},{"floor":10,"key":"hubris:ToyBattleship"}],"event_choices":[],"is_beta":false,"boss_relics":[],"items_purged_floors":[],"is_endless":false,"potions_floor_spawned":[1,8,10,14],"killed_by":"Hexaghost","ascension_level":0}}