{"host":"8fjsnt81u6xsmhji","time":1609237242,"event":{"mods":["BaseMod","Beaked The Cultist","Colored Powertips","Downfall","Glutton Mod","Hermit","Minty Spire (QoL Compilation)","Quick Restart","StSLib","The Bug Knight","The Forsaken","The Hierophant"],"gold_per_floor":[0,16,30,54,71,82,82,257,182,282,297,307,317,343,357,462,462,462,472,57,76,76,76,100,119,136,136,164,184,109,140,155,250,250,250,262,277,296,296,181,207,207,132,165,179,179,179,191,203,203,203,203],"floor_reached":50,"playtime":3391,"items_purged":["Doubt","Guardian:Aged"],"score":596,"play_id":"4002f4c2-931b-4f2c-91f9-c9f948d4280c","local_time":"20201229042042","is_ascension_mode":true,"campfire_choices":[{"floor":1.0,"key":"RECALL"},{"data":"expansioncontent:DashGenerateEvil","floor":9.0,"key":"SMITH"},{"data":"Guardian:Orbwalk","floor":18.0,"key":"SMITH"},{"floor":23.0,"key":"REST"},{"floor":27.0,"key":"REST"},{"floor":30.0,"key":"REST"},{"data":"Guardian:FuturePlans","floor":35,"key":"SMITH"},{"floor":43,"key":"REST"},{"floor":46,"key":"REST"}],"circlet_count":0,"master_deck":["Guardian:Strike_Guardian","Guardian:Strike_Guardian","Guardian:Strike_Guardian","Guardian:Defend_Guardian","Guardian:Defend_Guardian","Guardian:Defend_Guardian","Guardian:Defend_Guardian","Guardian:CurlUp","Guardian:TwinSlam","expansioncontent:DashGenerateEvil+1","Guardian:ShieldCharger","Guardian:ChargeCore","Guardian:AncientConstruct","Guardian:Suspension","Guardian:Reroute","Guardian:TemporalStrike","Guardian:TimeBomb","Guardian:Orbwalk+1","Guardian:TimeCapacitor","Guardian:StasisStrike","Guardian:Recover","Guardian:BronzeOrb","Guardian:Clone","expansioncontent:DashGenerateEvil","Guardian:ChargeCore","expansioncontent:DashGenerateEvil","Guardian:Emergency","Guardian:DonusPower","Guardian:FuturePlans+1","Guardian:Recover+1","Guardian:ShieldCharger","Guardian:DecasProtection","Guardian:FierceBash","Guardian:WalkerClaw","Guardian:BronzeArmor+1","Guardian:ChargeUp","Guardian:FuturePlans+1","Guardian:TemporalShield","Guardian:FierceBash","Guardian:Incinerate"],"relics":["Guardian:ModeShifter","Vajra","Gremlin Horn","downfall:HeartBlessingRed","Prayer Wheel","theForsaken:PaleLantern","Strawberry","Boot","MealTicket","downfall:HeartBlessingGreen","Letter Opener","SacredBark","Guardian:StasisEgg","downfall:HeartBlessingBlue","Mercury Hourglass","Pear"],"acts_visited":["Exordium","TheCity","TheBeyond"],"potions_floor_usage":[33,48,50],"damage_taken":[{"damage":0.0,"enemies":"Cultist","floor":2.0,"turns":3.0},{"damage":0.0,"enemies":"2 Louse","floor":3.0,"turns":2.0},{"damage":7.0,"enemies":"Jaw Worm","floor":5.0,"turns":2.0},{"damage":0.0,"enemies":"Lots of Slimes","floor":6.0,"turns":4.0},{"damage":15.0,"enemies":"Exordium Thugs","floor":11.0,"turns":3.0},{"damage":0.0,"enemies":"3 Louse","floor":12.0,"turns":1.0},{"damage":0.0,"enemies":"Red Slaver","floor":13.0,"turns":2.0},{"damage":14.0,"enemies":"Gremlin Nob","floor":14.0,"turns":4.0},{"damage":0.0,"enemies":"Exordium Thugs","floor":15.0,"turns":2.0},{"damage":41.0,"enemies":"downfall:Defect","floor":16.0,"turns":7.0},{"damage":10.0,"enemies":"Chosen","floor":19.0,"turns":4.0},{"damage":5.0,"enemies":"downfall:FleeingMerchant","floor":20.0,"turns":4.0},{"damage":12.0,"enemies":"Spheric Guardian","floor":21.0,"turns":5.0},{"damage":14.0,"enemies":"3 Cultists","floor":25.0,"turns":4.0},{"damage":21.0,"enemies":"Snake Plant","floor":26.0,"turns":4.0},{"damage":30.0,"enemies":"Gremlin Leader","floor":28.0,"turns":7.0},{"damage":1.0,"enemies":"Cultist and Chosen","floor":29.0,"turns":5.0},{"damage":15.0,"enemies":"Book of Stabbing","floor":31.0,"turns":5.0},{"damage":17.0,"enemies":"Centurion and Healer","floor":32.0,"turns":5.0},{"damage":37,"enemies":"downfall:Silent","floor":33,"turns":9},{"damage":10,"enemies":"3 Shapes","floor":36,"turns":6},{"damage":30,"enemies":"Orb Walker","floor":37,"turns":5},{"damage":27,"enemies":"Transient","floor":38,"turns":5},{"damage":0,"enemies":"downfall:FleeingMerchant","floor":40,"turns":4},{"damage":27,"enemies":"Reptomancer","floor":44,"turns":7},{"damage":19,"enemies":"Jaw Worm Horde","floor":45,"turns":5},{"damage":12,"enemies":"3 Darklings","floor":48,"turns":3},{"damage":27,"enemies":"Maw","floor":49,"turns":7},{"damage":37,"enemies":"downfall:Ironclad","floor":50,"turns":4}],"seed_played":"4223254835649791756","potions_obtained":[{"floor":5.0,"key":"Block Potion"},{"floor":11.0,"key":"sneckomod:MuddlingPotion"},{"floor":12.0,"key":"Dexterity Potion"},{"floor":15.0,"key":"FearPotion"},{"floor":16.0,"key":"BlessingOfTheForge"},{"floor":26.0,"key":"PowerPotion"},{"floor":32.0,"key":"SteroidPotion"},{"floor":38,"key":"Guardian:StasisDiscoveryPotion"},{"floor":49,"key":"EssenceOfSteel"}],"is_trial":false,"path_per_floor":["R","M","M","T","M","M","T","?","R","?","M","M","M","E","M","B",null,"R","M","$","M","?","R","T","M","M","R","E","M","R","E","M","B",null,"R","M","M","M","?","$","T","?","R","E","M","R","?","M","M","B"],"character_chosen":"GUARDIAN","items_purchased":["Strawberry","expansioncontent:DashGenerateEvil"],"campfire_rested":5,"item_purchase_floors":[20,20],"current_hp_per_floor":[80,80,80,80,73,73,73,73,73,73,58,58,58,44,44,3,80,80,70,72,60,60,86,86,72,51,77,47,46,72,57,50,13,87,87,77,47,20,20,35,35,35,74,47,28,57,67,55,28,0,0,0],"gold":203,"neow_bonus":"RANDOM_COLORLESS_2","is_daily":false,"chose_seed":false,"campfire_upgraded":3,"win_rate":0.0,"timestamp":1609237242,"path_taken":["R","M","M","?","M","M","T","?","R","?","M","M","?","E","M","BOSS","R","M","$","M","?","R","T","M","M","R","E","M","R","E","M","BOSS","R","M","M","?","?","$","T","?","R","E","M","R","?","?","M","BOSS"],"items_purchased_type":["Relic","Card"],"build_version":"2020-12-22","purchased_purges":2,"victory":false,"max_hp_per_floor":[80,80,80,80,80,80,80,80,80,80,80,80,80,80,80,80,80,80,80,87,87,87,87,87,87,87,87,87,87,87,87,87,87,87,87,87,87,87,87,87,87,87,97,97,97,97,107,107,107,107,107,107],"card_choices":[{"not_picked":["Violence","Mayhem"],"picked":"expansioncontent:DashGenerateEvil","floor":0.0},{"not_picked":["Guardian:MultiBeam","Guardian:TemporalShield"],"picked":"Guardian:ShieldCharger","floor":2.0},{"not_picked":["Guardian:EvasiveProtocol","Guardian:Gem_Cyan"],"picked":"Guardian:ChargeCore","floor":3.0},{"not_picked":["Guardian:BronzeArmor","Guardian:BronzeOrb"],"picked":"Guardian:AncientConstruct","floor":5.0},{"not_picked":["Guardian:PrimingBeam","Guardian:GuardianWhirl"],"picked":"Guardian:Suspension","floor":6.0},{"not_picked":["Guardian:ArmoredProtocol","Guardian:CrystalBeam"],"picked":"Guardian:Reroute","floor":11.0},{"not_picked":["Guardian:FloatingOrbs","Guardian:Gem_Crimson"],"picked":"Guardian:TemporalStrike","floor":12.0},{"not_picked":["Guardian:Reroute","Guardian:Gem_Cyan"],"picked":"Guardian:TimeBomb","floor":13.0},{"not_picked":["Guardian:Reroute","Guardian:TimeCapacitor"],"picked":"Guardian:Orbwalk","floor":14.0},{"not_picked":["Guardian:PrimingBeam","Guardian:ChargeCore"],"picked":"Guardian:Gem_Red","floor":15.0},{"not_picked":["Guardian:Reroute","Guardian:PiercingHide"],"picked":"Guardian:TimeCapacitor","floor":15.0},{"not_picked":["Guardian:HyperBeam_Guardian","Guardian:CompilePackage"],"picked":"Guardian:StasisStrike","floor":16.0},{"not_picked":["Guardian:Incinerate","Guardian:ShieldCharger"],"picked":"Guardian:Recover","floor":19.0},{"not_picked":["Guardian:PrimingBeam+1","Guardian:RollAttack+1"],"picked":"Guardian:BronzeOrb","floor":19.0},{"not_picked":["Guardian:Gem_Cyan","Guardian:Gem_Lightblue"],"picked":"Guardian:Clone","floor":20.0},{"not_picked":["Guardian:PolyBeam","Guardian:Suspension"],"picked":"Guardian:Gem_Green","floor":21.0},{"not_picked":["Guardian:Reroute","Guardian:VentSteam"],"picked":"Guardian:ChargeCore","floor":21.0},{"not_picked":["Guardian:RollAttack","Guardian:TemporalShield"],"picked":"Guardian:Emergency","floor":25.0},{"not_picked":["Guardian:Reroute","Guardian:PolyBeam+1"],"picked":"Guardian:DonusPower","floor":25.0},{"not_picked":["Guardian:StasisEngine","Guardian:TemporalShield"],"picked":"Guardian:Gem_Purple","floor":26.0},{"not_picked":["Guardian:PrismaticBarrier","Guardian:SentryBeam"],"picked":"Guardian:FuturePlans","floor":26.0},{"not_picked":["Guardian:PolyBeam","Guardian:Planning"],"picked":"Guardian:Recover+1","floor":28.0},{"not_picked":["Guardian:TemporalStrike","Guardian:Orbwalk"],"picked":"Guardian:ShieldCharger","floor":29.0},{"not_picked":["Guardian:Gem_White","Guardian:RollAttack","Guardian:Reroute+1"],"picked":"SKIP","floor":29.0},{"not_picked":["Guardian:ChargeCore+1","Guardian:TemporalStrike+1"],"picked":"Guardian:DecasProtection","floor":31.0},{"not_picked":["Guardian:Gem_Cyan","Guardian:BronzeArmor"],"picked":"Guardian:Gem_Yellow","floor":32.0},{"not_picked":["Guardian:CrystalBeam","Guardian:GuardianWhirl","Guardian:ArmoredProtocol"],"picked":"SKIP","floor":32.0},{"not_picked":["Guardian:StasisStrike","Guardian:ConstructionForm"],"picked":"Guardian:FierceBash","floor":33},{"not_picked":["Guardian:Gem_Cyan","Guardian:PiercingHide+1"],"picked":"Guardian:WalkerClaw","floor":36},{"not_picked":["Guardian:Emergency+1","Guardian:CrystalBeam","Guardian:VentSteam"],"picked":"SKIP","floor":36},{"not_picked":["Guardian:TemporalStrike","Guardian:PiercingHide+1"],"picked":"Guardian:Gem_Fragmented","floor":37},{"not_picked":["Guardian:TemporalStrike+1","Guardian:CrystalBeam"],"picked":"Guardian:BronzeArmor+1","floor":37},{"not_picked":["Guardian:Repulse","Guardian:ChargeCore+1"],"picked":"Guardian:ChargeUp","floor":38},{"not_picked":["Guardian:DecasProtection+1","Guardian:Suspension"],"picked":"Guardian:FuturePlans+1","floor":38},{"not_picked":["Guardian:Suspension","Guardian:EvasiveProtocol+1"],"picked":"Guardian:Gem_Green","floor":40},{"not_picked":["Guardian:Recover","Guardian:Gem_Crimson"],"picked":"Guardian:TemporalShield","floor":44},{"not_picked":["Guardian:PrismaticBeam","Guardian:Gem_Red"],"picked":"Guardian:FierceBash","floor":45},{"not_picked":["Guardian:PolyBeam+1","Guardian:PiercingHide","Guardian:Reroute+1"],"picked":"SKIP","floor":45},{"not_picked":["Guardian:Gem_Red","Guardian:EvasiveProtocol+1","Guardian:VentSteam+1"],"picked":"SKIP","floor":48},{"not_picked":["Guardian:RefractedBeam+1","Guardian:Gem_Yellow","Guardian:RollAttack+1"],"picked":"SKIP","floor":48},{"not_picked":["Guardian:Gem_Red","Guardian:CrystalBeam"],"picked":"Guardian:Incinerate","floor":49},{"not_picked":["Guardian:Harden","Guardian:Gem_Lightblue","Guardian:ArmoredProtocol+1"],"picked":"SKIP","floor":49}],"player_experience":604239,"relics_obtained":[{"floor":4.0,"key":"Vajra"},{"floor":7.0,"key":"Gremlin Horn"},{"floor":14.0,"key":"Prayer Wheel"},{"floor":24.0,"key":"Boot"},{"floor":28.0,"key":"MealTicket"},{"floor":31.0,"key":"Letter Opener"},{"floor":44,"key":"Mercury Hourglass"},{"floor":47,"key":"Pear"}],"event_choices":[{"damage_healed":0.0,"max_hp_gain":0.0,"max_hp_loss":0.0,"gold_gain":100.0,"event_name":"Wheel of Change","player_choice":"Gold","floor":10.0,"gold_loss":0.0,"damage_taken":0.0},{"damage_healed":0.0,"max_hp_gain":0.0,"max_hp_loss":0.0,"gold_gain":0.0,"event_name":"Duplicator","player_choice":"Copied","floor":22.0,"gold_loss":0.0,"damage_taken":0.0,"cards_obtained":["expansioncontent:DashGenerateEvil"]},{"damage_healed":0,"gold_gain":0,"player_choice":"Relic","damage_taken":0,"max_hp_gain":0,"max_hp_loss":0,"event_name":"Wheel of Change","floor":47,"gold_loss":0}],"is_beta":false,"boss_relics":[{"not_picked":["Pandora\u0027s Box","Fusion Hammer"],"picked":"theForsaken:PaleLantern"},{"not_picked":["Astrolabe","Guardian:StasisSlotReductionRelic"],"picked":"SacredBark"}],"items_purged_floors":[20,40],"is_endless":false,"potions_floor_spawned":[5,11,12,15,16,19,21,25,26,32,38,44,49],"killed_by":"downfall:Ironclad","ascension_level":1}}