{"host":"btkahjvw3wdsn6lk","time":1609243167,"event":{"mods":["ATMod(阿瑾Mod)","Act Like it!","BaseMod","Dota2Spire","Gensokyo","Highlight Path","Minty Spire (QoL Compilation)","Robot Space Explorer","RumiaBox-露米娅的神秘盒子","Spicy Shops","StSLib"],"gold_per_floor":[110,110,185,231,251,282,297,307,333,343,360,360,387,165,165,263,263,276,291,100,100,112,112,131,131,131,142,161,161,161,180,180,180,180],"floor_reached":33,"playtime":1972,"items_purged":["RobotSpaceExplorer:Strike","RobotSpaceExplorer:Strike"],"score":276,"play_id":"5ce210cd-cd14-4a33-81e6-3b9d42d0bead","local_time":"20201229195927","is_ascension_mode":false,"campfire_choices":[{"data":"RobotSpaceExplorer:TrailblazerForm","floor":12.0,"key":"SMITH"},{"data":"RobotSpaceExplorer:Ammunition","floor":15.0,"key":"SMITH"},{"data":"AT_FamilyPortrait","floor":23.0,"key":"SMITH"},{"data":"Bandage Up","floor":25.0,"key":"SMITH"},{"floor":32.0,"key":"RECALL"}],"circlet_count":0,"master_deck":["RobotSpaceExplorer:Strike","RobotSpaceExplorer:Defend","RobotSpaceExplorer:Defend","RobotSpaceExplorer:Defend","RobotSpaceExplorer:Defend","RobotSpaceExplorer:Scan","RobotSpaceExplorer:MiniLasers","AT_FamilyPortrait+1","RobotSpaceExplorer:BigMissile","RobotSpaceExplorer:Ammunition+1","RobotSpaceExplorer:Ammunition+1","RobotSpaceExplorer:TrailblazerForm+1","RobotSpaceExplorer:Arsenal","RobotSpaceExplorer:Explosion","RobotSpaceExplorer:GlueShot","Bandage Up+1","RobotSpaceExplorer:ShockMissile"],"relics":["RobotSpaceExplorer:RoboCore","AT_ATBox","NeowsBlessing","AddBug","SecretRecord","SecretRecord","SecretRecord","SecretRecord"],"acts_visited":["Exordium","TheCity"],"potions_floor_usage":[33,33],"damage_taken":[{"damage":0.0,"enemies":"Jaw Worm","floor":1.0,"turns":1.0},{"damage":0.0,"enemies":"Small Slimes","floor":5.0,"turns":1.0},{"damage":0.0,"enemies":"3 Sentries","floor":6.0,"turns":1.0},{"damage":0.0,"enemies":"Cultist","floor":7.0,"turns":2.0},{"damage":9.0,"enemies":"Exordium Thugs","floor":8.0,"turns":4.0},{"damage":13.0,"enemies":"Red Slaver","floor":10.0,"turns":5.0},{"damage":10.0,"enemies":"Looter","floor":11.0,"turns":4.0},{"damage":17.0,"enemies":"The Guardian","floor":16.0,"turns":16.0},{"damage":15.0,"enemies":"Shell Parasite","floor":18.0,"turns":8.0},{"damage":5.0,"enemies":"3 Byrds","floor":19.0,"turns":6.0},{"damage":18.0,"enemies":"Shelled Parasite and Fungi","floor":22.0,"turns":6.0},{"damage":4.0,"enemies":"Snake Plant","floor":24.0,"turns":4.0},{"damage":38.0,"enemies":"3 Cultists","floor":27.0,"turns":9.0},{"damage":12.0,"enemies":"Shelled Parasite and Fungi","floor":28.0,"turns":8.0},{"damage":3.0,"enemies":"Centurion and Healer","floor":31.0,"turns":10.0},{"damage":29,"enemies":"Automaton","floor":33,"turns":6}],"seed_played":"-6409855256179348388","potions_obtained":[{"floor":1.0,"key":"LiquidMemories"},{"floor":7.0,"key":"Dexterity Potion"},{"floor":8.0,"key":"Block Potion"},{"floor":11.0,"key":"Energy Potion"},{"floor":18.0,"key":"PowerPotion"},{"floor":28.0,"key":"RobotSpaceExplorer:RecyclePotion"}],"is_trial":false,"path_per_floor":["M","?","?","T","M","E","M","M","T","M","M","R","T","$","R","B",null,"M","M","$","?","M","R","M","R","T","M","M","?","?","M","R","B"],"character_chosen":"RobotSpaceExplorer","items_purchased":["RobotSpaceExplorer:Arsenal","Bandage Up"],"campfire_rested":0,"item_purchase_floors":[14,20],"current_hp_per_floor":[75,80,69,69,69,69,69,60,60,51,41,41,41,41,41,24,80,65,60,60,45,35,35,39,39,39,11,9,9,9,16,16,0,0],"gold":180,"neow_bonus":"THREE_ENEMY_KILL","is_daily":false,"chose_seed":false,"campfire_upgraded":4,"win_rate":0.0,"timestamp":1609243167,"path_taken":["M","?","?","?","M","E","M","?","T","M","M","R","?","$","R","BOSS","M","M","$","?","M","R","M","R","T","M","M","?","?","?","R","BOSS"],"items_purchased_type":["Card","Card"],"build_version":"2020-12-22","purchased_purges":2,"victory":false,"max_hp_per_floor":[75,80,80,80,80,80,80,80,80,80,80,80,80,80,80,80,80,80,80,80,85,85,85,85,85,85,85,85,85,85,85,85,85,85],"card_choices":[{"not_picked":["RobotSpaceExplorer:Blitz","RobotSpaceExplorer:ShovelStrike"],"picked":"RobotSpaceExplorer:BigMissile","floor":1.0},{"not_picked":["RobotSpaceExplorer:FrostMissile","RobotSpaceExplorer:FreezingShield"],"picked":"RobotSpaceExplorer:Ammunition","floor":5.0},{"not_picked":["RobotSpaceExplorer:PowerGlove","RobotSpaceExplorer:FreezeRay"],"picked":"RobotSpaceExplorer:Ammunition","floor":6.0},{"not_picked":["RobotSpaceExplorer:FreezingShield","RobotSpaceExplorer:SurgingStrike"],"picked":"RobotSpaceExplorer:TrailblazerForm","floor":7.0},{"not_picked":["RobotSpaceExplorer:ImprovisedAttack","RobotSpaceExplorer:SlimeMissile","RobotSpaceExplorer:LuckyStrike"],"picked":"SKIP","floor":8.0},{"not_picked":["RobotSpaceExplorer:SwiftStep","RobotSpaceExplorer:FranticSearch","RobotSpaceExplorer:SlimeMissile"],"picked":"SKIP","floor":10.0},{"not_picked":["RobotSpaceExplorer:SwiftStep","RobotSpaceExplorer:ScrapMissile","RobotSpaceExplorer:GearShield"],"picked":"SKIP","floor":11.0},{"not_picked":["RobotSpaceExplorer:TrailblazerForm","RobotSpaceExplorer:Blaster"],"picked":"RobotSpaceExplorer:Explosion","floor":16.0},{"not_picked":["RobotSpaceExplorer:SurgingStrike","RobotSpaceExplorer:ShockKick+1"],"picked":"RobotSpaceExplorer:GlueShot","floor":18.0},{"not_picked":["RobotSpaceExplorer:DoubleBlock+1","RobotSpaceExplorer:FranticSearch","RobotSpaceExplorer:SurgingStrike"],"picked":"SKIP","floor":19.0},{"not_picked":["RobotSpaceExplorer:StunGrenade","RobotSpaceExplorer:RigExplosive","RobotSpaceExplorer:Blitz"],"picked":"SKIP","floor":22.0},{"not_picked":["RobotSpaceExplorer:Ammunition","RobotSpaceExplorer:GlueShot"],"picked":"RobotSpaceExplorer:ShockMissile","floor":24.0},{"not_picked":["RobotSpaceExplorer:FrostMissile","RobotSpaceExplorer:LuckyStrike","RobotSpaceExplorer:FranticSearch"],"picked":"SKIP","floor":27.0},{"not_picked":["RobotSpaceExplorer:FranticSearch","RobotSpaceExplorer:SurgingStrike","RobotSpaceExplorer:SurgingShield"],"picked":"SKIP","floor":28.0},{"not_picked":["RobotSpaceExplorer:ExhaustFan","RobotSpaceExplorer:Calculate","RobotSpaceExplorer:Discharger"],"picked":"SKIP","floor":31.0}],"player_experience":387457,"relics_obtained":[{"floor":1.0,"key":"AddBug"},{"floor":6.0,"key":"Strawberry"},{"floor":8.0,"key":"SecretRecord"},{"floor":9.0,"key":"Centennial Puzzle"},{"floor":10.0,"key":"SecretRecord"},{"floor":13.0,"key":"War Paint"},{"floor":19.0,"key":"SecretRecord"},{"floor":26.0,"key":"MagicDraw2"}],"event_choices":[{"damage_healed":0.0,"max_hp_gain":5.0,"max_hp_loss":0.0,"gold_gain":0.0,"event_name":"Big Fish","player_choice":"Donut","floor":2.0,"gold_loss":0.0,"damage_taken":0.0},{"damage_healed":0.0,"max_hp_gain":0.0,"max_hp_loss":0.0,"gold_gain":75.0,"event_name":"World of Goop","player_choice":"Gather Gold","floor":3.0,"gold_loss":0.0,"damage_taken":11.0},{"damage_healed":0.0,"max_hp_gain":5.0,"max_hp_loss":0.0,"gold_gain":0.0,"event_name":"Forgotten Altar","player_choice":"Shed Blood","floor":21.0,"gold_loss":0.0,"damage_taken":20.0},{"cards_removed":["RobotSpaceExplorer:Strike"],"damage_healed":0.0,"max_hp_gain":0.0,"max_hp_loss":0.0,"gold_gain":0.0,"event_name":"Back to Basics","player_choice":"Elegance","floor":29.0,"gold_loss":0.0,"damage_taken":0.0},{"damage_healed":0.0,"max_hp_gain":0.0,"max_hp_loss":0.0,"gold_gain":0.0,"event_name":"Upgrade Shrine","player_choice":"Upgraded","floor":30.0,"gold_loss":0.0,"damage_taken":0.0,"cards_upgraded":["RobotSpaceExplorer:Ammunition"]}],"is_beta":false,"boss_relics":[{"not_picked":["Runic Pyramid","Empty Cage"],"picked":"Dota2Spire:Bloodstone"}],"items_purged_floors":[14,20],"is_endless":false,"potions_floor_spawned":[1,7,8,11,18,28],"killed_by":"Automaton","ascension_level":0}}