{"host":"0ydzwspkajt4brzd","time":1609216897,"event":{"mods":["AchievementEnabler","BaseMod","Colored Map","DeckTracker","Googly Eyes","Highlight Path","Minty Spire (QoL Compilation)","Quick Restart","Random Character Button","Rare Cards Sparkle"],"gold_per_floor":[113,131,141,141,40,40,65,65,65,65,65,65,65,78,78,183,183,201,218,218,218,236,236,236,261,315,22,122,133,133,8,8,109,109,128,0,20,20,20,36,52,52,52,52,62,74,127,158,158,158,158,158,8,38,38,38],"floor_reached":55,"playtime":3786,"items_purged":["Strike_R","Strike_R","Strike_R","Rupture"],"score":988,"play_id":"14a4742e-1787-4090-b284-d62b588cd3fc","local_time":"20201228204137","is_ascension_mode":true,"campfire_choices":[{"data":"Cleave","floor":8.0,"key":"SMITH"},{"data":"Bash","floor":10.0,"key":"SMITH"},{"data":"Shrug It Off","floor":13.0,"key":"SMITH"},{"data":"Body Slam","floor":15.0,"key":"SMITH"},{"data":"Whirlwind","floor":23.0,"key":"SMITH"},{"data":"Immolate","floor":30,"key":"SMITH"},{"data":"Disarm","floor":32,"key":"SMITH"},{"data":"Shrug It Off","floor":42,"key":"SMITH"},{"data":"Headbutt","floor":44,"key":"SMITH"},{"floor":49,"key":"RECALL"},{"data":"Demon Form","floor":52,"key":"SMITH"}],"circlet_count":0,"master_deck":["Strike_R+1","Strike_R","Defend_R","Defend_R","Defend_R","Bash+1","Twin Strike","Shrug It Off+1","Cleave+1","Thunderclap+1","Body Slam+1","Immolate+1","Disarm+1","Headbutt+1","Whirlwind+1","Limit Break+1","Inflame+1","Impervious+1","Pommel Strike+1","Heavy Blade+1","Flex+1","Demon Form+1","Entrench+1","Ghostly Armor+1"],"relics":["Burning Blood","CaptainsWheel","Letter Opener","Ancient Tea Set","Coffee Dripper","Toxic Egg 2","Charon\u0027s Ashes","Anchor","Calipers","Darkstone Periapt","Mark of Pain","Red Mask","Pear","Turnip","Bottled Flame","Blue Candle"],"acts_visited":["Exordium","TheCity","TheBeyond","TheEnding"],"potions_floor_usage":[29,40,46,50,50,54,55],"damage_taken":[{"damage":4.0,"enemies":"Jaw Worm","floor":1.0,"turns":4.0},{"damage":0.0,"enemies":"Small Slimes","floor":2.0,"turns":4.0},{"damage":2.0,"enemies":"2 Louse","floor":3.0,"turns":3.0},{"damage":4.0,"enemies":"Gremlin Nob","floor":7.0,"turns":5.0},{"damage":0.0,"enemies":"Lots of Slimes","floor":14.0,"turns":2.0},{"damage":1.0,"enemies":"Slime Boss","floor":16.0,"turns":7.0},{"damage":0.0,"enemies":"Spheric Guardian","floor":18.0,"turns":3.0},{"damage":10.0,"enemies":"3 Byrds","floor":19.0,"turns":3.0},{"damage":6.0,"enemies":"Cultist and Chosen","floor":22.0,"turns":5.0},{"damage":44.0,"enemies":"Slavers","floor":25.0,"turns":6.0},{"damage":1,"enemies":"Colosseum Slavers","floor":28,"turns":4},{"damage":18,"enemies":"Colosseum Nobs","floor":28,"turns":5},{"damage":23,"enemies":"Snecko","floor":29,"turns":6},{"damage":3,"enemies":"Champ","floor":33,"turns":6},{"damage":10,"enemies":"Orb Walker","floor":35,"turns":3},{"damage":0,"enemies":"3 Darklings","floor":37,"turns":4},{"damage":25,"enemies":"Transient","floor":40,"turns":5},{"damage":43,"enemies":"4 Shapes","floor":41,"turns":4},{"damage":0,"enemies":"3 Darklings","floor":45,"turns":1},{"damage":12,"enemies":"Maw","floor":46,"turns":7},{"damage":1,"enemies":"2 Orb Walkers","floor":47,"turns":3},{"damage":9,"enemies":"Reptomancer","floor":48,"turns":4},{"damage":15,"enemies":"Donu and Deca","floor":50,"turns":5},{"damage":53,"enemies":"Shield and Spear","floor":54,"turns":4},{"damage":32,"enemies":"The Heart","floor":55,"turns":5}],"seed_played":"5772631122034100680","potions_obtained":[{"floor":3.0,"key":"Block Potion"},{"floor":12.0,"key":"FearPotion"},{"floor":12.0,"key":"HeartOfIron"},{"floor":12.0,"key":"SpeedPotion"},{"floor":14.0,"key":"SkillPotion"},{"floor":19.0,"key":"Strength Potion"},{"floor":22.0,"key":"Weak Potion"},{"floor":28,"key":"SkillPotion"},{"floor":33,"key":"HeartOfIron"},{"floor":37,"key":"SkillPotion"},{"floor":41,"key":"Ancient Potion"},{"floor":46,"key":"LiquidMemories"},{"floor":48,"key":"SpeedPotion"},{"floor":54,"key":"SteroidPotion"}],"is_trial":false,"path_per_floor":["M","M","M","?","$","?","E","R","T","R","?","?","R","M","R","B",null,"M","M","?","T","M","R","?","E","T","$","?","M","R","$","R","B",null,"M","?","M","$","?","M","M","R","T","R","M","M","?","E","R","B",null,"R","$","E","B"],"character_chosen":"IRONCLAD","items_purchased":["Cleave","Rupture","Anchor"],"campfire_rested":0,"item_purchase_floors":[5,27,27],"current_hp_per_floor":[53,59,63,63,63,68,70,70,70,70,53,53,53,59,59,64,80,85,81,81,81,81,81,81,43,43,43,36,19,19,19,19,22,69,65,65,71,71,71,52,15,15,25,25,31,25,30,27,27,18,76,76,76,29,0,0],"gold":38,"neow_bonus":"ONE_RARE_RELIC","is_daily":false,"chose_seed":false,"campfire_upgraded":10,"win_rate":0.0,"timestamp":1609216897,"path_taken":["M","M","M","?","$","?","E","R","T","R","?","?","R","M","R","BOSS","M","?","?","?","M","R","?","E","T","$","?","M","R","$","R","BOSS","M","?","M","$","?","M","M","R","T","R","?","M","?","E","R","BOSS","R","$","E","BOSS"],"items_purchased_type":["Card","Card","Relic"],"build_version":"2020-12-22","purchased_purges":4,"victory":false,"max_hp_per_floor":[80,80,80,80,80,85,85,85,85,85,85,85,85,85,85,85,85,85,85,85,85,85,85,85,85,85,85,85,85,85,85,85,85,85,85,85,85,85,85,85,85,85,95,95,95,95,95,95,95,95,95,95,95,95,95,95],"card_choices":[{"not_picked":["Disarm","Armaments"],"picked":"Twin Strike","floor":1.0},{"not_picked":["Warcry","Body Slam"],"picked":"Shrug It Off","floor":2.0},{"not_picked":["Disarm","Sword Boomerang"],"picked":"Shrug It Off","floor":3.0},{"not_picked":["Power Through","Dropkick"],"picked":"Thunderclap","floor":7.0},{"not_picked":["Anger","Clothesline"],"picked":"Body Slam","floor":14.0},{"not_picked":["Feed","Double Tap"],"picked":"Immolate","floor":16.0},{"not_picked":["Clash","Rupture"],"picked":"Disarm","floor":18.0},{"not_picked":["Clothesline","Sword Boomerang+1"],"picked":"Headbutt","floor":19.0},{"not_picked":["Cleave+1","Clash","Whirlwind"],"picked":"SKIP","floor":22.0},{"not_picked":["Hemokinesis","Combust"],"picked":"Limit Break+1","floor":25.0},{"not_picked":["Wild Strike","Metallicize"],"picked":"Inflame+1","floor":28},{"not_picked":["Heavy Blade","Headbutt","Rampage"],"picked":"SKIP","floor":29},{"not_picked":["Berserk","Limit Break+1"],"picked":"Impervious+1","floor":33},{"not_picked":["Rage+1","Warcry+1","Armaments+1"],"picked":"SKIP","floor":35},{"not_picked":["Second Wind+1","Cleave"],"picked":"Pommel Strike+1","floor":37},{"not_picked":["Thunderclap+1","Anger+1","Armaments+1"],"picked":"SKIP","floor":40},{"not_picked":["Flame Barrier+1","Dark Embrace"],"picked":"Heavy Blade+1","floor":41},{"not_picked":["Pummel","True Grit+1"],"picked":"Flex+1","floor":45},{"not_picked":["Pommel Strike","Warcry+1"],"picked":"Demon Form","floor":46},{"not_picked":["Flame Barrier+1","Havoc+1"],"picked":"Entrench+1","floor":48},{"not_picked":["Intimidate+1","Feel No Pain"],"picked":"Ghostly Armor+1","floor":54}],"player_experience":349024,"relics_obtained":[{"floor":7.0,"key":"Letter Opener"},{"floor":9.0,"key":"Ancient Tea Set"},{"floor":21.0,"key":"Toxic Egg 2"},{"floor":25.0,"key":"Charon\u0027s Ashes"},{"floor":28,"key":"Calipers"},{"floor":28,"key":"Darkstone Periapt"},{"floor":43,"key":"Pear"},{"floor":47,"key":"Turnip"},{"floor":48,"key":"Bottled Flame"},{"floor":54,"key":"Blue Candle"}],"event_choices":[{"cards_removed":["Defend_R"],"damage_healed":0.0,"max_hp_gain":0.0,"max_hp_loss":0.0,"gold_gain":0.0,"event_name":"Living Wall","player_choice":"Forget","floor":4.0,"gold_loss":0.0,"damage_taken":0.0},{"damage_healed":0.0,"max_hp_gain":5.0,"max_hp_loss":0.0,"gold_gain":0.0,"event_name":"Big Fish","player_choice":"Donut","floor":6.0,"gold_loss":0.0,"damage_taken":0.0},{"damage_healed":0.0,"max_hp_gain":0.0,"max_hp_loss":0.0,"gold_gain":0.0,"event_name":"Shining Light","player_choice":"Entered Light","floor":11.0,"gold_loss":0.0,"damage_taken":17.0,"cards_upgraded":["Thunderclap","Strike_R"]},{"damage_healed":0.0,"max_hp_gain":0.0,"max_hp_loss":0.0,"gold_gain":0.0,"event_name":"Lab","player_choice":"Got Potions","floor":12.0,"gold_loss":0.0,"damage_taken":0.0},{"damage_healed":0.0,"max_hp_gain":0.0,"max_hp_loss":0.0,"gold_gain":0.0,"event_name":"The Library","player_choice":"Read","floor":20.0,"gold_loss":0.0,"damage_taken":0.0,"cards_obtained":["Whirlwind"]},{"damage_healed":0.0,"max_hp_gain":0.0,"max_hp_loss":0.0,"gold_gain":0.0,"event_name":"Ghosts","player_choice":"Ignored","floor":24.0,"gold_loss":0.0,"damage_taken":0.0},{"damage_healed":0,"gold_gain":0,"player_choice":"Fight","damage_taken":0,"max_hp_gain":0,"max_hp_loss":0,"event_name":"Colosseum","floor":28,"gold_loss":0},{"damage_healed":0,"gold_gain":0,"player_choice":"Fought Nobs","damage_taken":0,"max_hp_gain":0,"max_hp_loss":0,"event_name":"Colosseum","floor":28,"gold_loss":0},{"damage_healed":0,"gold_gain":0,"player_choice":"Paid","damage_taken":0,"relics_obtained":["Red Mask"],"max_hp_gain":0,"max_hp_loss":0,"event_name":"Tomb of Lord Red Mask","floor":36,"gold_loss":128},{"cards_removed":["Shrug It Off"],"damage_healed":0,"gold_gain":0,"player_choice":"Removed Skill","damage_taken":0,"max_hp_gain":0,"max_hp_loss":0,"event_name":"Falling","floor":39,"gold_loss":0},{"damage_healed":0,"gold_gain":0,"player_choice":"Fight","damage_taken":0,"max_hp_gain":0,"max_hp_loss":0,"event_name":"Mysterious Sphere","floor":47,"gold_loss":0}],"is_beta":false,"boss_relics":[{"not_picked":["Calling Bell","Runic Cube"],"picked":"Coffee Dripper"},{"not_picked":["SacredBark","Tiny House"],"picked":"Mark of Pain"}],"items_purged_floors":[5,27,31,53],"is_endless":false,"potions_floor_spawned":[3,14,19,22,28,33,37,41,46,48,54],"killed_by":"The Heart","ascension_level":8}}