{"host":"z9811rt50ti81n54","time":1609250213,"event":{"mods":["BaseMod","Minty Spire (QoL Compilation)","Relic Stats"],"gold_per_floor":[119,119,119,40,115,115,132,132,182,199,233,233,249,273,273,397,397,417,417,436,436,472,472,486,6,6,6,27,27,71,96,96,221,221,246,94,94,94,427,457,457,483,506,558,558,558,608,316,316,316,316,316,41,41,41],"floor_reached":54,"playtime":1819,"items_purged":["Strike_G","Strike_G","Strike_G"],"score":934,"play_id":"de7aa383-23a1-469a-a6c3-bffb2b409998","local_time":"20201229225653","is_ascension_mode":true,"campfire_choices":[{"floor":6,"key":"REST"},{"floor":8,"key":"REST"},{"data":"Noxious Fumes","floor":15,"key":"SMITH"},{"floor":23,"key":"REST"},{"data":"Glass Knife","floor":29,"key":"SMITH"},{"floor":32,"key":"RECALL"},{"floor":41,"key":"REST"},{"floor":45,"key":"REST"},{"floor":49,"key":"DIG"},{"floor":52,"key":"DIG"}],"circlet_count":0,"master_deck":["Defend_G","Defend_G","Defend_G","Defend_G","Defend_G","Survivor+1","Neutralize+1","Bane","Noxious Fumes+1","Backstab","Deflect","Dagger Spray","Die Die Die","Bane","Setup","Glass Knife+1","Acrobatics","Bouncing Flask","Bouncing Flask","Backflip","Die Die Die","PiercingWail","Glass Knife+1","Bandage Up","Bandage Up","Footwork"],"relics":["Ring of the Serpent","Juzu Bracelet","Strawberry","Bag of Marbles","Busted Crown","Nilry\u0027s Codex","Red Mask","Lee\u0027s Waffle","Paper Crane","Eternal Feather","Bronze Scales","Bag of Preparation","White Beast Statue","Potion Belt","Ginger","Shovel","Lantern","Ninja Scroll"],"acts_visited":["Exordium","TheCity","TheBeyond","TheEnding"],"potions_floor_usage":[11,11,16,22,33,42,42,44,50,50,50,50,50,54],"damage_taken":[{"damage":14,"enemies":"Small Slimes","floor":1,"turns":5},{"damage":0,"enemies":"2 Louse","floor":7,"turns":3},{"damage":1,"enemies":"Jaw Worm","floor":10,"turns":2},{"damage":6,"enemies":"Gremlin Nob","floor":11,"turns":3},{"damage":3,"enemies":"Blue Slaver","floor":13,"turns":3},{"damage":0,"enemies":"Looter","floor":14,"turns":2},{"damage":38,"enemies":"The Guardian","floor":16,"turns":11},{"damage":0,"enemies":"3 Byrds","floor":18,"turns":3},{"damage":0,"enemies":"Chosen","floor":20,"turns":3},{"damage":10,"enemies":"Masked Bandits","floor":22,"turns":3},{"damage":15,"enemies":"Snake Plant","floor":24,"turns":4},{"damage":5,"enemies":"Colosseum Slavers","floor":27,"turns":4},{"damage":9,"enemies":"3 Cultists","floor":28,"turns":5},{"damage":0,"enemies":"Gremlin Leader","floor":30,"turns":6},{"damage":5,"enemies":"Snecko","floor":31,"turns":3},{"damage":69,"enemies":"Collector","floor":33,"turns":8},{"damage":4,"enemies":"Orb Walker","floor":35,"turns":3},{"damage":34,"enemies":"Nemesis","floor":40,"turns":7},{"damage":18,"enemies":"Reptomancer","floor":42,"turns":6},{"damage":5,"enemies":"2 Orb Walkers","floor":44,"turns":3},{"damage":10,"enemies":"Mind Bloom Boss Battle","floor":47,"turns":6},{"damage":55,"enemies":"Donu and Deca","floor":50,"turns":9},{"damage":84,"enemies":"Shield and Spear","floor":54,"turns":6}],"seed_played":"376753542261830623","potions_obtained":[{"floor":7,"key":"CunningPotion"},{"floor":10,"key":"BlessingOfTheForge"},{"floor":13,"key":"AttackPotion"},{"floor":18,"key":"DuplicationPotion"},{"floor":22,"key":"BlessingOfTheForge"},{"floor":28,"key":"DuplicationPotion"},{"floor":31,"key":"FearPotion"},{"floor":33,"key":"DistilledChaos"},{"floor":40,"key":"PowerPotion"},{"floor":42,"key":"Fire Potion"},{"floor":44,"key":"AttackPotion"},{"floor":47,"key":"Explosive Potion"}],"is_trial":false,"path_per_floor":["M","?","?","$","?","R","M","R","T","M","E","?","M","M","R","B",null,"M","?","M","?","?","R","M","$","T","?","M","R","E","M","R","B",null,"M","$","?","?","?","E","R","E","T","?","R","?","?","$","R","B",null,"R","$","E"],"character_chosen":"THE_SILENT","items_purchased":["Backstab","Lee\u0027s Waffle","Paper Crane","Bag of Preparation","Footwork","Regen Potion","ColorlessPotion","CultistPotion","ColorlessPotion"],"campfire_rested":5,"item_purchase_floors":[4,25,25,36,48,48,48,53,53],"current_hp_per_floor":[56,49,35,35,24,45,45,66,73,72,66,66,63,63,63,25,60,60,60,60,44,34,55,40,78,78,73,64,76,76,71,78,9,61,57,57,57,57,57,23,61,43,43,38,76,66,64,64,78,46,70,78,78,0,0],"gold":41,"neow_bonus":"TRANSFORM_CARD","is_daily":false,"chose_seed":false,"campfire_upgraded":2,"win_rate":0.0,"timestamp":1609250213,"path_taken":["M","?","?","$","?","R","M","R","T","M","E","?","M","M","R","BOSS","M","?","M","?","?","R","M","?","T","?","M","R","E","M","R","BOSS","M","$","?","?","?","E","R","E","T","?","R","?","?","$","R","BOSS","R","$","E"],"items_purchased_type":["Card","Relic","Relic","Relic","Card","Potion","Potion","Potion","Potion"],"build_version":"2020-12-22","purchased_purges":3,"victory":false,"max_hp_per_floor":[70,70,70,70,70,70,70,70,77,77,77,71,71,71,71,71,71,71,71,71,71,71,71,71,78,78,78,78,78,78,78,78,78,78,78,78,78,78,78,78,78,78,78,78,78,78,78,78,78,78,78,78,78,78,78],"relic_stats":{"Lee\u0027s Waffle":38,"Busted Crown":32,"Shovel":2,"counters":[23,108],"Bronze Scales":[131],"Eternal Feather":71,"Juzu Bracelet":4,"Bag of Preparation":[11],"Ginger":[0],"obtain_stats":[{"Potion Belt":42,"Lee\u0027s Waffle":25,"Lantern":49,"Golden Idol":12,"Nilry\u0027s Codex":21,"Eternal Feather":26,"Juzu Bracelet":2,"Bag of Preparation":36,"Ginger":44,"Paper Crane":25,"White Beast Statue":40,"Busted Crown":17,"Shovel":47,"Ninja Scroll":52,"Strawberry":9,"Bronze Scales":30,"Bag of Marbles":11,"Red Mask":22,"Ring of the Serpent":34,"Ring of the Snake":0},{"Potion Belt":19,"Lee\u0027s Waffle":11,"Lantern":21,"Golden Idol":4,"Nilry\u0027s Codex":9,"Eternal Feather":11,"Juzu Bracelet":1,"Bag of Preparation":17,"Ginger":20,"Paper Crane":11,"White Beast Statue":18,"Busted Crown":7,"Shovel":21,"Ninja Scroll":22,"Strawberry":2,"Bronze Scales":14,"Bag of Marbles":4,"Red Mask":10,"Ring of the Serpent":16,"Ring of the Snake":0},{"Potion Belt":84,"Lee\u0027s Waffle":42,"Lantern":93,"Golden Idol":13,"Nilry\u0027s Codex":35,"Eternal Feather":42,"Juzu Bracelet":5,"Bag of Preparation":71,"Ginger":87,"Paper Crane":42,"White Beast Statue":78,"Busted Crown":29,"Shovel":93,"Ninja Scroll":102,"Strawberry":8,"Bronze Scales":57,"Bag of Marbles":13,"Red Mask":38,"Ring of the Serpent":68,"Ring of the Snake":0}]},"card_choices":[{"not_picked":["Quick Slash","Poisoned Stab"],"picked":"Noxious Fumes","floor":1},{"not_picked":["Noxious Fumes","Bane"],"picked":"Deflect","floor":7},{"not_picked":["Deflect","Skewer"],"picked":"Dagger Spray","floor":10},{"not_picked":["Distraction","Quick Slash"],"picked":"Die Die Die","floor":11},{"not_picked":["Concentrate","Blade Dance"],"picked":"Bane","floor":13},{"not_picked":["Deflect","Bane"],"picked":"Setup","floor":14},{"not_picked":["Grand Finale","Envenom"],"picked":"Glass Knife","floor":16},{"not_picked":[],"picked":"Acrobatics","floor":18},{"not_picked":[],"picked":"Bouncing Flask","floor":20},{"not_picked":[],"picked":"Backflip","floor":24},{"not_picked":["Acrobatics"],"picked":"SKIP","floor":28},{"not_picked":["Choke"],"picked":"SKIP","floor":30},{"not_picked":["Underhanded Strike+1"],"picked":"SKIP","floor":31},{"not_picked":[],"picked":"Die Die Die","floor":33},{"not_picked":[],"picked":"PiercingWail","floor":35},{"not_picked":["Infinite Blades+1"],"picked":"SKIP","floor":40},{"not_picked":["Dagger Spray"],"picked":"SKIP","floor":42},{"not_picked":["Dagger Spray"],"picked":"SKIP","floor":42},{"not_picked":[],"picked":"Bandage Up","floor":46},{"not_picked":[],"picked":"Bandage Up","floor":46}],"player_experience":256845,"relics_obtained":[{"floor":9,"key":"Strawberry"},{"floor":11,"key":"Bag of Marbles"},{"floor":21,"key":"Nilry\u0027s Codex"},{"floor":22,"key":"Red Mask"},{"floor":26,"key":"Eternal Feather"},{"floor":30,"key":"Bronze Scales"},{"floor":40,"key":"White Beast Statue"},{"floor":42,"key":"Potion Belt"},{"floor":44,"key":"Ginger"},{"floor":47,"key":"Shovel"},{"floor":49,"key":"Lantern"},{"floor":52,"key":"Ninja Scroll"}],"event_choices":[{"damage_healed":0,"gold_gain":0,"player_choice":"Success","damage_taken":7,"relics_obtained":["Juzu Bracelet"],"max_hp_gain":0,"max_hp_loss":0,"event_name":"Scrap Ooze","floor":2,"gold_loss":0},{"damage_healed":0,"gold_gain":0,"player_choice":"Entered Light","damage_taken":14,"max_hp_gain":0,"max_hp_loss":0,"event_name":"Shining Light","floor":3,"gold_loss":0,"cards_upgraded":["Neutralize","Survivor"]},{"damage_healed":0,"gold_gain":75,"player_choice":"Gather Gold","damage_taken":11,"max_hp_gain":0,"max_hp_loss":0,"event_name":"World of Goop","floor":5,"gold_loss":0},{"damage_healed":0,"gold_gain":0,"player_choice":"Lose Max HP","damage_taken":0,"relics_obtained":["Golden Idol"],"max_hp_gain":0,"max_hp_loss":6,"event_name":"Golden Idol","floor":12,"gold_loss":0},{"damage_healed":0,"gold_gain":0,"player_choice":"Read","damage_taken":0,"max_hp_gain":0,"max_hp_loss":0,"event_name":"The Library","floor":19,"gold_loss":0,"cards_obtained":["Bouncing Flask"]},{"damage_healed":0,"gold_gain":0,"player_choice":"Obtained Book","damage_taken":16,"max_hp_gain":0,"max_hp_loss":0,"event_name":"Cursed Tome","floor":21,"gold_loss":0},{"damage_healed":0,"gold_gain":0,"player_choice":"Fought Bandits","damage_taken":0,"max_hp_gain":0,"max_hp_loss":0,"event_name":"Masked Bandits","floor":22,"gold_loss":0},{"damage_healed":0,"gold_gain":0,"player_choice":"Fight","damage_taken":0,"max_hp_gain":0,"max_hp_loss":0,"event_name":"Colosseum","floor":27,"gold_loss":0},{"damage_healed":0,"gold_gain":0,"player_choice":"Fled From Nobs","damage_taken":0,"max_hp_gain":0,"max_hp_loss":0,"event_name":"Colosseum","floor":27,"gold_loss":0},{"cards_removed":["Strike_G"],"damage_healed":0,"gold_gain":0,"player_choice":"Purged","damage_taken":0,"max_hp_gain":0,"max_hp_loss":0,"event_name":"Purifier","floor":37,"gold_loss":0},{"damage_healed":0,"gold_gain":0,"player_choice":"Copied","damage_taken":0,"max_hp_gain":0,"max_hp_loss":0,"event_name":"Duplicator","floor":38,"gold_loss":0,"cards_obtained":["Glass Knife"]},{"damage_healed":0,"gold_gain":333,"player_choice":"Gave Idol","damage_taken":0,"max_hp_gain":0,"max_hp_loss":0,"event_name":"The Moai Head","floor":39,"relics_lost":["Golden Idol"],"gold_loss":0},{"damage_healed":0,"gold_gain":0,"player_choice":"Fight","damage_taken":0,"max_hp_gain":0,"max_hp_loss":0,"event_name":"Mysterious Sphere","floor":44,"gold_loss":0},{"damage_healed":0,"gold_gain":0,"player_choice":"Memory 3","damage_taken":10,"max_hp_gain":0,"max_hp_loss":0,"event_name":"SensoryStone","floor":46,"gold_loss":0},{"damage_healed":0,"gold_gain":0,"player_choice":"Fight","damage_taken":0,"max_hp_gain":0,"max_hp_loss":0,"event_name":"MindBloom","floor":47,"gold_loss":0}],"is_beta":false,"boss_relics":[{"not_picked":["Snecko Eye","SlaversCollar"],"picked":"Busted Crown"},{"not_picked":["Empty Cage","SacredBark"],"picked":"Ring of the Serpent"}],"items_purged_floors":[25,48,53],"is_endless":false,"potions_floor_spawned":[7,10,13,18,22,28,31,33,40,42,44,47],"killed_by":"Shield and Spear","ascension_level":5}}