{"host":"4qin5krp9hszysdc","time":1609223889,"event":{"mods":["AchievementEnabler","BaseMod","BetterRewards","Infinite Spire","Minty Spire (QoL Compilation)","Quick Restart","StSLib"],"gold_per_floor":[110,129,143,159,170,170,195,213,213,213,229,256,181,198,198,273,273,290,290,302,312,312,312,347,17,17,52,62,62,93,93,93,168,168,185,201,213,226,226,254,254,254,254,271,281,281,307,337,349,361,373,385,14,39,39],"floor_reached":56,"playtime":4851,"items_purged":["Strike_B","Strike_B","Defend_B","Defend_B"],"score":2880,"play_id":"61826f76-8f78-4b89-9765-08ea10388999","local_time":"20201229013809","is_ascension_mode":true,"campfire_choices":[{"floor":6,"key":"REST"},{"data":"Apotheosis","floor":10,"key":"SMITH"},{"data":"Echo Form","floor":15,"key":"SMITH"},{"data":"Fission","floor":23,"key":"SMITH"},{"data":"Defragment","floor":29,"key":"SMITH"},{"data":"Seek","floor":32,"key":"SMITH"},{"floor":42,"key":"RECALL"},{"floor":49,"key":"REST"},{"floor":52,"key":"REST"}],"circlet_count":0,"master_deck":["AscendersBane","Defend_B","Defend_B","Zap","Dualcast","Loop","Cold Snap","Genetic Algorithm","Apotheosis+1","Flash of Steel","Ball Lightning","Chill","Genetic Algorithm","Capacitor","Go for the Eyes","Consume","Echo Form+1","Glacier","Fission+1","Defragment+1","RitualDagger","Hologram+1","Self Repair","Seek+1","Coolheaded","Machine Learning","Meteor Strike","Sweeping Beam+1","Barrage+1","infinitespire:Oblivion+1","Compile Driver+1","Coolheaded+1","Barrage+1"],"relics":["Cracked Core","DataDisk","infinitespire:CursedDice","Gambling Chip","ClockworkSouvenir","Bag of Preparation","OrangePellets","Oddly Smooth Stone","infinitespire:Joker Card","infinitespire:Satchel","Nuclear Battery","Cables","Bronze Scales","infinitespire:BottledMercury","StoneCalendar","Akabeko","Inserter","Molten Egg 2","Dream Catcher","MawBank","infinitespire:CheckeredPen","Dead Branch"],"acts_visited":["Exordium","TheCity","TheBeyond","TheEnding"],"potions_floor_usage":[27,30,55,55,55,55],"damage_taken":[{"damage":1,"enemies":"Jaw Worm","floor":1,"turns":3},{"damage":0,"enemies":"2 Louse","floor":2,"turns":3},{"damage":0,"enemies":"Small Slimes","floor":3,"turns":3},{"damage":5,"enemies":"3 Louse","floor":4,"turns":6},{"damage":0,"enemies":"Gremlin Gang","floor":5,"turns":6},{"damage":1,"enemies":"Lagavulin","floor":7,"turns":5},{"damage":0,"enemies":"Looter","floor":8,"turns":4},{"damage":0,"enemies":"Blue Slaver","floor":11,"turns":5},{"damage":4,"enemies":"Gremlin Nob","floor":12,"turns":3},{"damage":0,"enemies":"2 Fungi Beasts","floor":14,"turns":5},{"damage":0,"enemies":"Hexaghost","floor":16,"turns":10},{"damage":0,"enemies":"3 Byrds","floor":18,"turns":5},{"damage":0,"enemies":"Shell Parasite","floor":20,"turns":6},{"damage":0,"enemies":"Shelled Parasite and Fungi","floor":21,"turns":5},{"damage":0,"enemies":"Gremlin Leader","floor":24,"turns":8},{"damage":0,"enemies":"Slavers","floor":27,"turns":6},{"damage":0,"enemies":"Snake Plant","floor":28,"turns":4},{"damage":0,"enemies":"Book of Stabbing","floor":30,"turns":3},{"damage":0,"enemies":"Automaton","floor":33,"turns":11},{"damage":0,"enemies":"Orb Walker","floor":35,"turns":3},{"damage":0,"enemies":"3 Darklings","floor":36,"turns":5},{"damage":0,"enemies":"Maw","floor":37,"turns":5},{"damage":0,"enemies":"Jaw Worm Horde","floor":38,"turns":3},{"damage":0,"enemies":"Reptomancer","floor":40,"turns":6},{"damage":0,"enemies":"Writhing Mass","floor":44,"turns":4},{"damage":0,"enemies":"Spire Growth","floor":45,"turns":3},{"damage":0,"enemies":"Transient","floor":48,"turns":5},{"damage":0,"enemies":"Time Eater","floor":50,"turns":9},{"damage":0,"enemies":"Shield and Spear","floor":54,"turns":2},{"damage":10,"enemies":"The Heart","floor":55,"turns":7}],"seed_played":"-4629031999187177550","potions_obtained":[{"floor":1,"key":"EntropicBrew"},{"floor":2,"key":"LiquidMemories"},{"floor":27,"key":"Swift Potion"},{"floor":30,"key":"Dexterity Potion"}],"is_trial":false,"path_per_floor":["M","M","M","M","M","R","E","M","T","R","M","E","?","M","R","B",null,"M","?","M","M","?","R","E","$","T","E","M","R","E","?","R","B",null,"M","M","M","M","AVR","E","?","R","T","M","M","?","T","M","R","B",null,"R","$","E","B",null],"character_chosen":"DEFECT","items_purchased":["DataDisk","Loop","Cold Snap","Genetic Algorithm","Apotheosis","ClockworkSouvenir","Bag of Preparation","Flash of Steel","OrangePellets","Bronze Scales","Self Repair","infinitespire:CheckeredPen"],"campfire_rested":3,"item_purchase_floors":[0,0,0,0,0,0,0,0,0,25,25,53],"current_hp_per_floor":[21,21,21,16,16,37,36,36,36,36,36,32,32,32,32,32,61,61,55,55,55,55,55,55,55,55,71,71,71,71,71,71,71,71,71,71,71,71,71,71,67,67,67,71,71,61,61,71,71,71,71,71,71,71,61],"gold":39,"neow_bonus":"","is_daily":false,"chose_seed":false,"campfire_upgraded":5,"win_rate":0.0,"timestamp":1609223889,"path_taken":["M","M","M","M","M","R","E","M","T","R","M","E","?","M","R","BOSS","M","?","M","M","?","R","E","$","T","E","M","R","E","?","R","BOSS","M","M","?","M","AVR","E","?","R","T","M","?","?","?","M","R","BOSS","R","$","E","BOSS"],"items_purchased_type":["Relic","Card","Card","Card","Card","Relic","Relic","Card","Relic","Relic","Card","Relic"],"build_version":"2020-12-22","purchased_purges":4,"victory":true,"max_hp_per_floor":[71,71,71,71,71,71,71,71,71,71,71,71,71,71,71,71,71,71,71,71,71,71,71,71,71,71,71,71,71,71,71,71,71,71,71,71,71,71,71,71,71,71,71,71,71,71,71,71,71,71,71,71,71,71,71],"card_choices":[{"not_picked":["Stack","BootSequence"],"picked":"Ball Lightning","floor":1},{"not_picked":["Auto Shields","Turbo"],"picked":"Chill","floor":2},{"not_picked":["Reinforced Body","BootSequence"],"picked":"Genetic Algorithm","floor":3},{"not_picked":["Stack","Darkness"],"picked":"Capacitor","floor":4},{"not_picked":["Barrage","Cold Snap"],"picked":"Go for the Eyes","floor":5},{"not_picked":["Rip and Tear","Beam Cell"],"picked":"Consume","floor":7},{"not_picked":["Steam Power","Stack","Hello World"],"picked":"SKIP","floor":8},{"not_picked":["Stack","Turbo"],"picked":"Echo Form","floor":11},{"not_picked":["Hologram","Reinforced Body"],"picked":"Glacier","floor":12},{"not_picked":["Steam","Cold Snap","Ball Lightning"],"picked":"SKIP","floor":14},{"not_picked":["Creative AI","Echo Form"],"picked":"Fission","floor":16},{"not_picked":["Genetic Algorithm","Cold Snap"],"picked":"Defragment","floor":18},{"not_picked":["Streamline","White Noise","Rebound"],"picked":"SKIP","floor":20},{"not_picked":["Heatsinks","Storm","Beam Cell"],"picked":"SKIP","floor":21},{"not_picked":["Core Surge","Doom and Gloom"],"picked":"Hologram+1","floor":24},{"not_picked":["Barrage","Glacier"],"picked":"Seek","floor":27},{"not_picked":["Storm","Turbo","Heatsinks"],"picked":"SKIP","floor":28},{"not_picked":["Fusion","Double Energy"],"picked":"Coolheaded","floor":30},{"not_picked":["Reboot","Amplify"],"picked":"Meteor Strike","floor":33},{"not_picked":["Ball Lightning+1","Doom and Gloom+1","Redo"],"picked":"SKIP","floor":35},{"not_picked":["Steam","Conserve Battery","Sweeping Beam+1"],"picked":"SKIP","floor":36},{"not_picked":["Steam","Conserve Battery"],"picked":"Sweeping Beam+1","floor":36},{"not_picked":["Go for the Eyes","Stack","Hologram"],"picked":"SKIP","floor":37},{"not_picked":["Go for the Eyes+1","Genetic Algorithm"],"picked":"Barrage+1","floor":38},{"not_picked":["Go for the Eyes+1","Force Field","Thunder Strike+1"],"picked":"SKIP","floor":40},{"not_picked":["Cold Snap+1","Compile Driver+1","Double Energy"],"picked":"SKIP","floor":44},{"not_picked":["Redo","Coolheaded+1","Consume"],"picked":"SKIP","floor":45},{"not_picked":["Chill","Ball Lightning+1"],"picked":"Compile Driver+1","floor":48},{"not_picked":["Glacier+1","Hologram"],"picked":"Coolheaded+1","floor":49},{"not_picked":["Coolheaded","Genetic Algorithm"],"picked":"Barrage+1","floor":52},{"not_picked":["Go for the Eyes+1","Gash+1","Streamline+1"],"picked":"SKIP","floor":54}],"player_experience":2738548,"relics_obtained":[{"floor":7,"key":"Oddly Smooth Stone"},{"floor":9,"key":"infinitespire:Joker Card"},{"floor":12,"key":"infinitespire:Satchel"},{"floor":24,"key":"Cables"},{"floor":26,"key":"infinitespire:BottledMercury"},{"floor":27,"key":"StoneCalendar"},{"floor":30,"key":"Akabeko"},{"floor":40,"key":"Dream Catcher"},{"floor":47,"key":"MawBank"},{"floor":54,"key":"Dead Branch"}],"event_choices":[{"cards_removed":["Strike_B"],"damage_healed":0,"gold_gain":0,"player_choice":"Card Removal","damage_taken":0,"max_hp_gain":0,"max_hp_loss":0,"event_name":"The Cleric","floor":13,"gold_loss":75},{"damage_healed":0,"gold_gain":0,"player_choice":"Joined the Cult","damage_taken":6,"max_hp_gain":0,"max_hp_loss":0,"event_name":"Nest","floor":19,"gold_loss":0,"cards_obtained":["RitualDagger"]},{"damage_healed":0,"gold_gain":0,"player_choice":"Ignored","damage_taken":0,"max_hp_gain":0,"max_hp_loss":0,"event_name":"Vampires","floor":22,"gold_loss":0},{"damage_healed":0,"gold_gain":0,"cards_transformed":["Strike_B"],"player_choice":"Transformed","damage_taken":0,"max_hp_gain":0,"max_hp_loss":0,"event_name":"Transmorgrifier","floor":31,"gold_loss":0,"cards_obtained":["Machine Learning"]},{"damage_healed":0,"gold_gain":0,"player_choice":"Bought 0 Potions","damage_taken":0,"max_hp_gain":0,"max_hp_loss":0,"event_name":"The Woman in Blue","floor":41,"gold_loss":0},{"damage_healed":0,"gold_gain":0,"player_choice":"Memory 3","damage_taken":10,"max_hp_gain":0,"max_hp_loss":0,"event_name":"SensoryStone","floor":46,"gold_loss":0}],"is_beta":false,"boss_relics":[{"not_picked":["Calling Bell","infinitespire:Cupcake"],"picked":"Nuclear Battery"},{"not_picked":["Velvet Choker","Runic Dome"],"picked":"Inserter"}],"items_purged_floors":[0,25,39,53],"is_endless":false,"potions_floor_spawned":[1,2,5,16,18,24,27,28,30,40,44,45],"ascension_level":15}}