{"host":"fhujvjnj99vjue08","time":1609284670,"event":{"mods":["2.2 Compatiblity","AchievementEnabler","Aspiration","Astrologer","BaseMod","Beaked The Cultist","BetterRewards","CatGirl Mod","Colored Map","Colored Powertips","Conjunction","Conspire","Custom Start","Downfall","Friendly Minions","GifTheSpireLib","Googly Eyes","Halation","Highlight Path","Hubris","Hyrulean Relics","Infinite Spire","Magitek Elite","Mimic Mod","Minty Spire (QoL Compilation)","Replay The Spire","Reworked Bosses","Shop Mod","StSLib","Strawberry Spire","Stuff the Spire","The Bug Knight","The Factory","The Gatherer","The Jungle","The Servant 0.9.4","TheBandit","TheFirefly","egg","thorton","vexMod"],"gold_per_floor":[99,116,133,133,146,161,161,194,44,44,68,68,91,199,233,337,337,262,297,323,92,119,119,119,164,164,197,223,270,270,270,270,270],"floor_reached":31,"playtime":2607,"items_purged":["hubris:Lust","hexamod:Strike"],"score":397,"play_id":"bd5e0a0c-3862-4cce-81a6-f2bfff0d5585","local_time":"20201229233110","is_ascension_mode":false,"campfire_choices":[{"floor":1,"key":"RECALL"},{"floor":9,"key":"REST"},{"data":"StuffTheSpire:CelestialWarden","floor":12,"key":"SMITH"},{"data":"hexamod:FastForward","floor":18,"key":"SMITH"}],"circlet_count":0,"master_deck":["hexamod:Strike","hexamod:Strike","hexamod:Strike","hexamod:Defend","hexamod:Defend","hexamod:Defend+1","hexamod:Defend","hexamod:Sear","hexamod:Float","hexamod:EtherealExpedition","hexamod:InspiringFlames+1","StuffTheSpire:CelestialWarden+1","hexamod:VolcanoVisage","hexamod:SecondSeal","hexamod:FastForward","hexamod:PhantomFireball","hexamod:GhostflameBarrier","hexamod:HexaLevel+1","hexamod:SecondSeal","hexamod:FastForward+1","hexamod:Sear","expansioncontent:AwakenDeath","hexamod:BurningTouch","hexamod:Hexaguard","hexamod:VolcanoVisage","hexamod:FastForward+1","hexamod:NightmareStrike+1","hexamod:StepThrough","hexamod:CatchUp","hexamod:HauntingEcho+1","hexamod:FifthSeal","hexamod:SixthSeal","hexamod:ThirdSeal","hexamod:GhostOfSpirePresent","hexamod:EtherealExpedition+1","infinitespire:Starlight+1","hexamod:FirstSeal","infinitespire:SealOfDarkness+"],"relics":["hexamod:SpiritBrand","strawberrySpire:Treaders","downfall:HeartBlessingRed","downfall:HeartBlessingGreen","Pantograph","downfall:GremlinSack","strawberrySpire:SolarisEssence","downfall:HeartBlessingBlue","theJungle:WildMango","ReplayTheSpireMod:TigerMarble","Pear","hubris:Towel","halation:LettersToHer","StuffTheSpire:OldFever","vexMod:PaidLearning","StuffTheSpire:Kangaroo"],"acts_visited":["Exordium","Exordium"],"potions_floor_usage":[8,8,13,14,22],"damage_taken":[{"damage":6,"enemies":"Small Slimes","floor":2,"turns":3},{"damage":0,"enemies":"Jaw Worm","floor":3,"turns":4},{"damage":0,"enemies":"Cultist","floor":5,"turns":4},{"damage":0,"enemies":"Blue Slaver","floor":6,"turns":3},{"damage":53,"enemies":"Gremlin Nob","floor":8,"turns":6},{"damage":12,"enemies":"Lots of Slimes","floor":11,"turns":4},{"damage":0,"enemies":"3 Louse","floor":13,"turns":4},{"damage":8,"enemies":"3 Louse","floor":14,"turns":6},{"damage":13,"enemies":"Blue Slaver","floor":15,"turns":6},{"damage":11,"enemies":"downfall:Watcher","floor":16,"turns":12},{"damage":6,"enemies":"theJungle:Flameango_and_Byrd","floor":19,"turns":7},{"damage":0,"enemies":"theJungle:5_Spyders","floor":20,"turns":9},{"damage":7,"enemies":"downfall:FleeingMerchant","floor":21,"turns":4},{"damage":0,"enemies":"theJungle:SlimyTreeVines","floor":22,"turns":7},{"damage":0,"enemies":"theJungle:2_Phrogs","floor":25,"turns":6},{"damage":25,"enemies":"theJungle:Cassacara","floor":27,"turns":8},{"damage":30,"enemies":"theJungle:2_Snecko_Cultists","floor":28,"turns":5},{"damage":23,"enemies":"Nightmare","floor":29,"turns":11},{"damage":22,"enemies":"theJungle:Cassacara","floor":31,"turns":5}],"seed_played":"-2046876423649648933","potions_obtained":[{"floor":3,"key":"champ:CounterPotion"},{"floor":5,"key":"DistilledChaos"},{"floor":11,"key":"Adrenaline Potion"},{"floor":13,"key":"LifebloodPotion"},{"floor":20,"key":"Block Potion"},{"floor":28,"key":"DuplicationPotion"}],"is_trial":false,"path_per_floor":["R","M","M","?","M","M","T","E","R","T","M","R","M","?","M","B",null,"R","M","M","$","M","?","T","E","?","E","M","NM","AVR","E"],"character_chosen":"THE_SPIRIT","items_purchased":["hexamod:StepThrough","hexamod:CatchUp"],"campfire_rested":1,"item_purchase_floors":[21,21],"current_hp_per_floor":[70,64,64,64,64,64,64,11,32,32,20,20,20,12,10,24,70,80,74,74,67,73,87,87,97,97,72,42,19,19,0,0,0],"gold":270,"neow_bonus":"RANDOM_COMMON_RELIC","is_daily":false,"chose_seed":false,"campfire_upgraded":2,"win_rate":0.0,"timestamp":1609284670,"path_taken":["R","M","M","?","M","M","T","E","R","?","M","R","?","?","M","BOSS","R","M","?","$","M","?","T","E","?","E","M","NM","AVR","E"],"items_purchased_type":["Card","Card"],"build_version":"2020-12-22","purchased_purges":2,"victory":false,"max_hp_per_floor":[70,70,70,70,70,70,70,70,70,70,70,70,70,70,70,70,70,80,80,80,80,80,94,94,104,104,104,104,104,104,104,104,104],"card_choices":[{"not_picked":["hexamod:FourthSeal","hexamod:BacktrackSmack"],"picked":"hexamod:EtherealExpedition","floor":2},{"not_picked":["hexamod:NightmareGuise","hexamod:SpectralAdrenaline"],"picked":"hexamod:InspiringFlames","floor":3},{"not_picked":["StuffTheSpire:Rapture","StuffTheSpire:Harmony"],"picked":"StuffTheSpire:CelestialWarden","floor":4},{"not_picked":["hexamod:ThermalTransfer","hexamod:GhostShield"],"picked":"hexamod:VolcanoVisage","floor":5},{"not_picked":["hexamod:InspiringFlames","hexamod:RainOfEmbers"],"picked":"hexamod:SecondSeal","floor":6},{"not_picked":["hexamod:HeatCrush","hexamod:TimeOfNeed"],"picked":"hexamod:FastForward","floor":8},{"not_picked":["hexamod:SkipABeat","hexamod:ShieldOfDarkness"],"picked":"hexamod:PhantomFireball","floor":11},{"not_picked":["hexamod:Hexaguard","hexamod:RainOfEmbers"],"picked":"hexamod:GhostflameBarrier","floor":13},{"not_picked":["hexamod:GhostLash","hexamod:Firestarter"],"picked":"hexamod:BurningTouch","floor":14},{"not_picked":["hexamod:GhostShield","hexamod:SecondSeal"],"picked":"hexamod:Hexaguard","floor":15},{"not_picked":["hexamod:TurnItUp","hexamod:GhostflameInferno"],"picked":"hexamod:VolcanoVisage","floor":16},{"not_picked":["hexamod:Firestarter","hexamod:ThermalTransfer","hexamod:EtherealExpedition"],"picked":"SKIP","floor":19},{"not_picked":["hexamod:BacktrackSmack","hexamod:RainOfEmbers"],"picked":"hexamod:FastForward+1","floor":20},{"not_picked":["hexamod:BacktrackSmack","hexamod:Rewind+1"],"picked":"hexamod:NightmareStrike+1","floor":21},{"not_picked":["hexamod:RetreatToShadows","hexamod:PhantomFireball"],"picked":"hexamod:HauntingEcho+1","floor":22},{"not_picked":["hexamod:GhostOfSpireFuture+1","hexamod:AdvancingGuard+1"],"picked":"hexamod:FifthSeal","floor":25},{"not_picked":["hexamod:FourthSeal","hexamod:FirstSeal"],"picked":"hexamod:SixthSeal","floor":27},{"not_picked":["hexamod:Hexaguard+1","hexamod:GhostLash"],"picked":"hexamod:ThirdSeal","floor":27},{"not_picked":["hexamod:Again","hexamod:Incineration+1"],"picked":"hexamod:GhostOfSpirePresent","floor":28},{"not_picked":["hexamod:RetreatToShadows","hexamod:GhostShield","hexamod:EtherealExpedition"],"picked":"SKIP","floor":28},{"not_picked":["hexamod:Incineration","hexamod:GhostOfSpireFuture"],"picked":"hexamod:EtherealExpedition+1","floor":29},{"not_picked":["infinitespire:FutureSight","ReplayTheSpireMod:Chaos Vortex"],"picked":"infinitespire:Starlight","floor":29},{"not_picked":["hexamod:HeatShield","hexamod:NightmareGuise"],"picked":"hexamod:FirstSeal","floor":29}],"player_experience":316018,"relics_obtained":[{"floor":8,"key":"strawberrySpire:Treaders"},{"floor":10,"key":"Pantograph"},{"floor":14,"key":"downfall:GremlinSack"},{"floor":24,"key":"ReplayTheSpireMod:TigerMarble"},{"floor":25,"key":"Pear"},{"floor":27,"key":"halation:LettersToHer"},{"floor":29,"key":"StuffTheSpire:OldFever"}],"event_choices":[],"is_beta":false,"boss_relics":[{"not_picked":["Sozu","beaked:MawFillet"],"picked":"strawberrySpire:SolarisEssence"}],"items_purged_floors":[21,30],"is_endless":false,"potions_floor_spawned":[3,5,11,13,20,28],"killed_by":"theJungle:Cassacara","ascension_level":0}}