{"host":"4tnjxquzd1sn7hrw","time":1609232540,"event":{"mods":["BaseMod","Colored Map","Downfall","Hubris","Minty Spire (QoL Compilation)","Quick Restart","StSLib"],"gold_per_floor":[99,114,114,155,170,170,242,256,285,295,220,43,54,84,102,205,205,205,217,217,217,236,236,236,236,236,246,266,266,191,214,230,330,330,330,362,362,382,401,401,401,414,432,465,475,525,525,625,640,640],"floor_reached":51,"playtime":4530,"items_purged":[],"score":743,"play_id":"843bcc2e-870a-4f1b-9471-4112ac20e646","local_time":"20201229180220","is_ascension_mode":false,"campfire_choices":[{"data":"sneckomod:Unknown3Cost","floor":1,"key":"SMITH"},{"floor":6,"key":"RECALL"},{"data":"sneckomod:UnknownRarePower","floor":11,"key":"SMITH"},{"data":"sneckomod:UnknownRareSkill","floor":18,"key":"SMITH"},{"data":"sneckomod:RainOfDice","floor":23,"key":"SMITH"},{"data":"sneckomod:Restock","floor":25,"key":"SMITH"},{"data":"sneckomod:QuickBite","floor":30,"key":"SMITH"},{"data":"sneckomod:UnlimitedRolls","floor":35,"key":"SMITH"},{"data":"sneckomod:UnknownClassSLIMEBOUND","floor":40,"key":"SMITH"},{"data":"sneckomod:MasterEye","floor":47,"key":"SMITH"}],"circlet_count":0,"master_deck":["sneckomod:TailWhip","sneckomod:SnekBite+1","sneckomod:Unknown","sneckomod:Unknown","sneckomod:Unknown3Cost+1","sneckomod:Nope+1","sneckomod:UnknownBlock","sneckomod:UnknownRarePower+1","sneckomod:UnknownStrike","sneckomod:UnknownVulnerable","sneckomod:UnknownClassRED","sneckomod:Restock+1","sneckomod:Unknown0Cost","sneckomod:UnknownExhaust","sneckomod:QuickBite+1","sneckomod:UnknownClassSLIMEBOUND+1","sneckomod:Unknown1Cost","sneckomod:Unknown2Cost","sneckomod:UnknownRareSkill+1","sneckomod:ImprovisedAttack","sneckomod:DiceCrush","sneckomod:RainOfDice+1","sneckomod:ImprovisedAttack+1","sneckomod:SerpentIdol+1","sneckomod:Unknown1Cost+1","sneckomod:UnknownClassHEXA_GHOST_PURPLE+1","sneckomod:UnknownColorless+1","sneckomod:UnknownClassSLIMEBOUND+1","sneckomod:Unknown1Cost+1","sneckomod:RainOfDice+1","sneckomod:UnlimitedRolls+1","sneckomod:SoulDraw+1","sneckomod:Unknown1Cost+1","sneckomod:UnknownRareSkill+1","sneckomod:Unknown2Cost+1","sneckomod:RainOfDice+1","sneckomod:Unknown0Cost+1","sneckomod:UnknownBlock+1","sneckomod:MasterEye+1","sneckomod:DiceBlock+1"],"relics":["sneckomod:SneckoSoul","Gremlin Horn","Omamori","downfall:HeartBlessingRed","Singing Bowl","hubris:VirtuousBlindfold","hubris:Towel","Toxic Egg 2","downfall:HeartBlessingBlue","hubris:SlimyHat","Runic Dome","Shuriken","Bag of Marbles","hubris:CuriousFeather"],"acts_visited":["Exordium","TheCity","TheBeyond"],"potions_floor_usage":[9,13,33,43,46,50],"damage_taken":[{"damage":0,"enemies":"Small Slimes","floor":2,"turns":2},{"damage":4,"enemies":"Cultist","floor":4,"turns":3},{"damage":1,"enemies":"2 Louse","floor":5,"turns":3},{"damage":11,"enemies":"Exordium Wildlife","floor":8,"turns":4},{"damage":21,"enemies":"Lagavulin","floor":9,"turns":7},{"damage":5,"enemies":"Exordium Thugs","floor":10,"turns":2},{"damage":0,"enemies":"downfall:FleeingMerchant","floor":12,"turns":4},{"damage":0,"enemies":"Blue Slaver","floor":13,"turns":1},{"damage":8,"enemies":"3 Sentries","floor":14,"turns":6},{"damage":4,"enemies":"Exordium Thugs","floor":15,"turns":2},{"damage":9,"enemies":"downfall:Ironclad","floor":16,"turns":4},{"damage":0,"enemies":"Chosen","floor":19,"turns":4},{"damage":24,"enemies":"3 Cultists","floor":22,"turns":4},{"damage":6,"enemies":"Cultist and Chosen","floor":27,"turns":4},{"damage":4,"enemies":"Snake Plant","floor":28,"turns":2},{"damage":0,"enemies":"Sentry and Sphere","floor":32,"turns":3},{"damage":67,"enemies":"downfall:Watcher","floor":33,"turns":5},{"damage":19,"enemies":"Orb Walker","floor":36,"turns":3},{"damage":3,"enemies":"3 Shapes","floor":38,"turns":2},{"damage":19,"enemies":"Spire Growth","floor":39,"turns":3},{"damage":7,"enemies":"Maw","floor":42,"turns":5},{"damage":22,"enemies":"Writhing Mass","floor":43,"turns":4},{"damage":25,"enemies":"Nemesis","floor":44,"turns":5},{"damage":7,"enemies":"Sphere and 2 Shapes","floor":45,"turns":3},{"damage":0,"enemies":"Mind Bloom Boss Battle","floor":46,"turns":3},{"damage":5,"enemies":"Maw","floor":49,"turns":4},{"damage":7,"enemies":"downfall:Defect","floor":50,"turns":3}],"seed_played":"-4276098118693798158","potions_obtained":[{"floor":2,"key":"DistilledChaos"},{"floor":4,"key":"Explosive Potion"},{"floor":13,"key":"LiquidMemories"},{"floor":16,"key":"Dexterity Potion"},{"floor":19,"key":"Swift Potion"},{"floor":28,"key":"PowerPotion"},{"floor":36,"key":"PowerPotion"}],"is_trial":false,"path_per_floor":["R","M","?","M","M","R","T","M","E","M","R","$","M","E","M","B",null,"R","M","?","?","M","R","T","R","T","M","M","?","R","T","M","B",null,"R","M","?","M","M","R","T","M","M","E","M","?","R","?","M","B",null],"character_chosen":"THE_SNECKO","items_purchased":["sneckomod:Unknown0Cost","sneckomod:UnknownExhaust","sneckomod:QuickBite"],"campfire_rested":0,"item_purchase_floors":[12,12,12],"current_hp_per_floor":[91,91,91,88,88,88,88,78,58,54,54,56,57,50,47,39,102,102,102,102,102,78,78,78,78,78,72,72,77,87,87,87,47,117,117,98,98,96,78,78,78,76,66,42,36,36,36,36,31,24],"gold":640,"neow_bonus":"TRANSFORM_CARD","is_daily":false,"chose_seed":false,"campfire_upgraded":9,"win_rate":0.0,"timestamp":1609232540,"path_taken":["R","M","?","?","M","R","T","M","E","M","R","$","M","E","M","BOSS","R","M","?","?","?","R","T","R","?","M","M","?","R","?","M","BOSS","R","M","?","M","?","R","T","M","M","E","?","?","R","?","M","BOSS"],"items_purchased_type":["Card","Card","Card"],"build_version":"2020-12-22","purchased_purges":0,"victory":true,"max_hp_per_floor":[91,91,91,92,93,93,93,94,95,96,96,98,99,100,101,102,102,102,102,102,102,102,102,102,102,102,102,102,107,117,117,117,117,117,117,117,117,118,119,119,119,120,120,121,122,122,122,122,122,122],"card_choices":[{"not_picked":["sneckomod:DiceCrush","sneckomod:IronFang"],"picked":"sneckomod:Nope","floor":2},{"not_picked":["sneckomod:IronFang","sneckomod:UnknownClassBLUE"],"picked":"sneckomod:UnknownBlock","floor":4},{"not_picked":["sneckomod:Unknown1Cost","sneckomod:UnknownVulnerable"],"picked":"sneckomod:UnknownRarePower","floor":5},{"not_picked":["sneckomod:QuickBite","sneckomod:DiceCrush"],"picked":"sneckomod:UnknownStrike","floor":8},{"not_picked":["sneckomod:UnknownClassBLUE","sneckomod:MasterEye"],"picked":"sneckomod:UnknownVulnerable","floor":9},{"not_picked":["sneckomod:DiceBoulder","sneckomod:UnknownCommonAttack"],"picked":"sneckomod:UnknownClassRED","floor":10},{"not_picked":["sneckomod:IronFang","sneckomod:Unknown1Cost"],"picked":"sneckomod:Restock","floor":12},{"not_picked":["sneckomod:UnknownClassTHE_CHAMP_GRAY","sneckomod:Nope"],"picked":"sneckomod:UnknownClassSLIMEBOUND","floor":13},{"not_picked":["sneckomod:WideSting","sneckomod:UnknownWeak"],"picked":"sneckomod:Unknown1Cost","floor":14},{"not_picked":["sneckomod:SnekBeam","sneckomod:UnknownCommonSkill"],"picked":"sneckomod:Unknown2Cost","floor":15},{"not_picked":["sneckomod:UnlimitedRolls","sneckomod:Mudshield"],"picked":"sneckomod:UnknownRareSkill","floor":16},{"not_picked":["sneckomod:UnknownCommonSkill","sneckomod:UnknownWeak"],"picked":"sneckomod:ImprovisedAttack","floor":19},{"not_picked":["sneckomod:ImprovisedGuard","sneckomod:UnknownUncommonAttack"],"picked":"sneckomod:RainOfDice","floor":22},{"not_picked":["sneckomod:UnknownClassHEXA_GHOST_PURPLE+1","sneckomod:UnknownClassTHE_CHAMP_GRAY+1"],"picked":"sneckomod:ImprovisedAttack+1","floor":27},{"not_picked":["sneckomod:QuickBite","sneckomod:UnknownX+1"],"picked":"sneckomod:SerpentIdol+1","floor":28},{"not_picked":["sneckomod:DiceCrush+1","sneckomod:UnknownClassHEXA_GHOST_PURPLE+1"],"picked":"sneckomod:RainOfDice+1","floor":32},{"not_picked":["sneckomod:Restock+1","sneckomod:DangerNoodle"],"picked":"sneckomod:UnlimitedRolls","floor":33},{"not_picked":["sneckomod:DiceBoulder+1","sneckomod:UnknownClassGREEN+1"],"picked":"sneckomod:SoulDraw+1","floor":36},{"not_picked":["sneckomod:UnknownStrike+1","sneckomod:DiceBlock+1"],"picked":"sneckomod:Unknown1Cost+1","floor":38},{"not_picked":["sneckomod:WideSting","sneckomod:UnknownBlock+1"],"picked":"sneckomod:UnknownRareSkill+1","floor":39},{"not_picked":["sneckomod:UnknownClassPURPLE+1","sneckomod:DiceCrush"],"picked":"sneckomod:Unknown2Cost+1","floor":42},{"not_picked":["sneckomod:UnknownStrike","sneckomod:UnknownRareSkill+1"],"picked":"sneckomod:RainOfDice+1","floor":43},{"not_picked":["sneckomod:DiceCrush","sneckomod:IronFang"],"picked":"sneckomod:Unknown0Cost+1","floor":44},{"not_picked":["sneckomod:SlitherStrike+1","sneckomod:QuickMove+1"],"picked":"sneckomod:UnknownBlock+1","floor":45},{"not_picked":["sneckomod:ImprovisedGuard+1","sneckomod:RainOfDice+1"],"picked":"sneckomod:MasterEye","floor":46},{"not_picked":["sneckomod:DiceBoulder+1","sneckomod:SoulRoll+1"],"picked":"sneckomod:DiceBlock+1","floor":49}],"player_experience":524306,"relics_obtained":[{"floor":7,"key":"Gremlin Horn"},{"floor":9,"key":"Omamori"},{"floor":14,"key":"Singing Bowl"},{"floor":24,"key":"Toxic Egg 2"},{"floor":31,"key":"hubris:SlimyHat"},{"floor":41,"key":"Shuriken"},{"floor":44,"key":"Bag of Marbles"},{"floor":46,"key":"hubris:CuriousFeather"}],"event_choices":[{"damage_healed":0,"gold_gain":0,"player_choice":"Forge","damage_taken":0,"max_hp_gain":0,"max_hp_loss":0,"event_name":"Accursed Blacksmith","floor":3,"gold_loss":0,"cards_upgraded":["sneckomod:Nope"]},{"damage_healed":0,"gold_gain":0,"player_choice":"Read","damage_taken":0,"max_hp_gain":0,"max_hp_loss":0,"event_name":"The Library","floor":20,"gold_loss":0,"cards_obtained":["sneckomod:DiceCrush"]},{"damage_healed":0,"gold_gain":0,"player_choice":"Upgraded","damage_taken":0,"max_hp_gain":0,"max_hp_loss":0,"event_name":"Upgrade Shrine","floor":37,"gold_loss":0,"cards_upgraded":["sneckomod:SnekBite"]}],"is_beta":false,"boss_relics":[{"not_picked":["hubris:HollowSoul","Fusion Hammer"],"picked":"hubris:VirtuousBlindfold"},{"not_picked":["expansioncontent:StudyCardRelic","SacredBark"],"picked":"Runic Dome"}],"items_purged_floors":[],"is_endless":false,"potions_floor_spawned":[2,4,13,16,19,28,36,42],"ascension_level":0}}