{"host":"Shugu","time":1609252697,"event":{"mods":["BaseMod","Colored Powertips","Marisa£®ÏF”Í°°ƒß¿Ì…≥£©","Minty Spire (QoL Compilation)"],"gold_per_floor":[112,123,48,48,65,65,91,91,91,122,134,134,134,134,134,254,254,272,287,31,71,71,71,84,84,84,105,105,146,77,111,111,250,250,273,273,294,627,260,288,304,304,304,337,337,145,171,209,209,209,209,209,39,73,73],"floor_reached":56,"playtime":4215,"items_purged":["Strike_MRS","Injury"],"score":1489,"play_id":"214779cc-2edf-4ed8-99e7-2acf44135bc5","local_time":"20201229223816","is_ascension_mode":true,"campfire_choices":[{"data":"CasketOfStar","floor":6.0,"key":"SMITH"},{"data":"MilkyWay","floor":8.0,"key":"SMITH"},{"data":"SporeBomb","floor":15.0,"key":"SMITH"},{"data":"CasketOfStar","floor":23.0,"key":"SMITH"},{"data":"RitualDagger","floor":25.0,"key":"SMITH"},{"floor":28.0,"key":"REST"},{"floor":32.0,"key":"RECALL"},{"floor":42,"key":"REST"},{"floor":49,"key":"REST"},{"data":"PowerUp","floor":52,"key":"SMITH"}],"circlet_count":0,"master_deck":["Defend_MRS","Defend_MRS","Defend_MRS","CasketOfStar+1","MilkyWay+1","SporeBomb+1","CasketOfStar+1","Acceleration+1","UltimateShortwave+1","DeepEcoloBomb+1","PropBag+1","RitualDagger+1","PowerUp+1","SuperPerseids","SatelliteIllusion","PowerUp+1","Deep Breath","AsteroidBelt","PowerUp+1","MagicAbsorber+1","PropBag"],"relics":["MiniHakkero","Mummified Hand","Kunai","HandmadeGrimoire","Astrolabe","TheAbacus","Red Mask","CeramicFish","Blue Candle","Bag of Preparation","Vajra","Bottled Lightning","Orichalcum","Bottled Tornado","Nunchaku","HornCleat","Ice Cream"],"acts_visited":["Exordium","TheCity","TheBeyond","TheEnding"],"potions_floor_usage":[41,44,50,50,54,55],"damage_taken":[{"damage":4.0,"enemies":"2 Louse","floor":1.0,"turns":3.0},{"damage":7.0,"enemies":"Jaw Worm","floor":2.0,"turns":3.0},{"damage":0.0,"enemies":"Small Slimes","floor":5.0,"turns":3.0},{"damage":17.0,"enemies":"3 Sentries","floor":7.0,"turns":7.0},{"damage":16.0,"enemies":"Gremlin Nob","floor":10.0,"turns":4.0},{"damage":13.0,"enemies":"Exordium Wildlife","floor":11.0,"turns":3.0},{"damage":14.0,"enemies":"The Guardian","floor":16.0,"turns":9.0},{"damage":2.0,"enemies":"2 Thieves","floor":18.0,"turns":3.0},{"damage":19.0,"enemies":"Spheric Guardian","floor":19.0,"turns":4.0},{"damage":12.0,"enemies":"Masked Bandits","floor":21.0,"turns":4.0},{"damage":7.0,"enemies":"3 Cultists","floor":24.0,"turns":4.0},{"damage":6.0,"enemies":"Chosen and Byrds","floor":27.0,"turns":3.0},{"damage":10.0,"enemies":"Gremlin Leader","floor":29.0,"turns":6.0},{"damage":6.0,"enemies":"Slavers","floor":31.0,"turns":3.0},{"damage":0.0,"enemies":"Champ","floor":33.0,"turns":7.0},{"damage":0,"enemies":"Orb Walker","floor":35,"turns":2},{"damage":7,"enemies":"3 Shapes","floor":37,"turns":3},{"damage":37,"enemies":"Nemesis","floor":40,"turns":5},{"damage":15,"enemies":"Spire Growth","floor":41,"turns":4},{"damage":3,"enemies":"Giant Head","floor":44,"turns":3},{"damage":0,"enemies":"Transient","floor":47,"turns":5},{"damage":0,"enemies":"Nemesis","floor":48,"turns":5},{"damage":52,"enemies":"Time Eater","floor":50,"turns":8},{"damage":0,"enemies":"Shield and Spear","floor":54,"turns":3},{"damage":40,"enemies":"The Heart","floor":55,"turns":3}],"seed_played":"2990389859126945069","potions_obtained":[{"floor":1.0,"key":"Ancient Potion"},{"floor":2.0,"key":"DistilledChaos"},{"floor":10.0,"key":"ColorlessPotion"},{"floor":18.0,"key":"SteroidPotion"},{"floor":29.0,"key":"DistilledChaos"},{"floor":31.0,"key":"FearPotion"},{"floor":33.0,"key":"ShroomBrew"},{"floor":45,"key":"SmokeBomb"},{"floor":45,"key":"Block Potion"},{"floor":47,"key":"ShroomBrew"}],"is_trial":false,"path_per_floor":["M","M","$","?","M","R","E","R","T","E","M","?","?","?","R","B",null,"M","M","$","?","?","R","M","R","T","M","R","E","$","E","R","B",null,"M","?","M","?","$","E","M","R","T","E","?","$","M","E","R","B",null,"R","$","E","B",null],"character_chosen":"MARISA","items_purchased":["TheAbacus","SuperPerseids","Deep Breath","Bag of Preparation","Vajra","Nunchaku","AsteroidBelt","PropBag","Block Potion","Strength Potion"],"campfire_rested":3,"item_purchase_floors":[20,30,39,39,39,46,46,53,53,53],"current_hp_per_floor":[71,64,64,57,57,57,40,40,40,24,11,16,16,16,16,2,80,78,59,59,47,41,41,34,34,34,28,52,42,42,36,36,36,80,80,76,69,69,69,32,17,39,39,36,36,36,36,36,58,6,76,76,76,76,36],"gold":73,"neow_bonus":"TRANSFORM_CARD","is_daily":false,"chose_seed":false,"campfire_upgraded":6,"win_rate":0.0,"timestamp":1609252696,"path_taken":["M","M","$","?","M","R","E","R","T","E","M","?","?","?","R","BOSS","M","M","$","?","?","R","M","R","T","M","R","E","$","E","R","BOSS","M","?","M","?","$","E","M","R","T","E","?","$","M","E","R","BOSS","R","$","E","BOSS"],"items_purchased_type":["Relic","Card","Card","Relic","Relic","Relic","Card","Card","Potion","Potion"],"build_version":"2020-12-18","purchased_purges":2,"victory":true,"max_hp_per_floor":[75,75,75,75,75,75,75,75,75,75,75,80,80,80,80,80,80,80,80,80,80,80,80,80,80,80,80,80,80,80,80,80,80,80,80,76,76,76,76,76,76,76,76,76,76,76,76,76,76,76,76,76,76,76,76],"card_choices":[{"not_picked":["GasGiant","GrandCross","Acceleration"],"picked":"SKIP","floor":1.0},{"not_picked":["UnstableBomb","DC","AlicesGift"],"picked":"SKIP","floor":2.0},{"not_picked":["LuminesStrike","MagicAbsorber"],"picked":"MilkyWay","floor":5.0},{"not_picked":["DeepEcoloBomb","DarkSpark","BlazeAway"],"picked":"SKIP","floor":7.0},{"not_picked":["ManaRampage","GalacticHalo","OpenUniverse"],"picked":"SKIP","floor":10.0},{"not_picked":["GravityBeat","ShootingEcho"],"picked":"SporeBomb","floor":11.0},{"not_picked":["JA","UltimateShortwave"],"picked":"CasketOfStar","floor":16.0},{"not_picked":["GrandCross+1","GravityBeat","DC"],"picked":"SKIP","floor":18.0},{"not_picked":["6A","Acceleration+1","OpenUniverse+1"],"picked":"SKIP","floor":19.0},{"not_picked":["PowerUp+1","UnstableBomb"],"picked":"PropBag+1","floor":21.0},{"not_picked":["GalacticHalo","GravityBeat+1"],"picked":"PowerUp+1","floor":24.0},{"not_picked":["UltimateShortwave","GravityBeat","GalacticHalo+1"],"picked":"SKIP","floor":27.0},{"not_picked":["MysteriousBeam","GravityBeat","DC"],"picked":"SKIP","floor":29.0},{"not_picked":["EnergyFlow","MagicChant+1","WitchLeyline"],"picked":"SKIP","floor":31.0},{"not_picked":["CasketOfStar","MillisecondPulsars"],"picked":"SatelliteIllusion","floor":33.0},{"not_picked":["LuminesStrike","Acceleration+1"],"picked":"PowerUp","floor":35},{"not_picked":["SporeBomb","WitchOfGreed+1","6A+1"],"picked":"SKIP","floor":37},{"not_picked":["GasGiant","CasketOfStar","MysteriousBeam+1"],"picked":"SKIP","floor":40},{"not_picked":["AlicesGift","ChargingUp","MeteoricShower"],"picked":"SKIP","floor":41},{"not_picked":["StarlightTyphoon+1","NonDirectionalLaser+1","GalacticHalo+1"],"picked":"SKIP","floor":44},{"not_picked":["WitchLeyline","LuminesStrike+1"],"picked":"PowerUp+1","floor":47},{"not_picked":["6A+1","OrrerysSun"],"picked":"MagicAbsorber+1","floor":48},{"not_picked":["WitchOfGreed+1","6A+1","StarDustReverie"],"picked":"SKIP","floor":54}],"player_experience":388684,"relics_obtained":[{"floor":7.0,"key":"Mummified Hand"},{"floor":9.0,"key":"Kunai"},{"floor":10.0,"key":"HandmadeGrimoire"},{"floor":21.0,"key":"Red Mask"},{"floor":29.0,"key":"CeramicFish"},{"floor":31.0,"key":"Blue Candle"},{"floor":40,"key":"Bottled Lightning"},{"floor":43,"key":"Orichalcum"},{"floor":44,"key":"Bottled Tornado"},{"floor":48,"key":"HornCleat"},{"floor":54,"key":"Ice Cream"}],"event_choices":[{"cards_removed":["Strike_MRS"],"damage_healed":0.0,"max_hp_gain":0.0,"max_hp_loss":0.0,"gold_gain":0.0,"event_name":"Golden Wing","player_choice":"Card Removal","floor":4.0,"gold_loss":0.0,"damage_taken":7.0},{"damage_healed":0.0,"max_hp_gain":5.0,"max_hp_loss":0.0,"gold_gain":0.0,"event_name":"Big Fish","player_choice":"Donut","floor":12.0,"gold_loss":0.0,"damage_taken":0.0},{"cards_removed":["Strike_MRS"],"damage_healed":0.0,"max_hp_gain":0.0,"max_hp_loss":0.0,"gold_gain":0.0,"event_name":"Living Wall","player_choice":"Forget","floor":13.0,"gold_loss":0.0,"damage_taken":0.0},{"damage_healed":0.0,"max_hp_gain":0.0,"max_hp_loss":0.0,"gold_gain":0.0,"event_name":"Golden Idol","player_choice":"Take Wound","floor":14.0,"gold_loss":0.0,"damage_taken":0.0,"relics_obtained":["Golden Idol"],"cards_obtained":["Injury"]},{"damage_healed":0.0,"max_hp_gain":0.0,"max_hp_loss":0.0,"gold_gain":0.0,"event_name":"Masked Bandits","player_choice":"Fought Bandits","floor":21.0,"gold_loss":0.0,"damage_taken":0.0},{"damage_healed":0.0,"max_hp_gain":0.0,"max_hp_loss":0.0,"gold_gain":0.0,"event_name":"Nest","player_choice":"Joined the Cult","floor":22.0,"gold_loss":0.0,"damage_taken":6.0,"cards_obtained":["RitualDagger"]},{"damage_healed":0,"gold_gain":0,"player_choice":"Max HP","damage_taken":0,"max_hp_gain":0,"max_hp_loss":4,"event_name":"Winding Halls","floor":36,"gold_loss":0},{"damage_healed":0,"gold_gain":333,"player_choice":"Gave Idol","damage_taken":0,"max_hp_gain":0,"max_hp_loss":0,"event_name":"The Moai Head","floor":38,"relics_lost":["Golden Idol"],"gold_loss":0},{"damage_healed":0,"gold_gain":0,"player_choice":"Got Potions","damage_taken":0,"max_hp_gain":0,"max_hp_loss":0,"event_name":"Lab","floor":45,"gold_loss":0}],"is_beta":true,"boss_relics":[{"not_picked":["Busted Crown","Coffee Dripper"],"picked":"Astrolabe"},{"not_picked":["Sozu","Runic Pyramid","Calling Bell"]}],"items_purged_floors":[3,20],"is_endless":false,"potions_floor_spawned":[1,2,10,18,29,31,33,35,40,47,48],"ascension_level":2}}