{"host":"szp1d6dso4pv7ddl","time":1609219795,"event":{"mods":["AchievementEnabler","Alarm Clock","BaseMod","Bestiary","Block Reminder","Colored Map","Colored Powertips","Curses Come First","Displayed Cursed Tome","Highlight Path","Minty Spire (QoL Compilation)","Permanent Neow","Quick Restart","Relic Sorter","Relic Stats","StSLib","Synergy Search"],"gold_per_floor":[116,191,206,171,186,186,197,197,224,51,70,80,94,94,94,94,94],"floor_reached":16,"playtime":736,"items_purged":[],"score":127,"play_id":"30f7766d-0906-4565-917d-1dbd9992e5ae","local_time":"20201228212955","is_ascension_mode":true,"campfire_choices":[{"data":"Coolheaded","floor":6,"key":"SMITH"},{"floor":8,"key":"REST"},{"floor":15,"key":"REST"}],"circlet_count":0,"master_deck":["Strike_B","Strike_B","Strike_B","Defend_B","Defend_B","Defend_B","Zap","Dualcast","Chaos","Self Repair","Sweeping Beam","Coolheaded+1","Seek","Coolheaded","Darkness","Barrage","Machine Learning"],"relics":["Cracked Core","Omamori","Thread and Needle"],"acts_visited":["Exordium"],"potions_floor_usage":[10],"damage_taken":[{"damage":2,"enemies":"2 Louse","floor":1,"turns":3},{"damage":9,"enemies":"Small Slimes","floor":3,"turns":3},{"damage":5,"enemies":"Jaw Worm","floor":5,"turns":4},{"damage":24,"enemies":"Lots of Slimes","floor":7,"turns":3},{"damage":35,"enemies":"Exordium Thugs","floor":11,"turns":7},{"damage":16,"enemies":"Gremlin Gang","floor":12,"turns":4},{"damage":14,"enemies":"2 Fungi Beasts","floor":13,"turns":4},{"damage":48,"enemies":"Slime Boss","floor":16,"turns":6}],"seed_played":"1908151945431550778","potions_obtained":[{"floor":3,"key":"EssenceOfDarkness"},{"floor":12,"key":"Dexterity Potion"},{"floor":13,"key":"Strength Potion"}],"is_trial":false,"path_per_floor":["M","?","M","?","M","R","M","R","T","$","M","M","M","T","R","B"],"character_chosen":"DEFECT","items_purchased":["Darkness","Fruit Juice"],"campfire_rested":2,"item_purchase_floors":[10,10],"current_hp_per_floor":[55,44,42,60,62,62,45,67,67,72,44,28,21,21,45,0,0],"gold":94,"neow_bonus":"TRANSFORM_TWO_CARDS","is_daily":false,"chose_seed":false,"campfire_upgraded":1,"win_rate":0.0,"timestamp":1609219795,"path_taken":["M","?","M","?","M","R","M","R","T","?","?","M","M","?","R","BOSS"],"items_purchased_type":["Card","Potion"],"build_version":"2020-12-22","purchased_purges":0,"victory":false,"max_hp_per_floor":[75,75,75,75,75,75,75,75,75,80,80,80,80,80,80,80,80],"relic_stats":{"counters":[8,34],"obtain_stats":[{"Thread and Needle":14,"Omamori":9,"Cracked Core":0},{"Thread and Needle":7,"Omamori":4,"Cracked Core":0},{"Thread and Needle":28,"Omamori":13,"Cracked Core":0}]},"card_choices":[{"not_picked":["Steam","Defragment"],"picked":"Sweeping Beam","floor":1},{"not_picked":["Beam Cell","Auto Shields"],"picked":"Coolheaded","floor":3},{"not_picked":["Stack","Go for the Eyes"],"picked":"Seek","floor":5},{"not_picked":["Force Field","Auto Shields"],"picked":"Coolheaded","floor":7},{"not_picked":["Rip and Tear","Lockon","Consume"],"picked":"SKIP","floor":11},{"not_picked":["Gash","Rebound"],"picked":"Barrage","floor":12},{"not_picked":["Scrape","Steam"],"picked":"Machine Learning","floor":13}],"player_experience":1065785,"relics_obtained":[{"floor":9,"key":"Omamori"},{"floor":14,"key":"Thread and Needle"}],"event_choices":[{"damage_healed":0,"gold_gain":75,"player_choice":"Gather Gold","damage_taken":11,"max_hp_gain":0,"max_hp_loss":0,"event_name":"World of Goop","floor":2,"gold_loss":0},{"damage_healed":18,"gold_gain":0,"player_choice":"Healed","damage_taken":0,"max_hp_gain":0,"max_hp_loss":0,"event_name":"The Cleric","floor":4,"gold_loss":35}],"is_beta":false,"boss_relics":[],"items_purged_floors":[],"is_endless":false,"potions_floor_spawned":[3,12,13],"killed_by":"Slime Boss","ascension_level":7}}