{"host":"6dypmz777xraikqf","time":1609259996,"event":{"mods":["AchievementEnabler","BaseMod","BetterRewards","Colored Map","Colored Powertips","Downfall","Highlight Path","Hubris","Infinite Spire","Minty Spire (QoL Compilation)","Replay The Spire","StSLib"],"gold_per_floor":[117,131,148,0,16,16,16,16,40,40,53,53,65,83,83,83,83],"floor_reached":16,"playtime":595,"items_purged":["Strike_B"],"score":94,"play_id":"20df6826-e63c-44f5-babf-2266432e0ed1","local_time":"20201229163956","is_ascension_mode":false,"campfire_choices":[{"data":"Zap","floor":7,"key":"SMITH"},{"data":"Defend_B","floor":12,"key":"SMITH"},{"floor":15,"key":"DIG"}],"circlet_count":0,"master_deck":["Strike_B+1","Strike_B","Strike_B","Defend_B","Defend_B","Defend_B+2","Defend_B+1","Zap+1","Dualcast","Gash","Streamline","FIFO Queue+1","Storm","Hologram","Tempest","Gash"],"relics":["Sozu","Simple Rune","hubris:TinFlute","infinitespire:WardingShard"],"acts_visited":["Exordium"],"potions_floor_usage":[],"damage_taken":[{"damage":3,"enemies":"infinitespire:Voidling","floor":1,"turns":4},{"damage":0,"enemies":"Cultist","floor":2,"turns":4},{"damage":0,"enemies":"2 Louse","floor":3,"turns":2},{"damage":1,"enemies":"2 Fungi Beasts","floor":5,"turns":3},{"damage":19,"enemies":"Large Slime","floor":11,"turns":6},{"damage":6,"enemies":"Exordium Wildlife","floor":13,"turns":4},{"damage":14,"enemies":"3 Louse","floor":14,"turns":4},{"damage":20,"enemies":"Slime Boss","floor":16,"turns":3}],"seed_played":"-4078040034614039871","potions_obtained":[],"is_trial":false,"path_per_floor":["M","M","M","$","M","?","R","?","T","?","M","R","M","M","R_BF","B"],"character_chosen":"DEFECT","items_purchased":["FIFO Queue"],"campfire_rested":0,"item_purchase_floors":[4],"current_hp_per_floor":[72,72,72,72,71,71,71,71,71,53,34,34,28,14,14,0,0],"gold":83,"neow_bonus":"BOSS_RELIC","is_daily":false,"chose_seed":false,"campfire_upgraded":2,"win_rate":0.0,"timestamp":1609259996,"path_taken":["M","M","?","?","M","?","R","?","T","?","M","R","?","M","R_BF","BOSS"],"items_purchased_type":["Card"],"build_version":"2020-12-22","purchased_purges":1,"victory":false,"max_hp_per_floor":[75,75,75,75,75,75,75,75,75,75,75,75,75,75,75,75,75],"card_choices":[{"not_picked":["Rebound","Ball Lightning"],"picked":"Gash","floor":1},{"not_picked":["Coolheaded","Steam"],"picked":"Streamline","floor":2},{"not_picked":["Fusion","Compile Driver","ReplaySort"],"picked":"SKIP","floor":3},{"not_picked":["Compile Driver","Conserve Battery"],"picked":"Storm","floor":5},{"not_picked":["Steam","hubris:DoWhile"],"picked":"Hologram","floor":11},{"not_picked":["Cold Snap","Coolheaded"],"picked":"Tempest","floor":13},{"not_picked":["Double Energy","Leap"],"picked":"Gash","floor":14}],"player_experience":24898,"relics_obtained":[{"floor":9,"key":"Simple Rune"},{"floor":15,"key":"infinitespire:WardingShard"}],"event_choices":[{"damage_healed":0,"gold_gain":0,"player_choice":"Grow","damage_taken":0,"max_hp_gain":0,"max_hp_loss":0,"event_name":"Living Wall","floor":6,"gold_loss":0,"cards_upgraded":["FIFO Queue"]},{"damage_healed":0,"gold_gain":0,"player_choice":"Success","damage_taken":18,"relics_obtained":["hubris:TinFlute"],"max_hp_gain":0,"max_hp_loss":0,"event_name":"Scrap Ooze","floor":10,"gold_loss":0}],"is_beta":false,"boss_relics":[],"items_purged_floors":[4],"is_endless":false,"potions_floor_spawned":[11,13,14],"killed_by":"Slime Boss","ascension_level":0}}