{"host":"hi7fki77kkmhrce8","time":1609212952,"event":{"mods":["AchievementEnabler","Act Like it!","BaseMod","Beaked The Cultist","Colored Map","Colored Powertips","Downfall","Halation","Jedi Mod","Mad Scientist","Minty Spire (QoL Compilation)","Relic Stats","Replay The Spire","StSLib","SuperFastMode","The Construct","The Hierophant","The Servant 0.9.4"],"gold_per_floor":[117,129,147,160,178,178,178],"floor_reached":6,"playtime":224,"items_purged":[],"score":40,"play_id":"e578cef0-21d9-4fca-97fd-23d9842c05ea","local_time":"20201228223552","is_ascension_mode":false,"campfire_choices":[],"circlet_count":0,"master_deck":["Strike_R","Strike_R","Strike_R","Strike_R","Strike_R","Defend_R","Defend_R","Defend_R","Defend_R","Bash","Demon Form","Flex","Rupture","Rage","Heavy Blade","Anger"],"relics":["Burning Blood"],"acts_visited":["Exordium"],"potions_floor_usage":[4],"damage_taken":[{"damage":10,"enemies":"Cultist","floor":1,"turns":4},{"damage":15,"enemies":"2 Louse","floor":2,"turns":3},{"damage":0,"enemies":"Small Slimes","floor":3,"turns":3},{"damage":14,"enemies":"Exordium Thugs","floor":4,"turns":5},{"damage":20,"enemies":"Red Slaver","floor":5,"turns":4},{"damage":30,"enemies":"3 Sentries","floor":6,"turns":4}],"seed_played":"1796140245387701249","potions_obtained":[{"floor":2,"key":"Fire Potion"},{"floor":4,"key":"GamblersBrew"}],"is_trial":false,"path_per_floor":["M","M","M","M","M","E"],"character_chosen":"IRONCLAD","items_purchased":[],"campfire_rested":0,"item_purchase_floors":[],"current_hp_per_floor":[52,43,49,41,27,0,0],"gold":178,"neow_bonus":"THREE_RARE_CARDS","is_daily":false,"chose_seed":false,"campfire_upgraded":0,"win_rate":0.0,"timestamp":1609212952,"path_taken":["M","?","M","M","M","E"],"items_purchased_type":[],"build_version":"2020-12-22","purchased_purges":0,"victory":false,"max_hp_per_floor":[80,80,80,80,80,80,80],"relic_stats":{"counters":[6,23],"obtain_stats":[{"Burning Blood":0},{"Burning Blood":0},{"Burning Blood":0}],"Burning Blood":30},"card_choices":[{"not_picked":["Immolate","Demonic Infusion"],"picked":"Demon Form","floor":0},{"not_picked":["True Grit","Run Through"],"picked":"Flex","floor":1},{"not_picked":["Headbutt","Sever Soul"],"picked":"Rupture","floor":2},{"not_picked":["Warcry","Havoc"],"picked":"Rage","floor":3},{"not_picked":["Burning Pact","Clothesline"],"picked":"Heavy Blade","floor":4},{"not_picked":["Perfected Strike","Sentinel"],"picked":"Anger","floor":5}],"player_experience":145297,"relics_obtained":[],"event_choices":[],"is_beta":false,"boss_relics":[],"items_purged_floors":[],"is_endless":false,"potions_floor_spawned":[2,4],"killed_by":"3 Sentries","ascension_level":0}}