{"host":"yss3m9ygfcyke5zi","time":1609205293,"event":{"mods":["2.2 Compatiblity","BaseMod","Highlight Path","Minty Spire (QoL Compilation)","Permanent Neow"],"gold_per_floor":[115,126,139,139,14,14,48,62,88,88,88,107,282,232,232,232,232],"floor_reached":16,"playtime":1175,"items_purged":["Strike_G"],"score":158,"play_id":"ad55132b-98d2-4b5a-bb69-7802a8fd8058","local_time":"20201229102813","is_ascension_mode":true,"campfire_choices":[{"floor":6,"key":"REST"},{"floor":10,"key":"REST"},{"floor":15,"key":"REST"}],"circlet_count":0,"master_deck":["Strike_G","Strike_G","Defend_G","Defend_G","Defend_G","Defend_G","Defend_G","Survivor","Neutralize","Quick Slash","Acrobatics","Quick Slash","Well Laid Plans","Acrobatics","Doubt","Catalyst"],"relics":["Ring of the Snake","Juzu Bracelet","Smiling Mask","Dream Catcher"],"acts_visited":["Exordium"],"potions_floor_usage":[7,16,16],"damage_taken":[{"damage":0,"enemies":"2 Louse","floor":1,"turns":3},{"damage":4,"enemies":"Jaw Worm","floor":2,"turns":6},{"damage":0,"enemies":"Small Slimes","floor":3,"turns":6},{"damage":31,"enemies":"Gremlin Nob","floor":7,"turns":5},{"damage":0,"enemies":"3 Louse","floor":8,"turns":6},{"damage":1,"enemies":"Exordium Wildlife","floor":12,"turns":4},{"damage":75,"enemies":"Hexaghost","floor":16,"turns":15}],"seed_played":"-927287535308033663","potions_obtained":[{"floor":1,"key":"DistilledChaos"},{"floor":2,"key":"AttackPotion"},{"floor":7,"key":"BlessingOfTheForge"},{"floor":12,"key":"AttackPotion"}],"is_trial":false,"path_per_floor":["M","M","M","?","$","R","E","M","T","R","?","M","?","?","R","B"],"character_chosen":"THE_SILENT","items_purchased":["Acrobatics"],"campfire_rested":3,"item_purchase_floors":[5],"current_hp_per_floor":[49,45,45,38,38,59,28,28,28,49,49,48,48,48,69,0,0],"gold":232,"neow_bonus":"THREE_RARE_CARDS","is_daily":false,"chose_seed":false,"campfire_upgraded":0,"win_rate":0.0,"timestamp":1609205293,"path_taken":["M","M","M","?","$","R","E","M","T","R","?","M","?","?","R","BOSS"],"items_purchased_type":["Card"],"build_version":"2020-12-22","purchased_purges":1,"victory":false,"max_hp_per_floor":[70,70,70,70,70,70,70,70,70,70,70,70,70,70,70,70,70],"card_choices":[{"not_picked":["Venomology","Doppelganger"],"picked":"Adrenaline","floor":0.0},{"not_picked":["Leg Sweep","All Out Attack","Flechettes"],"picked":"SKIP","floor":1},{"not_picked":["Slice","Poisoned Stab","Riddle With Holes"],"picked":"SKIP","floor":2},{"not_picked":["Bouncing Flask","Calculated Gamble"],"picked":"Quick Slash","floor":3},{"not_picked":["Outmaneuver","Underhanded Strike"],"picked":"Quick Slash","floor":7},{"not_picked":["Slice","Outmaneuver","Sucker Punch"],"picked":"SKIP","floor":8},{"not_picked":["Slice","Endless Agony"],"picked":"Well Laid Plans","floor":10},{"not_picked":["PiercingWail","Distraction"],"picked":"Acrobatics","floor":12},{"not_picked":["Crippling Poison","PiercingWail"],"picked":"Catalyst","floor":15}],"player_experience":137337,"relics_obtained":[{"floor":7,"key":"Smiling Mask"},{"floor":9,"key":"Dream Catcher"}],"event_choices":[{"damage_healed":0,"gold_gain":0,"player_choice":"Success","damage_taken":7,"relics_obtained":["Juzu Bracelet"],"max_hp_gain":0,"max_hp_loss":0,"event_name":"Scrap Ooze","floor":4,"gold_loss":0},{"cards_removed":["Strike_G"],"damage_healed":0,"gold_gain":0,"player_choice":"Forget","damage_taken":0,"max_hp_gain":0,"max_hp_loss":0,"event_name":"Living Wall","floor":11,"gold_loss":0},{"damage_healed":0,"gold_gain":175,"player_choice":"AGREE","damage_taken":0,"max_hp_gain":0,"max_hp_loss":0,"event_name":"Liars Game","floor":13,"gold_loss":0,"cards_obtained":["Doubt"]},{"cards_removed":["Strike_G"],"damage_healed":0,"gold_gain":0,"player_choice":"Card Removal","damage_taken":0,"max_hp_gain":0,"max_hp_loss":0,"event_name":"The Cleric","floor":14,"gold_loss":50}],"is_beta":false,"boss_relics":[],"items_purged_floors":[5],"is_endless":false,"potions_floor_spawned":[1,2,7,12],"killed_by":"Hexaghost","ascension_level":1}}