{"host":"cl5ee6jxhpbkfa4l","time":1609256237,"event":{"mods":["BaseMod","Friendly Minions","Minty Spire (QoL Compilation)","StSLib","Waifu the Spire","WarShipGirlsR/’ΩΩ¢…Ÿ≈ÆR mod"],"gold_per_floor":[109,109,122,297,297,297,308,258,258,258,292,292,308,333,333,454,454,475,475,400,248,347,373,389,389,389,167,167,167,179,196,196,294,344,358,658,672,722,746,746,298,308,332,344,364,364,375,110,110,110],"floor_reached":51,"playtime":2372,"items_purged":["rmod:strick","rmod:strick","rmod:intelligenceanalysis","rmod:basicallowance+1"],"score":770,"play_id":"a50d2c59-aca0-4f9e-a3e4-9c27a9d06690","local_time":"20201229233717","is_ascension_mode":false,"campfire_choices":[{"data":"rmod:wife","floor":6.0,"key":"SMITH"},{"data":"rmod:basicallowance","floor":10.0,"key":"SMITH"},{"floor":15.0,"key":"REST"},{"floor":25.0,"key":"REST"},{"data":"rmod:chargemoney","floor":28.0,"key":"SMITH"},{"floor":32.0,"key":"REST"},{"floor":46,"key":"REST"},{"floor":49,"key":"REST"}],"circlet_count":0,"master_deck":["rmod:defend","rmod:defend","rmod:defend+1","rmod:defend","rmod:maingunfire+1","rmod:wife+1","rmod:desperatesituation","rmod:firesupport+1","rmod:luckystar+1","rmod:salvage+1","rmod:fletcherpendant+1","rmod:fletcher+1","rmod:fletcherpendant+1","rmod:garrisonisland+1","rmod:expedition","rmod:fletcherpendant+1","rmod:ammunitionsupply","rmod:salvage+1","rmod:fletcherpendant+1","rmod:chargemoney+1","rmod:fletcherpendant+1","rmod:fletcherpendant+1","rmod:fletcherpendant+1","rmod:ridicule","rmod:launchingtorpedo+1","rmod:fletcherpendant+1","rmod:ammunitionsupply","rmod:fletcher+1","Secret Technique","rmod:fletcherpendant+1","rmod:aluminumsupply+1","rmod:diaomin+1","rmod:fletcherpendant+1","Flash of Steel+1"],"relics":["rmod:firstchargereward","NeowsBlessing","Molten Egg 2","Du-Vu Doll","Bloody Idol","rmod:monthlycard","Pantograph","Centennial Puzzle","Tiny House","Thread and Needle","Nunchaku","Boot"],"acts_visited":["Exordium","TheCity","TheBeyond"],"potions_floor_usage":[50,50],"damage_taken":[{"damage":0.0,"enemies":"Small Slimes","floor":1.0,"turns":1.0},{"damage":0.0,"enemies":"Jaw Worm","floor":3.0,"turns":1.0},{"damage":0.0,"enemies":"2 Louse","floor":7.0,"turns":2.0},{"damage":21.0,"enemies":"Lagavulin","floor":11.0,"turns":6.0},{"damage":3.0,"enemies":"Exordium Thugs","floor":13.0,"turns":3.0},{"damage":6.0,"enemies":"Large Slime","floor":14.0,"turns":4.0},{"damage":23.0,"enemies":"Hexaghost","floor":16.0,"turns":9.0},{"damage":20.0,"enemies":"Spheric Guardian","floor":18.0,"turns":6.0},{"damage":47.0,"enemies":"Gremlin Leader","floor":23.0,"turns":9.0},{"damage":8.0,"enemies":"2 Thieves","floor":24.0,"turns":3.0},{"damage":29.0,"enemies":"Snake Plant","floor":30.0,"turns":3.0},{"damage":0.0,"enemies":"Snecko","floor":31.0,"turns":2.0},{"damage":78.0,"enemies":"Automaton","floor":33.0,"turns":10.0},{"damage":0.0,"enemies":"Orb Walker","floor":35.0,"turns":1.0},{"damage":0.0,"enemies":"3 Shapes","floor":37.0,"turns":1.0},{"damage":22.0,"enemies":"Mind Bloom Boss Battle","floor":38.0,"turns":7.0},{"damage":39.0,"enemies":"Nemesis","floor":40.0,"turns":6.0},{"damage":0.0,"enemies":"Spire Growth","floor":42.0,"turns":2.0},{"damage":0.0,"enemies":"Transient","floor":44.0,"turns":6.0},{"damage":32,"enemies":"3 Darklings","floor":45,"turns":3},{"damage":0,"enemies":"Jaw Worm Horde","floor":47,"turns":1},{"damage":49,"enemies":"Awakened One","floor":50,"turns":8}],"seed_played":"-7444975196789669679","potions_obtained":[{"floor":3.0,"key":"Ancient Potion"},{"floor":5.0,"key":"SmokeBomb"},{"floor":5.0,"key":"EssenceOfSteel"},{"floor":16.0,"key":"SteroidPotion"},{"floor":23.0,"key":"Fruit Juice"},{"floor":33.0,"key":"PowerPotion"},{"floor":34.0,"key":"LiquidBronze"},{"floor":44.0,"key":"Energy Potion"},{"floor":45,"key":"Fire Potion"}],"is_trial":false,"path_per_floor":["M","?","M","?","?","R","M","?","T","R","E","?","M","M","R","B",null,"M","?","?","$","?","E","M","R","T","$","R","?","M","M","R","B",null,"M","?","M","?","T","E","$","M","T","M","M","R","M","$","R","B",null],"character_chosen":"PRAEFECT","items_purchased":["rmod:expedition","rmod:fletcherpendant+1","rmod:chargemoney","rmod:fletcher+1","Secret Technique","rmod:fletcherpendant+1","Flash of Steel+1"],"campfire_rested":5,"item_purchase_floors":[21,27,27,41,41,48,48],"current_hp_per_floor":[75,60,60,60,60,60,60,60,60,60,39,21,18,12,34,11,75,55,55,55,55,60,23,25,49,49,49,49,49,25,30,54,6,85,85,85,85,68,73,34,34,39,44,49,22,47,52,52,77,36],"gold":110,"neow_bonus":"THREE_ENEMY_KILL","is_daily":false,"chose_seed":false,"campfire_upgraded":3,"win_rate":0.0,"timestamp":1609256237,"path_taken":["M","?","M","?","?","R","?","?","T","R","E","?","M","M","R","BOSS","M","?","?","$","?","E","M","R","T","?","R","?","?","M","R","BOSS","M","?","?","?","?","E","$","M","T","M","M","R","?","?","R","BOSS"],"items_purchased_type":["Card","Card","Card","Card","Card","Card","Card"],"build_version":"2020-12-22","purchased_purges":4,"victory":true,"max_hp_per_floor":[75,75,75,75,75,75,75,75,75,75,75,75,75,75,75,75,75,75,75,75,75,75,80,80,80,80,80,80,80,80,80,80,80,85,85,85,85,85,85,85,85,85,85,85,85,85,85,85,85,85],"card_choices":[{"not_picked":["rmod:supportescort","rmod:fuelsupply"],"picked":"rmod:intelligenceanalysis","floor":1.0},{"not_picked":["rmod:unsinkable","rmod:supportescort"],"picked":"rmod:wife","floor":3.0},{"not_picked":["rmod:selfconfidence","rmod:firesupport"],"picked":"rmod:desperatesituation","floor":7.0},{"not_picked":["rmod:fletcher+1","rmod:aluminumsupply"],"picked":"rmod:firesupport+1","floor":11.0},{"not_picked":["rmod:fuelsupply","rmod:smokecover"],"picked":"rmod:luckystar+1","floor":13.0},{"not_picked":["rmod:ammunitionsupply","rmod:selfconfidence+1"],"picked":"rmod:salvage+1","floor":14.0},{"not_picked":["rmod:seals","rmod:secretscript"],"picked":"rmod:fletcher+1","floor":16.0},{"not_picked":["rmod:supportescort","rmod:intelligenceanalysis+1"],"picked":"rmod:garrisonisland+1","floor":18.0},{"not_picked":["rmod:luckystar+1","rmod:supportescort+1"],"picked":"rmod:ammunitionsupply","floor":23.0},{"not_picked":["rmod:goodfighter+1","rmod:victimresponsibility"],"picked":"rmod:salvage+1","floor":24.0},{"not_picked":["rmod:diamondstrike+1","rmod:supportescort+1","rmod:fuelsupply"],"picked":"SKIP","floor":30.0},{"not_picked":["rmod:diamondstrike+1","rmod:supportescort+1","rmod:fuelsupply"],"picked":"SKIP","floor":30.0},{"not_picked":["rmod:supportescort","rmod:luckystar+1","rmod:diamondstrike+1"],"picked":"SKIP","floor":31.0},{"not_picked":["rmod:abidefaith","rmod:timeschanged+1"],"picked":"rmod:ridicule","floor":33.0},{"not_picked":["rmod:heivgo+1","rmod:victimresponsibility+1"],"picked":"rmod:launchingtorpedo+1","floor":34.0},{"not_picked":["rmod:diamondstrike+1","rmod:aviationdawn","rmod:victimresponsibility+1"],"picked":"SKIP","floor":35.0},{"not_picked":["rmod:supportaircraftcarrier","rmod:expedition+1","rmod:victimresponsibility+1"],"picked":"SKIP","floor":37.0},{"not_picked":["rmod:supportescort+1","rmod:luckystar+1"],"picked":"rmod:ammunitionsupply","floor":38.0},{"not_picked":["rmod:goodfighter+1","rmod:fuelsupply","rmod:unsinkable+1"],"picked":"SKIP","floor":42.0},{"not_picked":["rmod:bulid","rmod:chargemoney+1","rmod:garrisonisland+1"],"picked":"SKIP","floor":44.0},{"not_picked":["rmod:victimresponsibility+1","rmod:maintain"],"picked":"rmod:aluminumsupply+1","floor":45},{"not_picked":["rmod:luckystar+1","rmod:intelligenceanalysis+1"],"picked":"rmod:diaomin+1","floor":47}],"player_experience":58179,"relics_obtained":[{"floor":9.0,"key":"Molten Egg 2"},{"floor":11.0,"key":"Du-Vu Doll"},{"floor":23.0,"key":"Pantograph"},{"floor":26.0,"key":"Centennial Puzzle"},{"floor":38.0,"key":"Thread and Needle"},{"floor":39.0,"key":"Nunchaku"},{"floor":43.0,"key":"Boot"}],"event_choices":[{"damage_healed":0.0,"max_hp_gain":0.0,"max_hp_loss":0.0,"gold_gain":0.0,"event_name":"Shining Light","player_choice":"Entered Light","floor":2.0,"gold_loss":0.0,"damage_taken":15.0,"cards_upgraded":["rmod:strick","rmod:maingunfire"]},{"damage_healed":0.0,"max_hp_gain":0.0,"max_hp_loss":0.0,"gold_gain":175.0,"event_name":"Liars Game","player_choice":"AGREE","floor":4.0,"gold_loss":0.0,"damage_taken":0.0,"cards_obtained":["Doubt"]},{"damage_healed":0.0,"max_hp_gain":0.0,"max_hp_loss":0.0,"gold_gain":0.0,"event_name":"Lab","player_choice":"Got Potions","floor":5.0,"gold_loss":0.0,"damage_taken":0.0},{"cards_removed":["Doubt"],"damage_healed":0.0,"max_hp_gain":0.0,"max_hp_loss":0.0,"gold_gain":0.0,"event_name":"The Cleric","player_choice":"Card Removal","floor":8.0,"gold_loss":50.0,"damage_taken":0.0},{"damage_healed":0.0,"max_hp_gain":0.0,"max_hp_loss":0.0,"gold_gain":0.0,"event_name":"Golden Idol","player_choice":"Take Damage","floor":12.0,"gold_loss":0.0,"damage_taken":18.0,"relics_obtained":["Golden Idol"]},{"damage_healed":0.0,"max_hp_gain":0.0,"max_hp_loss":0.0,"gold_gain":0.0,"event_name":"Forgotten Altar","player_choice":"Gave Idol","floor":19.0,"relics_lost":["Golden Idol"],"gold_loss":0.0,"damage_taken":0.0,"relics_obtained":["Bloody Idol"]},{"cards_removed":["rmod:strick"],"damage_healed":0.0,"max_hp_gain":0.0,"max_hp_loss":0.0,"gold_gain":0.0,"event_name":"Beggar","player_choice":"Gave Gold","floor":20.0,"gold_loss":75.0,"damage_taken":0.0},{"damage_healed":0.0,"max_hp_gain":0.0,"max_hp_loss":0.0,"gold_gain":99.0,"event_name":"Nest","player_choice":"Stole From Cult","floor":22.0,"gold_loss":0.0,"damage_taken":0.0},{"cards_removed":["rmod:strick"],"damage_healed":0.0,"max_hp_gain":0.0,"max_hp_loss":0.0,"gold_gain":0.0,"event_name":"Purifier","player_choice":"Purged","floor":29.0,"gold_loss":0.0,"damage_taken":0.0},{"damage_healed":0.0,"max_hp_gain":0.0,"max_hp_loss":0.0,"gold_gain":300.0,"event_name":"Wheel of Change","player_choice":"Gold","floor":36.0,"gold_loss":0.0,"damage_taken":0.0},{"damage_healed":0.0,"max_hp_gain":0.0,"max_hp_loss":0.0,"gold_gain":0.0,"event_name":"MindBloom","player_choice":"Fight","floor":38.0,"gold_loss":0.0,"damage_taken":0.0}],"is_beta":false,"boss_relics":[{"not_picked":["Cursed Key","Busted Crown"],"picked":"rmod:monthlycard"},{"not_picked":["Snecko Eye","Philosopher\u0027s Stone"],"picked":"Tiny House"}],"items_purged_floors":[21,27,41,48],"is_endless":false,"potions_floor_spawned":[3,7,14,16,23,33,44,45,47],"ascension_level":0}}