{"host":"sc0o2qwpf9j16a4i","time":1609266849,"event":{"mods":["AchievementEnabler","BaseMod","BetterRewards","Block Reminder","Colored Map","Colored Powertips","Custom Start","Highlight Path","Minty Spire (QoL Compilation)","Relic Stats"],"gold_per_floor":[112,37,54,204,204,204,236,252,279,279,279,304,324,51,51,127,127,143,143,161,76,1,1,30,30,30,30,30,50,50,50,50],"floor_reached":31,"playtime":825,"items_purged":["Strike_G","Doubt"],"score":743,"play_id":"6e17fe32-b413-4727-9de2-b980e411e4ff","local_time":"20201229203409","is_ascension_mode":true,"campfire_choices":[{"floor":6,"key":"REST"},{"floor":10,"key":"REST"},{"floor":15,"key":"REST"},{"floor":23,"key":"REST"},{"floor":25,"key":"REST"}],"circlet_count":0,"master_deck":["AscendersBane","Strike_G","Strike_G","Defend_G","Defend_G","Defend_G","Defend_G","Defend_G","Survivor","Neutralize","Crippling Poison","Dash","Well Laid Plans","Bouncing Flask","Skewer","Bullet Time","Footwork","Malaise","Flying Knee+1","Dagger Spray","Pain","Leg Sweep"],"relics":["Ring of the Snake","Singing Bowl","Ancient Tea Set","Bag of Marbles","Blue Candle","Anchor","Cursed Key","Paper Crane","Blood Vial","Tiny Chest","Nloth\u0027s Gift"],"acts_visited":["Exordium","TheCity"],"potions_floor_usage":[7,12,12,16,18,24,31],"damage_taken":[{"damage":0,"enemies":"Cultist","floor":1,"turns":4},{"damage":6,"enemies":"2 Louse","floor":3,"turns":3},{"damage":24,"enemies":"Lagavulin","floor":7,"turns":6},{"damage":0,"enemies":"Small Slimes","floor":8,"turns":4},{"damage":10,"enemies":"3 Sentries","floor":12,"turns":5},{"damage":1,"enemies":"Blue Slaver","floor":13,"turns":4},{"damage":6,"enemies":"Hexaghost","floor":16,"turns":9},{"damage":8,"enemies":"3 Byrds","floor":18,"turns":7},{"damage":10,"enemies":"Chosen","floor":20,"turns":6},{"damage":36,"enemies":"Slavers","floor":24,"turns":7},{"damage":9,"enemies":"Snake Plant","floor":29,"turns":4},{"damage":42,"enemies":"Centurion and Healer","floor":31,"turns":9}],"seed_played":"821047472935091384","potions_obtained":[{"floor":1,"key":"Strength Potion"},{"floor":7,"key":"DistilledChaos"},{"floor":12,"key":"CultistPotion"},{"floor":13,"key":"Swift Potion"},{"floor":18,"key":"AttackPotion"},{"floor":20,"key":"Ancient Potion"},{"floor":24,"key":"FearPotion"}],"is_trial":false,"path_per_floor":["M","$","M","?","?","R","E","M","T","R","?","E","M","$","R","B",null,"M","?","M","?","?","R","E","R","T","?","$","M","?","M"],"character_chosen":"THE_SILENT","items_purchased":["Singing Bowl","Crippling Poison","Dash","Well Laid Plans","Swift Potion","Anchor"],"campfire_rested":5,"item_purchase_floors":[0,0,0,0,0,14],"current_hp_per_floor":[40,40,34,34,34,54,30,32,32,53,18,8,7,7,31,25,66,58,35,27,27,27,53,17,43,43,43,43,36,36,0,0],"gold":50,"neow_bonus":"","is_daily":false,"chose_seed":false,"campfire_upgraded":0,"win_rate":0.0,"timestamp":1609266849,"path_taken":["M","?","M","?","?","R","E","M","T","R","?","E","M","$","R","BOSS","M","?","M","?","?","R","E","R","T","?","$","M","?","?"],"items_purchased_type":["Relic","Card","Card","Card","Potion","Relic"],"build_version":"2020-12-22","purchased_purges":2,"victory":false,"max_hp_per_floor":[68,68,68,68,68,68,68,70,70,70,80,80,80,80,80,80,80,80,85,87,87,87,87,87,87,87,87,87,87,87,87,87],"relic_stats":{"Blood Vial":4,"Singing Bowl":6,"counters":[27,138],"Blue Candle":[1],"Tiny Chest":0,"Nloth\u0027s Gift":0,"Cursed Key":1,"obtain_stats":[{"Lee\u0027s Waffle":19,"Pear":11,"Singing Bowl":0,"Blue Candle":12,"Juzu Bracelet":27,"Whetstone":11,"Orichalcum":24,"Paper Crane":21,"Ancient Tea Set":7,"Cursed Key":17,"Blood Vial":24,"Tough Bandages":26,"Anchor":27,"HornCleat":24,"Mummified Hand":13,"Pandora\u0027s Box":0,"Molten Egg 2":9,"Tiny Chest":26,"Bag of Marbles":8,"Black Star":17,"Nloth\u0027s Gift":30,"Ring of the Snake":0},{"Lee\u0027s Waffle":9,"Pear":19,"Singing Bowl":15,"Blue Candle":20,"Juzu Bracelet":12,"Whetstone":5,"Orichalcum":10,"Paper Crane":24,"Ancient Tea Set":18,"Cursed Key":22,"Blood Vial":25,"Tough Bandages":11,"Anchor":12,"HornCleat":10,"Mummified Hand":6,"Pandora\u0027s Box":0,"Molten Egg 2":4,"Tiny Chest":25,"Bag of Marbles":4,"Black Star":8,"Nloth\u0027s Gift":26,"Ring of the Snake":0},{"Lee\u0027s Waffle":35,"Pear":87,"Singing Bowl":70,"Blue Candle":92,"Juzu Bracelet":48,"Whetstone":18,"Orichalcum":39,"Paper Crane":118,"Ancient Tea Set":83,"Cursed Key":105,"Blood Vial":125,"Tough Bandages":43,"Anchor":48,"HornCleat":39,"Mummified Hand":23,"Pandora\u0027s Box":0,"Molten Egg 2":13,"Tiny Chest":125,"Bag of Marbles":13,"Black Star":32,"Nloth\u0027s Gift":129,"Ring of the Snake":0}],"Ring of the Snake":[24]},"card_choices":[{"not_picked":["Reflex","Blade Dance","Outmaneuver"],"picked":"Singing Bowl","floor":1},{"not_picked":["Dagger Spray","Bane"],"picked":"Bouncing Flask","floor":3},{"not_picked":["Underhanded Strike","Concentrate"],"picked":"Skewer","floor":7},{"not_picked":["Setup","Reflex","Well Laid Plans"],"picked":"Singing Bowl","floor":8},{"not_picked":["Blade Dance","Predator"],"picked":"Bullet Time","floor":12},{"not_picked":["Terror","Dagger Throw"],"picked":"Footwork","floor":13},{"not_picked":["Grand Finale","Bullet Time"],"picked":"Malaise","floor":16},{"not_picked":["Sucker Punch","Prepared+1"],"picked":"Flying Knee+1","floor":18},{"not_picked":["Prepared","All Out Attack","Cloak And Dagger"],"picked":"Singing Bowl","floor":20},{"not_picked":["Sucker Punch","Prepared"],"picked":"Dagger Spray","floor":24},{"not_picked":["Poisoned Stab","Deflect"],"picked":"Leg Sweep","floor":29}],"player_experience":407201,"relics_obtained":[{"floor":7,"key":"Ancient Tea Set"},{"floor":9,"key":"Bag of Marbles"},{"floor":12,"key":"Blue Candle"},{"floor":24,"key":"Blood Vial"},{"floor":26,"key":"Tiny Chest"}],"event_choices":[{"damage_healed":0,"gold_gain":150,"player_choice":"AGREE","damage_taken":0,"max_hp_gain":0,"max_hp_loss":0,"event_name":"Liars Game","floor":4,"gold_loss":0,"cards_obtained":["Doubt"]},{"damage_healed":0,"gold_gain":0,"player_choice":"Ignored","damage_taken":0,"max_hp_gain":0,"max_hp_loss":0,"event_name":"Shining Light","floor":5,"gold_loss":0},{"damage_healed":0,"gold_gain":0,"player_choice":"Success","damage_taken":45,"relics_obtained":["Pear"],"max_hp_gain":0,"max_hp_loss":0,"event_name":"Scrap Ooze","floor":11,"gold_loss":0},{"damage_healed":0,"gold_gain":0,"player_choice":"Shed Blood","damage_taken":28,"max_hp_gain":5,"max_hp_loss":0,"event_name":"Forgotten Altar","floor":19,"gold_loss":0},{"damage_healed":0,"gold_gain":0,"player_choice":"Obtained Relic","damage_taken":0,"relics_obtained":["Paper Crane"],"max_hp_gain":0,"max_hp_loss":0,"event_name":"Addict","floor":21,"gold_loss":85},{"cards_removed":["Strike_G"],"damage_healed":0,"gold_gain":0,"player_choice":"Gave Gold","damage_taken":0,"max_hp_gain":0,"max_hp_loss":0,"event_name":"Beggar","floor":22,"gold_loss":75},{"cards_removed":["Strike_G"],"damage_healed":0,"gold_gain":0,"player_choice":"Elegance","damage_taken":0,"max_hp_gain":0,"max_hp_loss":0,"event_name":"Back to Basics","floor":27,"gold_loss":0},{"damage_healed":0,"gold_gain":0,"player_choice":"Traded Relic","damage_taken":0,"relics_obtained":["Nloth\u0027s Gift"],"max_hp_gain":0,"max_hp_loss":0,"event_name":"N\u0027loth","floor":30,"relics_lost":["Pear"],"gold_loss":0}],"is_beta":false,"boss_relics":[{"not_picked":["Empty Cage","Velvet Choker"],"picked":"Cursed Key"}],"items_purged_floors":[2,14],"is_endless":false,"potions_floor_spawned":[1,7,12,13,18,20,24],"killed_by":"Centurion and Healer","ascension_level":20}}