{"host":"kmq7aw60w430zvtx","time":1609263397,"event":{"mods":["BaseMod","Downfall","GifTheSpireLib","Hermit","Hubris","Minty Spire (QoL Compilation)","Replay The Spire","StSLib","The Construct","The Cursed","The Hierophant","The Jungle","The Necromancer","The Runesmith"],"gold_per_floor":[111,111,218,234,252,280,280,131,131,131,165,175,175,175,175,277,277,297,297,314,326,345,345,345,345],"floor_reached":24,"playtime":1136,"items_purged":["Strike_P"],"score":227,"play_id":"476af2ed-f85e-460b-9dd4-da0f92144e74","local_time":"20201229183637","is_ascension_mode":true,"campfire_choices":[{"floor":10,"key":"REST"},{"floor":13,"key":"RECALL"},{"data":"Vigilance","floor":15,"key":"SMITH"},{"floor":23,"key":"REST"}],"circlet_count":0,"master_deck":["Strike_P","Strike_P","Strike_P","Defend_P","Defend_P","Defend_P","Eruption+1","Vigilance+1","Crescendo","EmptyBody","Prostrate","Replay:BluntJabs","EmptyFist","FollowUp","Devotion+1","FearNoEvil","FollowUp","EmptyBody","Devotion+1","Establishment","ClearTheMind+1","Adaptation+1","SignatureMove+1","FlurryOfBlows"],"relics":["PureWater","Mummified Hand","hubris:Towel","ReplayTheSpireMod:TigerMarble","Vajra","Black Star","Replay:Bottled Eggs"],"acts_visited":["Exordium","TheCity"],"potions_floor_usage":[6,24,24],"damage_taken":[{"damage":15,"enemies":"Jaw Worm","floor":1,"turns":5},{"damage":6,"enemies":"2 Louse","floor":4,"turns":3},{"damage":0,"enemies":"Small Slimes","floor":5,"turns":3},{"damage":14,"enemies":"Lagavulin","floor":6,"turns":4},{"damage":9,"enemies":"Replay:BlueRogue","floor":11,"turns":3},{"damage":1,"enemies":"Blue Slaver","floor":12,"turns":2},{"damage":28,"enemies":"The Guardian","floor":16,"turns":9},{"damage":7,"enemies":"Spheric Guardian","floor":18,"turns":3},{"damage":13,"enemies":"3 Byrds","floor":20,"turns":6},{"damage":12,"enemies":"Centurion and Healer","floor":21,"turns":6},{"damage":3,"enemies":"Snecko","floor":22,"turns":1},{"damage":60,"enemies":"Book of Stabbing","floor":24,"turns":5}],"seed_played":"-3932954569991202500","potions_obtained":[{"floor":4,"key":"Ancient Potion"},{"floor":11,"key":"GamblersBrew"},{"floor":18,"key":"SkillPotion"},{"floor":21,"key":"StancePotion"}],"is_trial":false,"path_per_floor":["M","?","?","M","M","E","?","$","T","R","E","M","R","?","R","B",null,"M","?","M","M","M","R","E"],"character_chosen":"WATCHER","items_purchased":["FearNoEvil"],"campfire_rested":2,"item_purchase_floors":[8],"current_hp_per_floor":[57,50,50,44,44,30,30,30,30,51,42,41,41,41,41,13,72,65,65,52,40,37,58,0,0],"gold":345,"neow_bonus":"UPGRADE_CARD","is_daily":false,"chose_seed":false,"campfire_upgraded":1,"win_rate":0.0,"timestamp":1609263397,"path_taken":["M","?","?","?","M","E","?","$","T","R","E","M","R","?","R","BOSS","M","?","M","?","M","R","E"],"items_purchased_type":["Card"],"build_version":"2020-12-22","purchased_purges":1,"victory":false,"max_hp_per_floor":[72,72,72,72,72,72,72,72,72,72,72,72,72,72,72,72,72,72,72,72,72,72,72,72,72],"card_choices":[{"not_picked":["CutThroughFate","SashWhip"],"picked":"Crescendo","floor":1},{"not_picked":["SashWhip","Fasting2"],"picked":"EmptyBody","floor":3},{"not_picked":["Replay:BluntJabs","Pray"],"picked":"Prostrate","floor":3},{"not_picked":["Collect","Wallop"],"picked":"Replay:BluntJabs","floor":3},{"not_picked":["WindmillStrike","Evaluate"],"picked":"EmptyFist","floor":4},{"not_picked":["Replay:AtTheReady","Replay:Anticipation"],"picked":"FollowUp","floor":5},{"not_picked":["ReachHeaven","ClearTheMind"],"picked":"Devotion","floor":6},{"not_picked":["CutThroughFate","SignatureMove"],"picked":"FollowUp","floor":11},{"not_picked":["Replay:ManipulateFuture","Replay:Vibes"],"picked":"EmptyBody","floor":12},{"not_picked":["Brilliance","Replay:AllIn"],"picked":"Establishment","floor":16},{"not_picked":["BowlingBash","Vengeance"],"picked":"ClearTheMind+1","floor":18},{"not_picked":["EmptyFist","PathToVictory"],"picked":"Adaptation+1","floor":20},{"not_picked":["Replay:Anticipation","Consecrate"],"picked":"SignatureMove+1","floor":21},{"not_picked":["ReachHeaven","CrushJoints"],"picked":"FlurryOfBlows","floor":22}],"player_experience":263531,"relics_obtained":[{"floor":6,"key":"Mummified Hand"},{"floor":9,"key":"ReplayTheSpireMod:TigerMarble"},{"floor":11,"key":"Vajra"}],"event_choices":[{"cards_removed":["Defend_P"],"damage_healed":0,"gold_gain":0,"player_choice":"Card Removal","damage_taken":7,"max_hp_gain":0,"max_hp_loss":0,"event_name":"Golden Wing","floor":2,"gold_loss":0},{"damage_healed":0,"gold_gain":0,"player_choice":"Gave Potion","damage_taken":0,"relics_obtained":["Replay:Bottled Eggs"],"max_hp_gain":0,"max_hp_loss":0,"event_name":"WeMeetAgain","floor":19,"gold_loss":0}],"is_beta":false,"boss_relics":[{"not_picked":["Ectoplasm","Replay:Drink Me"],"picked":"Black Star"}],"items_purged_floors":[8],"is_endless":false,"potions_floor_spawned":[4,11,18,21],"killed_by":"Book of Stabbing","ascension_level":2}}