{"host":"sxnl403xm2xmiyj1","time":1609235072,"event":{"mods":["AchievementEnabler","BaseMod","Colored Map","Keyboard Shortcuts","Minty Spire (QoL Compilation)","Quick Restart","StSLib","SuperFastMode"],"gold_per_floor":[115,125,41,60,135,162,172,205,205,205,205],"floor_reached":10,"playtime":145,"items_purged":[],"score":148,"play_id":"462eae2e-271f-4252-a506-b24b1197a0f0","local_time":"20201229184432","is_ascension_mode":true,"campfire_choices":[],"circlet_count":0,"master_deck":["AscendersBane","Strike_B","Strike_B","Strike_B","Strike_B","Defend_B","Defend_B","Defend_B","Defend_B","Zap","Dualcast","Hologram","Ball Lightning","Blizzard","Coolheaded","Coolheaded","Seek"],"relics":["Cracked Core","NeowsBlessing","Pantograph","Mummified Hand","Bird Faced Urn"],"acts_visited":["Exordium"],"potions_floor_usage":[10],"damage_taken":[{"damage":0.0,"enemies":"Cultist","floor":1.0,"turns":1.0},{"damage":0.0,"enemies":"2 Louse","floor":2.0,"turns":1.0},{"damage":0.0,"enemies":"Jaw Worm","floor":4.0,"turns":1.0},{"damage":25.0,"enemies":"Lagavulin","floor":6.0,"turns":6.0},{"damage":5.0,"enemies":"Blue Slaver","floor":7.0,"turns":3.0},{"damage":36.0,"enemies":"Gremlin Nob","floor":8.0,"turns":4.0},{"damage":0,"enemies":"Lagavulin","floor":10,"turns":3}],"seed_played":"8041605667546405000","potions_obtained":[{"floor":2.0,"key":"Regen Potion"},{"floor":4.0,"key":"Fruit Juice"},{"floor":7.0,"key":"Explosive Potion"},{"floor":8.0,"key":"AttackPotion"}],"is_trial":false,"path_per_floor":["M","M","$","M","?","E","M","E","T","E"],"character_chosen":"DEFECT","items_purchased":["Blizzard"],"campfire_rested":0,"item_purchase_floors":[3],"current_hp_per_floor":[64,64,64,64,53,47,42,6,6,6,6],"gold":205,"neow_bonus":"THREE_ENEMY_KILL","is_daily":false,"chose_seed":false,"campfire_upgraded":0,"win_rate":0.0,"timestamp":1609235072,"path_taken":["M","?","$","M","?","E","M","E","T","E"],"items_purchased_type":["Card"],"build_version":"2020-12-22","purchased_purges":0,"victory":false,"max_hp_per_floor":[71,71,71,71,71,76,76,76,76,76,76],"card_choices":[{"not_picked":["Turbo","Chaos"],"picked":"Hologram","floor":1.0},{"not_picked":["Reinforced Body","Steam"],"picked":"Ball Lightning","floor":2.0},{"not_picked":["Heatsinks","Redo","Multi-Cast"],"picked":"SKIP","floor":4.0},{"not_picked":["Sweeping Beam","Beam Cell"],"picked":"Coolheaded","floor":6.0},{"not_picked":["Sunder","Chill"],"picked":"Coolheaded","floor":7.0},{"not_picked":["FTL","Melter"],"picked":"Seek","floor":8.0}],"player_experience":136070,"relics_obtained":[{"floor":6.0,"key":"Pantograph"},{"floor":8.0,"key":"Mummified Hand"},{"floor":9.0,"key":"Bird Faced Urn"}],"event_choices":[{"damage_healed":0.0,"max_hp_gain":0.0,"max_hp_loss":0.0,"gold_gain":75.0,"event_name":"World of Goop","player_choice":"Gather Gold","floor":5.0,"gold_loss":0.0,"damage_taken":11.0}],"is_beta":false,"boss_relics":[],"items_purged_floors":[],"is_endless":false,"potions_floor_spawned":[2,4,7,8],"killed_by":"Lagavulin","ascension_level":18}}