{"host":"u0f5uy314yz7olfc","time":1609244339,"event":{"mods":["AchievementEnabler","Aspiration","BaseMod","Better Altar","Better Match","Better Note","Better Sensory Stone","Better Skull","Better Third Choice","BetterRewards","Block Reminder","Colored Map","Colored Powertips","DeckTracker","Dota2Spire","Emptier Cage","Gold Saver","Highlight Path","Hubris","Infinite Spire","Marked Mod","Mimic Mod","Minty Spire (QoL Compilation)","Permanent Neow","Quick Restart","Rare Cards Sparkle","Relic Sorter","Replay The Spire","Shop Mod","StSLib","The Bladedancer","The Blue Laboratory","Watcher Patcher"],"gold_per_floor":[119,129,129,153,328,328,328],"floor_reached":6,"playtime":200,"items_purged":[],"score":34,"play_id":"5125f4ce-7e4a-40c5-893f-92e68030289e","local_time":"20201229191859","is_ascension_mode":false,"campfire_choices":[],"circlet_count":0,"master_deck":["blademaster:Strike","blademaster:Strike","blademaster:Strike","blademaster:Strike","blademaster:Defend","blademaster:Defend","blademaster:Defend","blademaster:Defend","blademaster:RagingBlow","blademaster:HighVoltage","blademaster:LeechingStrike","blademaster:AspectOfLightning","blademaster:Bloodbath","Doubt"],"relics":["blademaster:DancersAmulet","hubris:Icosahedron"],"acts_visited":["Exordium"],"potions_floor_usage":[],"damage_taken":[{"damage":17.0,"enemies":"infinitespire:Voidling","floor":1.0,"turns":5.0},{"damage":9.0,"enemies":"Cultist","floor":2.0,"turns":5.0},{"damage":0,"enemies":"Lagavulin","floor":6,"turns":1}],"seed_played":"1079002695553847635","potions_obtained":[],"is_trial":false,"path_per_floor":["M","M","?","T","?","E"],"character_chosen":"THE_BLADEMASTER","items_purchased":["blademaster:LeechingStrike"],"campfire_rested":0,"item_purchase_floors":[0],"current_hp_per_floor":[67,58,58,58,58,58,58],"gold":328,"neow_bonus":"","is_daily":false,"chose_seed":false,"campfire_upgraded":0,"win_rate":0.0,"timestamp":1609244339,"path_taken":["M","?","?","?","?","E"],"items_purchased_type":["Card"],"build_version":"2020-12-22","purchased_purges":0,"victory":false,"max_hp_per_floor":[75,75,75,75,75,75,75],"card_choices":[{"not_picked":["blademaster:LeechingStrike","blademaster:DragonStrike"],"picked":"blademaster:AspectOfLightning","floor":1.0},{"not_picked":["blademaster:LeechingStrike","blademaster:ThunderSlash"],"picked":"blademaster:Bloodbath","floor":2.0}],"player_experience":363072,"relics_obtained":[],"event_choices":[{"damage_healed":0.0,"max_hp_gain":0.0,"max_hp_loss":0.0,"gold_gain":175.0,"event_name":"betterThird:BetterSerpent","player_choice":"AGREE","floor":5.0,"gold_loss":0.0,"damage_taken":153.0}],"is_beta":false,"boss_relics":[],"items_purged_floors":[],"is_endless":false,"potions_floor_spawned":[],"killed_by":"Lagavulin","ascension_level":0}}