{"host":"i0avyit1s6jb1siw","time":1609276820,"event":{"mods":["BaseMod","DeckTracker","Dota2Spire","Highlight Path","Minty Spire (QoL Compilation)","Quick Restart","Replay The Spire","StSLib","SuperFastMode"],"gold_per_floor":[116,116,126,139,149,149,160,160,160,174,99,45,45,60,60,133,133,152,168,168,24,114,114,148,164,164,214,214,214,230,260,260,337,337,354,354,354,373,389,389,418,429,429,429,429,429],"floor_reached":45,"playtime":1201,"items_purged":["Hallucinations","Strike_G"],"score":950,"play_id":"bccc1b2e-79d7-43ba-9a61-6785df8485a2","local_time":"20201229222020","is_ascension_mode":true,"campfire_choices":[{"data":"Prepared","floor":6.0,"key":"SMITH"},{"data":"Tactician","floor":8.0,"key":"SMITH"},{"floor":15.0,"key":"REST"},{"floor":23.0,"key":"REST"},{"floor":29,"key":"REST"},{"floor":32,"key":"REST"},{"floor":40,"key":"REST"}],"circlet_count":0,"master_deck":["AscendersBane","Strike_G","Defend_G+1","Defend_G+1","Defend_G+2","Survivor+1","Neutralize","Blade Dance","All Out Attack+1","Tactician+1","Prepared+1","Acrobatics+1","Corpse Explosion","Acrobatics","Choke+1","Finisher+1","Footwork+1"],"relics":["Kintsugi","Gremlin Food","Dota2Spire:RefresherOrb","Bronze Scales","Mercury Hourglass","Paper Crane","WristBlade","Simple Rune"],"acts_visited":["Exordium","TheCity","TheBeyond"],"potions_floor_usage":[24,31,33],"damage_taken":[{"damage":4.0,"enemies":"2 Louse","floor":1.0,"turns":5.0},{"damage":4.0,"enemies":"Small Slimes","floor":3.0,"turns":4.0},{"damage":1.0,"enemies":"Jaw Worm","floor":4.0,"turns":4.0},{"damage":0.0,"enemies":"Lots of Slimes","floor":5.0,"turns":1.0},{"damage":13.0,"enemies":"Blue Slaver","floor":7.0,"turns":5.0},{"damage":7.0,"enemies":"Looter","floor":10.0,"turns":4.0},{"damage":0.0,"enemies":"3 Louse","floor":14.0,"turns":3.0},{"damage":19.0,"enemies":"Slime Boss","floor":16.0,"turns":9.0},{"damage":12.0,"enemies":"Spheric Guardian","floor":18.0,"turns":7.0},{"damage":9.0,"enemies":"3 Byrds","floor":19.0,"turns":5.0},{"damage":35,"enemies":"Slavers","floor":24,"turns":8},{"damage":0,"enemies":"3 Cultists","floor":25,"turns":2},{"damage":0,"enemies":"Snecko","floor":30,"turns":2},{"damage":5,"enemies":"Book of Stabbing","floor":31,"turns":3},{"damage":3,"enemies":"Collector","floor":33,"turns":5},{"damage":0,"enemies":"3 Darklings","floor":35,"turns":2},{"damage":0,"enemies":"Orb Walker","floor":38,"turns":2},{"damage":21,"enemies":"Jaw Worm Horde","floor":39,"turns":2},{"damage":22,"enemies":"Giant Head","floor":41,"turns":6},{"damage":0,"enemies":"Sphere and 2 Shapes","floor":42,"turns":4},{"damage":33,"enemies":"Nemesis","floor":45,"turns":4}],"seed_played":"6273353130595128412","potions_obtained":[{"floor":3.0,"key":"BlessingOfTheForge"},{"floor":4.0,"key":"AttackPotion"},{"floor":5.0,"key":"PowerPotion"},{"floor":18.0,"key":"AttackPotion"},{"floor":25,"key":"DistilledChaos"},{"floor":31,"key":"SkillPotion"},{"floor":41,"key":"SpeedPotion"},{"floor":42,"key":"Explosive Potion"}],"is_trial":false,"path_per_floor":["M","?","M","M","M","R","M","R","T","M","$","?","?","M","R","B",null,"M","M","?","$","?","R","E","M","T","?","?","R","M","E","R","B",null,"M","?","?","M","M","R","E","M","T","?","E"],"character_chosen":"THE_SILENT","items_purchased":["Choke"],"campfire_rested":5,"item_purchase_floors":[21],"current_hp_per_floor":[55,48,44,43,43,43,30,30,30,23,23,23,23,23,42,23,55,43,34,34,34,22,41,6,6,6,6,6,25,25,20,39,36,59,59,49,49,49,28,47,25,25,25,25,0,0],"gold":429,"neow_bonus":"BOSS_RELIC","is_daily":false,"chose_seed":false,"campfire_upgraded":2,"win_rate":0.0,"timestamp":1609276820,"path_taken":["M","?","M","M","M","R","M","R","T","M","$","?","?","M","R","BOSS","M","M","?","$","?","R","E","?","T","?","?","R","M","E","R","BOSS","M","?","?","M","M","R","E","M","T","?","E"],"items_purchased_type":["Card"],"build_version":"2020-12-22","purchased_purges":2,"victory":false,"max_hp_per_floor":[66,66,66,66,66,66,66,66,66,66,66,66,66,66,66,66,66,66,66,66,66,66,66,66,66,66,66,66,66,66,66,66,66,66,66,66,66,66,66,66,66,66,66,66,66,66],"card_choices":[{"not_picked":["Quick Slash","Toxin Wave"],"picked":"Blade Dance","floor":1.0},{"not_picked":["Riddle With Holes","Deflect"],"picked":"All Out Attack","floor":3.0},{"not_picked":["Eviscerate","Draining Mist"],"picked":"Tactician","floor":4.0},{"not_picked":["Predator","Dagger Spray"],"picked":"Prepared","floor":5.0},{"not_picked":["Deflect","Sucker Punch"],"picked":"Footwork","floor":7.0},{"not_picked":["Dodge and Roll","Backflip"],"picked":"Eviscerate","floor":10.0},{"not_picked":["Acrobatics","Dagger Spray","Cloak And Dagger"],"picked":"SKIP","floor":14.0},{"not_picked":["Phantasmal Killer","Burst"],"picked":"Corpse Explosion","floor":16.0},{"not_picked":["Dagger Throw","Deflect"],"picked":"Acrobatics","floor":18.0},{"not_picked":["Deadly Poison","ReplayTheSpireMod:Speed Training","Sucker Punch"],"picked":"SKIP","floor":19.0},{"not_picked":["All Out Attack","PiercingWail","Outmaneuver"],"picked":"SKIP","floor":24},{"not_picked":["Blade Dance","Quick Slash","Outmaneuver"],"picked":"SKIP","floor":25},{"not_picked":["Blade Dance","Caltrops+1"],"picked":"Finisher+1","floor":30},{"not_picked":["Blur","Caltrops","Leg Sweep"],"picked":"SKIP","floor":31},{"not_picked":["Concentrate","Caltrops","Catalyst+1"],"picked":"SKIP","floor":35},{"not_picked":["Blur","Endless Agony"],"picked":"Footwork+1","floor":38},{"not_picked":["Poisoned Stab","Distraction","Sucker Punch"],"picked":"SKIP","floor":39},{"not_picked":["Dagger Spray","Caltrops","Setup"],"picked":"SKIP","floor":41},{"not_picked":["Bane","Deadly Poison","Underhanded Strike"],"picked":"SKIP","floor":42}],"player_experience":2136101,"relics_obtained":[{"floor":9.0,"key":"Gremlin Food"},{"floor":24,"key":"Bronze Scales"},{"floor":26,"key":"Mercury Hourglass"},{"floor":31,"key":"Paper Crane"},{"floor":41,"key":"Simple Rune"}],"event_choices":[{"cards_removed":["Clumsy"],"damage_healed":0.0,"max_hp_gain":0.0,"max_hp_loss":0.0,"gold_gain":0.0,"event_name":"Golden Wing","player_choice":"Card Removal","floor":2.0,"gold_loss":0.0,"damage_taken":7.0},{"damage_healed":0.0,"max_hp_gain":0.0,"max_hp_loss":0.0,"gold_gain":0.0,"event_name":"World of Goop","player_choice":"Left Gold","floor":12.0,"gold_loss":54.0,"damage_taken":0.0},{"damage_healed":0.0,"max_hp_gain":0.0,"max_hp_loss":0.0,"gold_gain":90.0,"event_name":"Knowing Skull","player_choice":"GOLD ","floor":22.0,"potions_obtained":[],"gold_loss":0.0,"damage_taken":12.0,"cards_obtained":[]},{"damage_healed":0,"gold_gain":50,"player_choice":"Stole From Cult","damage_taken":0,"max_hp_gain":0,"max_hp_loss":0,"event_name":"Nest","floor":27,"gold_loss":0},{"damage_healed":0,"gold_gain":0,"player_choice":"Ignored","damage_taken":0,"max_hp_gain":0,"max_hp_loss":0,"event_name":"The Mausoleum","floor":28,"gold_loss":0},{"damage_healed":0,"gold_gain":0,"player_choice":"Memory 3","damage_taken":10,"max_hp_gain":0,"max_hp_loss":0,"event_name":"SensoryStone","floor":36,"gold_loss":0},{"cards_removed":["Footwork"],"damage_healed":0,"gold_gain":0,"player_choice":"Removed Power","damage_taken":0,"max_hp_gain":0,"max_hp_loss":0,"event_name":"Falling","floor":37,"gold_loss":0},{"damage_healed":0,"gold_gain":0,"player_choice":"0 cards matched","damage_taken":0,"max_hp_gain":0,"max_hp_loss":0,"event_name":"Match and Keep!","floor":44,"gold_loss":0,"cards_obtained":[]}],"is_beta":false,"boss_relics":[{"not_picked":["SlaversCollar","Sozu"],"picked":"Dota2Spire:RefresherOrb"},{"not_picked":["Calling Bell","Runic Dome"],"picked":"WristBlade"}],"items_purged_floors":[11,21],"is_endless":false,"potions_floor_spawned":[3,4,5,10,18,25,31,41,42],"killed_by":"Nemesis","ascension_level":20}}