{"host":"tr12w2fixbnujl15","time":1609279302,"event":{"mods":["2.2 Compatiblity","BaseMod","Better Skull","BetterRewards","CatGirl Mod","Colored Powertips","Hubris","Infinite Spire","Jorbs\u0027s Wanderer Trilogy","Luminous","Minty Spire (QoL Compilation)","Quick Restart","Reimu??????","Replay The Spire","StSLib","SuperFastMode","Td1madao Mod","The Animator","The Sage","The Spell Scribe","WarShipGirlsR/????R mod"],"gold_per_floor":[118,5,5,23,23,23,34,47,47,62,9,9,20,39,39,39,39],"floor_reached":16,"playtime":530,"items_purged":[],"score":94,"play_id":"06b571c0-5b52-45cf-b572-c349d223f715","local_time":"20201229170142","is_ascension_mode":false,"campfire_choices":[{"data":"Chip","floor":6,"key":"SMITH"},{"data":"Chip Synthesis","floor":15,"key":"SMITH"}],"circlet_count":0,"master_deck":["Strike_C","Strike_C","Strike_C","Strike_C","Defend_C","Defend_C","Defend_C","Defend_C","Knight Kick","Chip+1","New Defend Magic","Floating Swing Kick","Floating Even","Three Hit","Chip Synthesis+1","Here Defend Chip+1","Reflection Mechanism","Lunge"],"relics":["Apod","NeowsBlessing","infinitespire:Joker Card","infinitespire:Lychee Nut"],"acts_visited":["Exordium"],"potions_floor_usage":[8,13,16],"damage_taken":[{"damage":0,"enemies":"Small Slimes","floor":1,"turns":1},{"damage":0,"enemies":"Cultist","floor":4,"turns":1},{"damage":0,"enemies":"2 Louse","floor":7,"turns":1},{"damage":20,"enemies":"Gremlin Gang","floor":8,"turns":5},{"damage":1,"enemies":"2 Fungi Beasts","floor":10,"turns":2},{"damage":0,"enemies":"Looter","floor":13,"turns":3},{"damage":9,"enemies":"Blue Slaver","floor":14,"turns":4},{"damage":52,"enemies":"The Guardian","floor":16,"turns":11}],"seed_played":"-7757215055731212513","potions_obtained":[{"floor":7,"key":"Fire Potion"},{"floor":10,"key":"Toxic Potion"},{"floor":13,"key":"Adrenaline Potion"}],"is_trial":false,"path_per_floor":["M","?","$","M","$","R","M","M","T","M","$","?","M","M","R","B"],"character_chosen":"TD1MADAO_CLASS","items_purchased":["Here Defend Chip"],"campfire_rested":0,"item_purchase_floors":[11],"current_hp_per_floor":[70,70,70,70,70,70,70,50,50,51,51,51,52,46,46,0,0],"gold":39,"neow_bonus":"THREE_ENEMY_KILL","is_daily":false,"chose_seed":false,"campfire_upgraded":2,"win_rate":0.0,"timestamp":1609279302,"path_taken":["M","?","?","M","$","R","M","?","T","?","$","?","M","?","R","BOSS"],"items_purchased_type":["Card"],"build_version":"2020-12-22","purchased_purges":0,"victory":false,"max_hp_per_floor":[70,70,70,70,70,70,70,70,52,52,52,52,52,52,52,52,52],"card_choices":[{"not_picked":["Winding Magic","Rupture"],"picked":"New Defend Magic","floor":1},{"not_picked":["Break Into","Rupture"],"picked":"Floating Swing Kick","floor":4},{"not_picked":["Black Dance","Paralysis"],"picked":"Floating Even","floor":7},{"not_picked":["Oblique Hack","Trader"],"picked":"Three Hit","floor":8},{"not_picked":["Fire Up","Recovery Mechanism"],"picked":"Chip Synthesis","floor":10},{"not_picked":["Cursed Blade","Bugfix"],"picked":"Reflection Mechanism","floor":13},{"not_picked":["Lore","Machining"],"picked":"Lunge","floor":14}],"player_experience":9035,"relics_obtained":[{"floor":9,"key":"infinitespire:Lychee Nut"}],"event_choices":[{"damage_healed":0,"gold_gain":0,"player_choice":"Paid Gold","damage_taken":0,"relics_obtained":["infinitespire:Joker Card"],"max_hp_gain":0,"max_hp_loss":0,"event_name":"WeMeetAgain","floor":2,"gold_loss":113},{"damage_healed":0,"gold_gain":0,"player_choice":"Forge","damage_taken":0,"max_hp_gain":0,"max_hp_loss":0,"event_name":"Accursed Blacksmith","floor":12,"gold_loss":0,"cards_upgraded":["Here Defend Chip"]}],"is_beta":false,"boss_relics":[],"items_purged_floors":[],"is_endless":false,"potions_floor_spawned":[7,10,13],"killed_by":"The Guardian","ascension_level":0}}