{"host":"ec09novo68szpe7d","time":1609260293,"event":{"mods":["AchievementEnabler","BaseMod","Bestiary","Minty Spire (QoL Compilation)","StSLib"],"gold_per_floor":[113,128,139,139,89,117,117,117,117],"floor_reached":8,"playtime":543,"items_purged":[],"score":64,"play_id":"0d700abe-1629-491b-928b-e9e6f59b7897","local_time":"20201229174453","is_ascension_mode":true,"campfire_choices":[],"circlet_count":0,"master_deck":["Strike_G","Strike_G","Strike_G","Defend_G","Defend_G","Defend_G","Defend_G","Defend_G","Survivor","Neutralize","Backflip","Prepared","Sucker Punch","Distraction"],"relics":["HoveringKite","Du-Vu Doll","Potion Belt"],"acts_visited":["Exordium"],"potions_floor_usage":[2],"damage_taken":[{"damage":0,"enemies":"Small Slimes","floor":1,"turns":4},{"damage":2,"enemies":"Jaw Worm","floor":2,"turns":6},{"damage":4,"enemies":"Cultist","floor":3,"turns":4},{"damage":32,"enemies":"3 Sentries","floor":6,"turns":18},{"damage":33,"enemies":"Gremlin Nob","floor":8,"turns":4}],"seed_played":"8461193114244127163","potions_obtained":[{"floor":1,"key":"AttackPotion"}],"is_trial":false,"path_per_floor":["M","M","M","?","?","E","?","E"],"character_chosen":"THE_SILENT","items_purchased":[],"campfire_rested":0,"item_purchase_floors":[],"current_hp_per_floor":[70,68,64,57,57,25,18,0,0],"gold":117,"neow_bonus":"BOSS_RELIC","is_daily":false,"chose_seed":false,"campfire_upgraded":0,"win_rate":0.0,"timestamp":1609260293,"path_taken":["M","M","M","?","?","E","?","E"],"items_purchased_type":[],"build_version":"2020-12-22","purchased_purges":0,"victory":false,"max_hp_per_floor":[70,70,70,70,70,70,70,70,70],"card_choices":[{"not_picked":["PiercingWail","Poisoned Stab"],"picked":"Backflip","floor":1},{"not_picked":["Dagger Throw","Slice"],"picked":"Prepared","floor":2},{"not_picked":["Blur","Flechettes"],"picked":"Sucker Punch","floor":3},{"not_picked":["Dagger Spray","Flying Knee"],"picked":"Distraction","floor":6}],"player_experience":223618,"relics_obtained":[{"floor":6,"key":"Du-Vu Doll"}],"event_choices":[{"cards_removed":["Strike_G"],"damage_healed":0,"gold_gain":0,"player_choice":"Card Removal","damage_taken":7,"max_hp_gain":0,"max_hp_loss":0,"event_name":"Golden Wing","floor":4,"gold_loss":0},{"cards_removed":["Strike_G"],"damage_healed":0,"gold_gain":0,"player_choice":"Card Removal","damage_taken":0,"max_hp_gain":0,"max_hp_loss":0,"event_name":"The Cleric","floor":5,"gold_loss":50},{"damage_healed":0,"gold_gain":0,"player_choice":"Success","damage_taken":7,"relics_obtained":["Potion Belt"],"max_hp_gain":0,"max_hp_loss":0,"event_name":"Scrap Ooze","floor":7,"gold_loss":0}],"is_beta":false,"boss_relics":[],"items_purged_floors":[],"is_endless":false,"potions_floor_spawned":[1],"killed_by":"Gremlin Nob","ascension_level":3}}