{"host":"ydujlihd8f5px9gp","time":1609286317,"event":{"mods":["AchievementEnabler","BaseMod","Block Reminder","Colored Map","Minty Spire (QoL Compilation)","ojb\u0027s Info Mod"],"gold_per_floor":[112,130,142,159,234,268,286,286,366,366,438,455,467,479,479,479,479],"floor_reached":16,"playtime":794,"items_purged":[],"score":106,"play_id":"eae68ee8-04d2-46b8-aaac-4601cbd033b1","local_time":"20201229215837","is_ascension_mode":false,"campfire_choices":[{"data":"Uppercut","floor":8,"key":"SMITH"},{"data":"Discovery","floor":10,"key":"SMITH"},{"data":"Pommel Strike","floor":15,"key":"SMITH"}],"circlet_count":0,"master_deck":["Strike_R","Strike_R","Strike_R","Strike_R","Strike_R","Defend_R","Defend_R","Defend_R","Defend_R","Bash","Discovery+1","Dropkick","Hemokinesis","Cleave","Uppercut+1","Thunderclap","Dual Wield","Pommel Strike+1"],"relics":["Burning Blood","Orichalcum","Question Card"],"acts_visited":["Exordium"],"potions_floor_usage":[14,16],"damage_taken":[{"damage":5,"enemies":"Jaw Worm","floor":1,"turns":5},{"damage":1,"enemies":"Cultist","floor":2,"turns":3},{"damage":2,"enemies":"2 Louse","floor":3,"turns":2},{"damage":12,"enemies":"Exordium Thugs","floor":4,"turns":4},{"damage":24,"enemies":"3 Sentries","floor":6,"turns":5},{"damage":5,"enemies":"3 Louse","floor":7,"turns":3},{"damage":4,"enemies":"Looter","floor":12,"turns":3},{"damage":7,"enemies":"Blue Slaver","floor":13,"turns":3},{"damage":0,"enemies":"Gremlin Gang","floor":14,"turns":2},{"damage":55,"enemies":"The Guardian","floor":16,"turns":9}],"seed_played":"6403996229454350451","potions_obtained":[{"floor":6,"key":"FearPotion"},{"floor":7,"key":"SkillPotion"},{"floor":13,"key":"Explosive Potion"}],"is_trial":false,"path_per_floor":["M","M","M","M","?","E","M","R","T","R","?","M","M","M","R","B"],"character_chosen":"IRONCLAD","items_purchased":[],"campfire_rested":0,"item_purchase_floors":[],"current_hp_per_floor":[80,80,80,74,63,45,46,46,46,46,46,48,47,53,53,0,0],"gold":479,"neow_bonus":"RANDOM_COLORLESS","is_daily":false,"chose_seed":false,"campfire_upgraded":3,"win_rate":0.0,"timestamp":1609286317,"path_taken":["M","M","M","M","?","E","M","R","T","R","?","M","?","M","R","BOSS"],"items_purchased_type":[],"build_version":"2020-12-22","purchased_purges":0,"victory":false,"max_hp_per_floor":[80,80,80,80,80,80,80,80,80,80,80,80,80,80,80,80,80],"card_choices":[{"not_picked":["Blind","Mind Blast"],"picked":"Discovery","floor":0},{"not_picked":["Anger","Wild Strike"],"picked":"Dropkick","floor":1},{"not_picked":["Heavy Blade","Second Wind"],"picked":"Hemokinesis","floor":2},{"not_picked":["Twin Strike","Perfected Strike"],"picked":"Cleave","floor":3},{"not_picked":["Intimidate","Cleave"],"picked":"Uppercut","floor":4},{"not_picked":["Demon Form","Rupture"],"picked":"Thunderclap","floor":6},{"not_picked":["Clash","Sword Boomerang","Fire Breathing"],"picked":"SKIP","floor":7},{"not_picked":["Iron Wave","Clothesline","Pummel"],"picked":"Dual Wield","floor":12},{"not_picked":["Thunderclap","Clash","Wild Strike","Dark Embrace"],"picked":"SKIP","floor":13},{"not_picked":["Battle Trance","Rupture","Clothesline"],"picked":"Pommel Strike","floor":14}],"player_experience":67614,"relics_obtained":[{"floor":6,"key":"Orichalcum"},{"floor":9,"key":"Question Card"}],"event_choices":[{"damage_healed":0,"gold_gain":75,"player_choice":"Gather Gold","damage_taken":11,"max_hp_gain":0,"max_hp_loss":0,"event_name":"World of Goop","floor":5,"gold_loss":0},{"damage_healed":0,"gold_gain":72,"player_choice":"Gained Gold","damage_taken":0,"max_hp_gain":0,"max_hp_loss":0,"event_name":"Golden Wing","floor":11,"gold_loss":0}],"is_beta":false,"boss_relics":[],"items_purged_floors":[],"is_endless":false,"potions_floor_spawned":[6,7,13],"killed_by":"The Guardian","ascension_level":0}}