{"host":"i0avyit1s6jb1siw","time":1609274362,"event":{"mods":["BaseMod","DeckTracker","Dota2Spire","Highlight Path","Minty Spire (QoL Compilation)","Quick Restart","Replay The Spire","StSLib","SuperFastMode"],"gold_per_floor":[116,131,131,143,161,161,86,112,112,122,134,134,160,173,173,251,251,262,279,12,31,31,31,63,63,145,161,176,18,28,44,44,123,123,139,139,139,139],"floor_reached":37,"playtime":707,"items_purged":["Sever Soul","Metallicize"],"score":1010,"play_id":"2da58891-ce9e-48e0-a035-250cc8703216","local_time":"20201229213922","is_ascension_mode":true,"campfire_choices":[{"data":"Seeing Red","floor":6,"key":"SMITH"},{"data":"Uppercut","floor":12,"key":"SMITH"},{"data":"Searing Blow","floor":15,"key":"PURGE"},{"data":"True Grit","floor":23,"key":"SMITH"},{"data":"Shrug It Off","floor":25,"key":"SMITH"},{"floor":32,"key":"REST"}],"circlet_count":0,"master_deck":["AscendersBane","Bloodletting","Flame Barrier","Bludgeon","Immolate+1","Dark Embrace","Seeing Red+1","Uppercut+1","Evolve","True Grit+1","Dropkick","Armaments+1","Shrug It Off+1","ReplayTheSpireMod:Stacked","Demon Form","Barricade"],"relics":["Pandora\u0027s Box","Kunai","Ancient Tea Set","Strawberry","Mark of Pain","TheAbacus","Dota2Spire:BattleFury","Dota2Spire:PowerTreads","Empty Cage"],"acts_visited":["Exordium","TheCity","TheBeyond"],"potions_floor_usage":[16,16,33],"damage_taken":[{"damage":9,"enemies":"Jaw Worm","floor":1,"turns":2},{"damage":3,"enemies":"Cultist","floor":2,"turns":1},{"damage":8,"enemies":"Small Slimes","floor":4,"turns":3},{"damage":3,"enemies":"Blue Slaver","floor":5,"turns":1},{"damage":3,"enemies":"Lagavulin","floor":8,"turns":4},{"damage":0,"enemies":"Exordium Wildlife","floor":10,"turns":2},{"damage":8,"enemies":"Looter","floor":11,"turns":3},{"damage":14,"enemies":"Gremlin Nob","floor":13,"turns":3},{"damage":0,"enemies":"2 Fungi Beasts","floor":14,"turns":1},{"damage":6,"enemies":"Slime Boss","floor":16,"turns":4},{"damage":0,"enemies":"Chosen","floor":18,"turns":3},{"damage":8,"enemies":"Shell Parasite","floor":19,"turns":3},{"damage":6,"enemies":"Snecko","floor":21,"turns":3},{"damage":6,"enemies":"Gremlin Leader","floor":24,"turns":3},{"damage":3,"enemies":"3 Cultists","floor":27,"turns":3},{"damage":16,"enemies":"Centurion and Healer","floor":28,"turns":5},{"damage":0,"enemies":"Chosen and Byrds","floor":30,"turns":3},{"damage":9,"enemies":"Snecko","floor":31,"turns":5},{"damage":11,"enemies":"Automaton","floor":33,"turns":6},{"damage":58,"enemies":"3 Darklings","floor":35,"turns":5},{"damage":12,"enemies":"Orb Walker","floor":37,"turns":3}],"seed_played":"1471075601179602402","potions_obtained":[{"floor":2,"key":"LiquidBronze"},{"floor":4,"key":"ColorlessPotion"},{"floor":11,"key":"Fire Potion"},{"floor":13,"key":"Dota2Spire:HealingSalve"},{"floor":21,"key":"Block Potion"},{"floor":27,"key":"GamblersBrew"}],"is_trial":false,"path_per_floor":["M","M","?","M","M","R","$","E","T","M","M","R","E","M","R","B",null,"M","M","$","M","$","R","E","R","T","M","M","$","M","M","R","B",null,"M","$","M"],"character_chosen":"IRONCLAD","items_purchased":["TheAbacus","Dota2Spire:PowerTreads"],"campfire_rested":1,"item_purchase_floors":[20,29],"current_hp_per_floor":[59,56,56,48,45,45,45,42,42,42,34,34,27,27,27,27,68,68,60,60,54,54,54,48,48,48,45,29,29,29,20,44,33,70,12,12,0,0],"gold":139,"neow_bonus":"BOSS_RELIC","is_daily":false,"chose_seed":false,"campfire_upgraded":4,"win_rate":0.0,"timestamp":1609274362,"path_taken":["M","M","?","M","?","R","$","E","T","M","M","R","E","M","R","BOSS","M","M","?","M","$","R","E","R","T","M","M","$","?","M","R","BOSS","M","$","M"],"items_purchased_type":["Relic","Relic"],"build_version":"2020-12-22","purchased_purges":2,"victory":false,"max_hp_per_floor":[75,75,75,75,75,75,75,75,75,75,75,75,82,82,82,82,82,82,82,82,82,82,82,82,82,82,82,82,82,82,82,82,82,82,82,82,82,82],"card_choices":[{"not_picked":["Body Slam","Sword Boomerang","Defy Death"],"picked":"SKIP","floor":1},{"not_picked":["Thunderclap","Twin Strike","Body Slam"],"picked":"SKIP","floor":2},{"not_picked":["Havoc","ReplayTheSpireMod:Corrosion Curse","Headbutt"],"picked":"SKIP","floor":4},{"not_picked":["Flex","ReplayTheSpireMod:Limb From Limb"],"picked":"Seeing Red","floor":5},{"not_picked":["True Grit","Life Link"],"picked":"Uppercut","floor":8},{"not_picked":["Uppercut","Cleave","Headbutt"],"picked":"SKIP","floor":10},{"not_picked":["Heavy Blade","Sword Boomerang"],"picked":"Evolve","floor":11},{"not_picked":["Flex","Perfected Strike","Hemokinesis"],"picked":"SKIP","floor":13},{"not_picked":["Replay:Undeath\u0027s Touch","Replay:Many Hands","ReplayReversal"],"picked":"SKIP","floor":14},{"not_picked":["Pommel Strike","Searing Blow"],"picked":"True Grit","floor":18},{"not_picked":["Havoc","Sword Boomerang","Dropkick"],"picked":"SKIP","floor":19},{"not_picked":["Havoc","Sword Boomerang"],"picked":"Dropkick","floor":19},{"not_picked":["Perfected Strike","Warcry"],"picked":"Armaments+1","floor":21},{"not_picked":["Flex","Pommel Strike+1"],"picked":"Shrug It Off","floor":24},{"not_picked":["Metallicize","Anger","Flex"],"picked":"SKIP","floor":27},{"not_picked":["ReplayTheSpireMod:Muscle Training+1","Body Slam"],"picked":"ReplayTheSpireMod:Stacked","floor":28},{"not_picked":["Perfected Strike","Reckless Charge","Cleave"],"picked":"SKIP","floor":30},{"not_picked":["Clash","Rampage"],"picked":"Demon Form","floor":31},{"not_picked":["Demonic Infusion","Double Tap"],"picked":"Barricade","floor":33},{"not_picked":["Clash","Flex","Havoc"],"picked":"SKIP","floor":35}],"player_experience":2133747,"relics_obtained":[{"floor":8,"key":"Kunai"},{"floor":9,"key":"Ancient Tea Set"},{"floor":13,"key":"Strawberry"},{"floor":24,"key":"Dota2Spire:BattleFury"}],"event_choices":[{"damage_healed":0,"gold_gain":0,"player_choice":"Upgraded","damage_taken":0,"max_hp_gain":0,"max_hp_loss":0,"event_name":"Upgrade Shrine","floor":3,"gold_loss":0,"cards_upgraded":["Immolate"]}],"is_beta":false,"boss_relics":[{"not_picked":["Tiny House","Honey Jar"],"picked":"Mark of Pain"},{"not_picked":["Abe\u0027s Treasure","Replay:Bronze Core"],"picked":"Empty Cage"}],"items_purged_floors":[7,20],"is_endless":false,"potions_floor_spawned":[2,4,11,13,14,21,27,28,30,31],"killed_by":"Orb Walker","ascension_level":20}}