{"host":"x1qj4d8ympd5jdqh","time":1609232600,"event":{"mods":["AchievementEnabler","AlwaysNeverKeys","BaseMod","Colored Map","Custom Start","DeckTracker","Highlight Path","Minty Spire (QoL Compilation)","StSLib","SuperFastMode"],"gold_per_floor":[113,131,146,146,162,162,162,162,186,54,19,19,36,51,51,125,125,140,65,75,33,83,83,83,83],"floor_reached":24,"playtime":445,"items_purged":["Strike_G"],"score":372,"play_id":"6f8c9874-0611-4a71-8308-290ccbe1fa1a","local_time":"20201229180320","is_ascension_mode":true,"campfire_choices":[{"floor":6,"key":"REST"},{"data":"Bouncing Flask","floor":8,"key":"SMITH"},{"data":"Dash","floor":12,"key":"SMITH"},{"floor":15,"key":"REST"},{"data":"Footwork","floor":23,"key":"SMITH"}],"circlet_count":0,"master_deck":["AscendersBane","Strike_G","Strike_G","Strike_G","Defend_G","Defend_G","Defend_G","Defend_G","Survivor","Neutralize","Deadly Poison","Dash+1","Bouncing Flask+1","Leg Sweep","Dagger Spray","Corpse Explosion","Blur","Footwork+1"],"relics":["Ring of the Snake","NeowsBlessing","Oddly Smooth Stone","Runic Pyramid"],"acts_visited":["Exordium","TheCity"],"potions_floor_usage":[13,16,16,24],"damage_taken":[{"damage":0.0,"enemies":"2 Louse","floor":1.0,"turns":1.0},{"damage":0.0,"enemies":"Small Slimes","floor":2.0,"turns":1.0},{"damage":0.0,"enemies":"Jaw Worm","floor":3.0,"turns":1.0},{"damage":44,"enemies":"Exordium Thugs","floor":5,"turns":5},{"damage":37,"enemies":"Gremlin Gang","floor":13,"turns":5},{"damage":3,"enemies":"Blue Slaver","floor":14,"turns":3},{"damage":6,"enemies":"The Guardian","floor":16,"turns":11},{"damage":21,"enemies":"3 Byrds","floor":18,"turns":3},{"damage":11,"enemies":"Shell Parasite","floor":20,"turns":6},{"damage":33,"enemies":"Gremlin Leader","floor":24,"turns":3}],"seed_played":"-627142818631972148","potions_obtained":[{"floor":1.0,"key":"GamblersBrew"},{"floor":14,"key":"SkillPotion"},{"floor":20,"key":"LiquidBronze"}],"is_trial":false,"path_per_floor":["M","M","M","?","M","R","?","R","T","$","?","R","M","M","R","B",null,"M","?","M","$","?","R","E"],"character_chosen":"THE_SILENT","items_purchased":["FearPotion","Footwork"],"campfire_rested":2,"item_purchase_floors":[10,21],"current_hp_per_floor":[59,59,59,64,20,41,34,34,34,34,51,51,14,11,32,26,60,39,39,28,28,28,28,0,0],"gold":83,"neow_bonus":"THREE_ENEMY_KILL","is_daily":false,"chose_seed":false,"campfire_upgraded":3,"win_rate":0.0,"timestamp":1609232600,"path_taken":["M","M","M","?","M","R","?","R","T","$","?","R","M","M","R","BOSS","M","?","M","$","?","R","E"],"items_purchased_type":["Potion","Card"],"build_version":"2020-12-22","purchased_purges":1,"victory":false,"max_hp_per_floor":[66,66,66,71,71,71,71,71,71,71,71,71,71,71,71,71,71,71,71,71,71,71,71,71,71],"card_choices":[{"not_picked":["Distraction","Heel Hook"],"picked":"Deadly Poison","floor":1.0},{"not_picked":["Sucker Punch","Quick Slash"],"picked":"Dash","floor":2.0},{"not_picked":["Skewer","Outmaneuver"],"picked":"Bouncing Flask","floor":3.0},{"not_picked":["Poisoned Stab","Flying Knee"],"picked":"Leg Sweep","floor":5},{"not_picked":["Heel Hook","Deflect","Setup"],"picked":"SKIP","floor":13},{"not_picked":["Backflip","Deflect"],"picked":"Dagger Spray","floor":14},{"not_picked":["Storm of Steel","Wraith Form v2"],"picked":"Corpse Explosion","floor":16},{"not_picked":["Infinite Blades","Skewer"],"picked":"Blur","floor":18},{"not_picked":["Caltrops","Slice","Outmaneuver"],"picked":"SKIP","floor":20}],"player_experience":1287767,"relics_obtained":[{"floor":9,"key":"Oddly Smooth Stone"}],"event_choices":[{"damage_healed":0.0,"max_hp_gain":5.0,"max_hp_loss":0.0,"gold_gain":0.0,"event_name":"Big Fish","player_choice":"Donut","floor":4.0,"gold_loss":0.0,"damage_taken":0.0},{"cards_removed":["Strike_G"],"damage_healed":0,"gold_gain":0,"player_choice":"Card Removal","damage_taken":7,"max_hp_gain":0,"max_hp_loss":0,"event_name":"Golden Wing","floor":7,"gold_loss":0},{"damage_healed":17,"gold_gain":0,"player_choice":"Healed","damage_taken":0,"max_hp_gain":0,"max_hp_loss":0,"event_name":"The Cleric","floor":11,"gold_loss":35},{"cards_removed":["Defend_G"],"damage_healed":0,"gold_gain":0,"player_choice":"Gave Gold","damage_taken":0,"max_hp_gain":0,"max_hp_loss":0,"event_name":"Beggar","floor":19,"gold_loss":75},{"damage_healed":0,"gold_gain":50,"player_choice":"Stole From Cult","damage_taken":0,"max_hp_gain":0,"max_hp_loss":0,"event_name":"Nest","floor":22,"gold_loss":0}],"is_beta":false,"boss_relics":[{"not_picked":["Fusion Hammer","Black Star"],"picked":"Runic Pyramid"}],"items_purged_floors":[10],"is_endless":false,"potions_floor_spawned":[1,14,20],"killed_by":"Gremlin Leader","ascension_level":20}}