{"host":"pe0zhl1vvtkxuc0p","time":1609243057,"event":{"mods":["A Magickal Journey","AchievementEnabler","BaseMod","Card Forge","Challenge The Spire","Chen","Colored Powertips","Curses Come First","GifTheSpireLib","Glutton Mod","Gremlin Mod","Infinite Spire","Minty Spire (QoL Compilation)","Quick Restart","Relic Filter","Shop Mod","Spikes Relics","StSLib","Stuff the Spire","SuperFastMode","Td1madao Mod","The Clintock","The Cursed","The Death Knight","The Druid","The Florist","The Hayseed","The Necromancer","The Sage"],"gold_per_floor":[109,109,109,124,124,156,172,194,194,234,234,276,276,309,309,426,426,445,75,122,145,145,179,190,196,196,196,208,208,208,268,268,375,375,395,412,414,462,464,464,464,464,464,496,496,544,554,554,554,554,554,554,10,45,67],"floor_reached":56,"playtime":7382,"items_purged":["DeathKnight:Defend_DeathKnight","DeathKnight:Defend_DeathKnight","DeathKnight:Strike_DeathKnight"],"score":1341,"play_id":"4ace5608-5a33-49c9-b2af-6846dc6d001f","local_time":"20201229195737","is_ascension_mode":false,"campfire_choices":[{"floor":11.0,"key":"REST"},{"floor":13.0,"key":"REST"},{"floor":15.0,"key":"REST"},{"floor":29.0,"key":"REST"},{"floor":32.0,"key":"REST"},{"data":"1","floor":40.0,"key":"LIFT"},{"floor":42.0,"key":"RECALL"},{"data":"2","floor":45.0,"key":"LIFT"},{"data":"3","floor":49.0,"key":"LIFT"},{"floor":52.0,"key":"REST"}],"circlet_count":0,"master_deck":["DeathKnight:Strike_DeathKnight","DeathKnight:Defend_DeathKnight+1","DeathKnight:RuneTap","DeathKnight:RuneStrike","DeathKnight:BloodStrike+1","DeathKnight:BloodPact","DeathKnight:DeathStrike","DeathKnight:Razorice","DeathKnight:DeathStrike+1","DeathKnight:Culling","DeathKnight:Defile","DeathKnight:FesteringStrike","DeathKnight:SindragosasBreath","DeathKnight:GargoyleSkin","DeathKnight:PlagueStrike+1","infinitespire:Punishment","infinitespire:Fortify","infinitespire:NeuralNetwork","DeathKnight:Pestilence","DeathKnight:FoulBulwark","StuffTheSpire:PestControl","DeathKnight:PathOfFrost","DeathKnight:UnholyExperiment","DeathKnight:DeathAndDecay","DeathKnight:AntiMagicShell+1","infinitespire:TheBestDefense","DeathKnight:DarkSuccor","DeathKnight:UnholyExperiment","infinitespire:DeathsTouch"],"relics":["DeathKnight:ReforgedRuneblade","Hammer of Thor","Seething Fire","Anvil of the Gods","WarpedTongs","infinitespire:Midas Blood","Singing Bowl","Shuriken","Boot","DeathKnight:JainasLocket","Fusion Hammer","DeathKnight:CorpseWagon","ExplosiveVial","FossilizedHelix","Girya","Whetstone","Snecko Eye","StuffTheSpire:GreaterSneckoEye","StuffTheSpire:DarkSteelAnvil","StuffTheSpire:CocoNut","GiantMaggot","Blue Candle","HandDrill","Pantograph","StoneCalendar"],"acts_visited":["Exordium","TheCity","TheBeyond","TheEnding"],"potions_floor_usage":[54,55,55,55,55,55,55],"damage_taken":[{"damage":4.0,"enemies":"Jaw Worm","floor":1.0,"turns":4.0},{"damage":0.0,"enemies":"Cultist","floor":4.0,"turns":2.0},{"damage":26.0,"enemies":"Gremlin Nob","floor":6.0,"turns":4.0},{"damage":6.0,"enemies":"2 Louse","floor":7.0,"turns":3.0},{"damage":5.0,"enemies":"Red Slaver","floor":8.0,"turns":2.0},{"damage":24.0,"enemies":"Lagavulin","floor":10.0,"turns":8.0},{"damage":21.0,"enemies":"3 Sentries","floor":12.0,"turns":5.0},{"damage":31.0,"enemies":"Lagavulin","floor":14.0,"turns":4.0},{"damage":41.0,"enemies":"The Guardian","floor":16.0,"turns":9.0},{"damage":5.0,"enemies":"Chosen","floor":18.0,"turns":4.0},{"damage":23.0,"enemies":"3 Byrds","floor":20.0,"turns":5.0},{"damage":25.0,"enemies":"Shelled Parasite and Fungi","floor":21.0,"turns":3.0},{"damage":9.0,"enemies":"Book of Stabbing","floor":23.0,"turns":3.0},{"damage":0.0,"enemies":"Centurion and Healer","floor":24.0,"turns":3.0},{"damage":0.0,"enemies":"Snake Plant","floor":28.0,"turns":2.0},{"damage":0.0,"enemies":"Gremlin Leader","floor":31.0,"turns":3.0},{"damage":56.0,"enemies":"Collector","floor":33.0,"turns":8.0},{"damage":10.0,"enemies":"3 Darklings","floor":35.0,"turns":3.0},{"damage":0.0,"enemies":"Orb Walker","floor":36.0,"turns":3.0},{"damage":0.0,"enemies":"2 Orb Walkers","floor":38.0,"turns":2.0},{"damage":0.0,"enemies":"Reptomancer","floor":44.0,"turns":4.0},{"damage":0.0,"enemies":"3 Darklings","floor":46.0,"turns":2.0},{"damage":0.0,"enemies":"Maw","floor":47.0,"turns":4.0},{"damage":0.0,"enemies":"Time Eater","floor":50.0,"turns":7.0},{"damage":30,"enemies":"Shield and Spear","floor":54,"turns":3},{"damage":11,"enemies":"The Heart","floor":55,"turns":6}],"seed_played":"1389550054052365394","potions_obtained":[{"floor":1.0,"key":"infinitespire:BlackPotion"},{"floor":10.0,"key":"AttackPotion"},{"floor":16.0,"key":"SteroidPotion"},{"floor":20.0,"key":"ColorlessPotion"},{"floor":23.0,"key":"DeathKnight:PlagueVial"},{"floor":28.0,"key":"SteroidPotion"},{"floor":33.0,"key":"Explosive Potion"},{"floor":35.0,"key":"DeathKnight:RunicPotion"},{"floor":38.0,"key":"DuplicationPotion"}],"is_trial":false,"path_per_floor":["M","?","?","M","?","E","M","M","T","E","R","E","R","E","R","B",null,"M","$","M","M","AVR","E","M","?","T","?","M","R","?","E","R","B",null,"M","M","?","?","?","R","?","R","T","E","R","M","M","AVR","R","B",null,"R","$","E","B",null],"character_chosen":"DEATH_KNIGHT","items_purchased":["DeathKnight:CorpseWagon","ExplosiveVial","HandDrill","DeathKnight:RimePotion","Pantograph"],"campfire_rested":6,"item_purchase_floors":[19,19,53,53,53],"current_hp_per_floor":[71,56,56,56,56,30,31,26,26,20,42,32,54,45,67,44,75,75,75,52,36,36,41,41,21,21,21,23,46,46,46,69,31,79,71,81,61,73,52,52,52,52,59,73,73,83,92,92,92,92,92,92,92,73,86],"gold":67,"neow_bonus":"ONE_RANDOM_RARE_CARD","is_daily":false,"chose_seed":false,"campfire_upgraded":0,"win_rate":0.0,"timestamp":1609243057,"path_taken":["M","?","?","?","?","E","?","M","T","E","R","E","R","E","R","BOSS","M","$","M","M","AVR","E","M","?","T","?","M","R","?","E","R","BOSS","M","M","?","?","?","R","?","R","T","E","R","M","M","AVR","R","BOSS","R","$","E","BOSS"],"items_purchased_type":["Relic","Relic","Relic","Potion","Relic"],"build_version":"2020-12-22","purchased_purges":3,"victory":true,"max_hp_per_floor":[75,75,75,75,75,75,75,75,75,75,75,75,75,75,75,75,75,75,75,75,77,77,77,77,77,77,77,79,79,79,79,79,79,79,81,81,81,81,81,81,81,81,88,88,88,90,92,92,92,92,92,92,92,94,94],"card_choices":[{"not_picked":["DeathKnight:PillarOfFrost","DeathKnight:FesteringStrike"],"picked":"DeathKnight:BloodStrike","floor":1.0},{"not_picked":["DeathKnight:Ossuary","DeathKnight:Parry"],"picked":"DeathKnight:BloodPact","floor":4.0},{"not_picked":["DeathKnight:MutagenicPlague","DeathKnight:RunicCorruption"],"picked":"DeathKnight:DeathStrike","floor":6.0},{"not_picked":["DeathKnight:FoulBulwark","DeathKnight:HowlingBlast"],"picked":"DeathKnight:Razorice","floor":7.0},{"not_picked":["DeathKnight:Parry","DeathKnight:BludPresence"],"picked":"DeathKnight:DeathStrike","floor":8.0},{"not_picked":["DeathKnight:HornOfWinter","DeathKnight:BladedArmor"],"picked":"DeathKnight:Culling","floor":10.0},{"not_picked":["DeathKnight:BladedArmor","DeathKnight:Parry"],"picked":"DeathKnight:Defile","floor":12.0},{"not_picked":["DeathKnight:DeathCoil","DeathKnight:RaiseAlly"],"picked":"DeathKnight:FesteringStrike","floor":14.0},{"not_picked":["DeathKnight:ArmyOfTheDead","DeathKnight:BoneStorm"],"picked":"DeathKnight:SindragosasBreath","floor":16.0},{"not_picked":["DeathKnight:DreadStrike","DeathKnight:RunicCorruption+1"],"picked":"DeathKnight:GargoyleSkin","floor":18.0},{"not_picked":["DeathKnight:Ossuary+1","DeathKnight:Parry"],"picked":"DeathKnight:PlagueStrike","floor":20.0},{"not_picked":["DeathKnight:ShatteringStrikes","DeathKnight:FrosPresence","DeathKnight:RaiseAlly"],"picked":"Singing Bowl","floor":21.0},{"not_picked":["DeathKnight:BladedArmor","DeathKnight:Hemostasis"],"picked":"DeathKnight:Pestilence","floor":23.0},{"not_picked":["DeathKnight:HartStrike","DeathKnight:MutagenicPlague"],"picked":"DeathKnight:FoulBulwark","floor":24.0},{"not_picked":["DeathKnight:HartStrike+1","DeathKnight:ThirstingStrike","DeathKnight:PillarOfFrost"],"picked":"Singing Bowl","floor":28.0},{"not_picked":["DeathKnight:HartStrike","DeathKnight:PillarOfFrost"],"picked":"DeathKnight:PathOfFrost","floor":31.0},{"not_picked":["DeathKnight:ReapingStrike","DeathKnight:Razorice"],"picked":"DeathKnight:UnholyExperiment","floor":33.0},{"not_picked":["DeathKnight:Hysteria+1","DeathKnight:PathOfFrost+1","DeathKnight:Lichborne+1"],"picked":"Singing Bowl","floor":35.0},{"not_picked":["DeathKnight:PillarOfFrost","DeathKnight:MindFreeze"],"picked":"DeathKnight:DeathAndDecay","floor":36.0},{"not_picked":["DeathKnight:Parry+1","DeathKnight:DeathCoil"],"picked":"DeathKnight:AntiMagicShell+1","floor":38.0},{"not_picked":["infinitespire:Menacing","infinitespire:Oblivion"],"picked":"infinitespire:TheBestDefense","floor":39.0},{"not_picked":["DeathKnight:PathOfFrost","DeathKnight:IceboundArmor"],"picked":"DeathKnight:UnholyExperiment","floor":44.0},{"not_picked":["DeathKnight:DeathStrike+1","DeathKnight:BloodStrike+1","DeathKnight:PathOfFrost"],"picked":"Singing Bowl","floor":46.0},{"not_picked":["DeathKnight:MindFreeze","DeathKnight:DarkSuccor","DeathKnight:UnholyPresence+1"],"picked":"Singing Bowl","floor":47.0},{"not_picked":["DeathKnight:FrosPresence","DeathKnight:BloodStrike+1","DeathKnight:DeathStrike"],"picked":"Singing Bowl","floor":54}],"player_experience":475232,"relics_obtained":[{"floor":6.0,"key":"infinitespire:Midas Blood"},{"floor":9.0,"key":"Singing Bowl"},{"floor":10.0,"key":"Shuriken"},{"floor":12.0,"key":"Boot"},{"floor":14.0,"key":"DeathKnight:JainasLocket"},{"floor":23.0,"key":"Girya"},{"floor":31.0,"key":"Whetstone"},{"floor":37.0,"key":"StuffTheSpire:GreaterSneckoEye"},{"floor":38.0,"key":"StuffTheSpire:DarkSteelAnvil"},{"floor":43.0,"key":"StuffTheSpire:CocoNut"},{"floor":44.0,"key":"GiantMaggot"},{"floor":54,"key":"StoneCalendar"}],"event_choices":[{"damage_healed":0.0,"max_hp_gain":0.0,"max_hp_loss":0.0,"gold_gain":0.0,"event_name":"Shining Light","player_choice":"Entered Light","floor":2.0,"gold_loss":0.0,"damage_taken":15.0,"cards_upgraded":["DeathKnight:Defend_DeathKnight","DeathKnight:BloodStrike"]},{"damage_healed":0.0,"max_hp_gain":0.0,"max_hp_loss":0.0,"gold_gain":0.0,"event_name":"Accursed Blacksmith","player_choice":"Rummage","floor":3.0,"gold_loss":0.0,"damage_taken":0.0,"relics_obtained":["WarpedTongs"],"cards_obtained":["Pain"]},{"cards_removed":["DeathKnight:Defend_DeathKnight"],"damage_healed":0.0,"max_hp_gain":0.0,"max_hp_loss":0.0,"gold_gain":0.0,"event_name":"Purifier","player_choice":"Purged","floor":5.0,"gold_loss":0.0,"damage_taken":0.0},{"damage_healed":0.0,"max_hp_gain":0.0,"max_hp_loss":0.0,"gold_gain":0.0,"event_name":"Mysterious Sphere","player_choice":"Fight","floor":38.0,"gold_loss":0.0,"damage_taken":0.0},{"damage_healed":0.0,"max_hp_gain":0.0,"max_hp_loss":0.0,"gold_gain":0.0,"cards_transformed":["DeathKnight:Strike_DeathKnight"],"event_name":"Transmorgrifier","player_choice":"Transformed","floor":41.0,"gold_loss":0.0,"damage_taken":0.0,"cards_obtained":["DeathKnight:DarkSuccor"]}],"is_beta":false,"boss_relics":[{"not_picked":["Philosopher\u0027s Stone","SlaversCollar"],"picked":"Fusion Hammer"},{"not_picked":["Runic Pyramid","CosmicIsotope"],"picked":"Snecko Eye"}],"items_purged_floors":[19,48,53],"is_endless":false,"potions_floor_spawned":[1,10,16,20,23,28,33,35,38,47],"ascension_level":0}}