{"host":"fujxx38qt1kwucvg","time":1609260121,"event":{"mods":["AchievementEnabler","BaseMod","Colored Powertips","Highlight Path","Lobotomy","Minty Spire (QoL Compilation)","Quick Restart","StSLib"],"gold_per_floor":[112,131,56,131,148,177,177,207,207,220,1,21,21,32,32,131,131,150,150,150,166,66,83,83,83,83,99,99,99,128,128,128,223,223,239,253,269,49,69,69,98,98,98,98,198,198,213,229,229,229,229,229,229,10,37,37],"floor_reached":57,"playtime":3247,"items_purged":["Defend_P","Meditate","Defend_P"],"score":1262,"play_id":"507e7ab0-866e-45b9-a191-f93135c25141","local_time":"20201230014201","is_ascension_mode":false,"campfire_choices":[{"floor":7,"key":"REST"},{"floor":15,"key":"REST"},{"data":"Scrawl","floor":24,"key":"SMITH"},{"floor":28,"key":"RECALL"},{"floor":32,"key":"REST"},{"data":"ClearTheMind","floor":40,"key":"SMITH"},{"data":"ClearTheMind","floor":42,"key":"SMITH"},{"data":"MentalFortress","floor":46,"key":"SMITH"},{"data":"InnerPeace","floor":49,"key":"SMITH"},{"data":"WheelKick","floor":53,"key":"SMITH"}],"circlet_count":0,"master_deck":["Strike_P+1","Strike_P","Strike_P","Defend_P","Defend_P+1","Eruption+1","Vigilance","MentalFortress+1","ClearTheMind+1","Scrawl+1","Tantrum","ClearTheMind+1","LikeWater+1","TalkToTheHand+1","InnerPeace+1","Tantrum+1","DevaForm+1","WheelKick+1","ClearTheMind+1","Adaptation+1"],"relics":["PureWater","Boot","Frozen Egg 2","Lantern","SacredBark","Pantograph","Eternal Feather","Coffee Dripper","Vajra","The Courier","Molten Egg 2","Medical Kit","Art of War"],"acts_visited":["Exordium","TheCity","TheBeyond","TheEnding"],"potions_floor_usage":[8,10,18,23,30,33,35,47,50,56],"damage_taken":[{"damage":0,"enemies":"Small Slimes","floor":1,"turns":4},{"damage":0,"enemies":"Cultist","floor":2,"turns":2},{"damage":1,"enemies":"Jaw Worm","floor":5,"turns":4},{"damage":41,"enemies":"3 Sentries","floor":6,"turns":14},{"damage":0,"enemies":"Gremlin Nob","floor":8,"turns":4},{"damage":0,"enemies":"3 Louse","floor":10,"turns":1},{"damage":10,"enemies":"Looter","floor":12,"turns":2},{"damage":0,"enemies":"2 Fungi Beasts","floor":14,"turns":1},{"damage":0,"enemies":"Slime Boss","floor":16,"turns":6},{"damage":10,"enemies":"3 Byrds","floor":18,"turns":5},{"damage":2,"enemies":"Spheric Guardian","floor":21,"turns":3},{"damage":8,"enemies":"Shelled Parasite and Fungi","floor":23,"turns":4},{"damage":0,"enemies":"Centurion and Healer","floor":27,"turns":4},{"damage":30,"enemies":"Gremlin Leader","floor":30,"turns":4},{"damage":53,"enemies":"Automaton","floor":33,"turns":9},{"damage":4,"enemies":"3 Shapes","floor":35,"turns":3},{"damage":17,"enemies":"3 Darklings","floor":36,"turns":4},{"damage":22,"enemies":"Jaw Worm Horde","floor":37,"turns":6},{"damage":0,"enemies":"Maw","floor":39,"turns":6},{"damage":27,"enemies":"Reptomancer","floor":41,"turns":8},{"damage":14,"enemies":"3 Darklings","floor":47,"turns":3},{"damage":10,"enemies":"Transient","floor":48,"turns":5},{"damage":27,"enemies":"Donu and Deca","floor":50,"turns":6},{"damage":12,"enemies":"Shield and Spear","floor":55,"turns":4},{"damage":13,"enemies":"The Heart","floor":56,"turns":7}],"seed_played":"-3248849577034644294","potions_obtained":[{"floor":2,"key":"CultistPotion"},{"floor":8,"key":"Explosive Potion"},{"floor":12,"key":"Weak Potion"},{"floor":18,"key":"Weak Potion"},{"floor":23,"key":"Block Potion"},{"floor":30,"key":"Block Potion"},{"floor":33,"key":"AttackPotion"},{"floor":36,"key":"Energy Potion"},{"floor":41,"key":"BottledMiracle"},{"floor":48,"key":"SkillPotion"}],"is_trial":false,"path_per_floor":["M","M","$","?","M","E","R","E","T","M","$","M","?","M","R","B",null,"M","?","?","M","$","M","R","?","T","M","R","$","E","?","R","B",null,"M","M","M","$","M","R","E","R","T","?","?","R","M","M","R","B",null,null,"R","$","E","B",null],"character_chosen":"WATCHER","items_purchased":["Lantern","Meditate","WheelKick","Vajra","Medical Kit"],"campfire_rested":3,"item_purchase_floors":[11,11,38,38,54],"current_hp_per_floor":[72,72,72,65,64,23,44,44,44,44,44,34,20,20,41,41,72,62,49,49,47,47,39,39,39,39,39,39,39,9,9,41,13,77,73,56,34,34,34,46,19,31,31,31,31,43,29,19,31,29,29,77,77,77,65,64],"gold":37,"neow_bonus":"UPGRADE_CARD","is_daily":false,"chose_seed":false,"campfire_upgraded":6,"win_rate":0.0,"timestamp":1609260121,"path_taken":["M","M","$","?","?","E","R","E","T","M","$","M","?","M","R","BOSS","M","?","?","M","$","M","R","?","T","M","R","$","E","?","R","BOSS","M","M","M","$","M","R","E","R","T","?","?","R","?","M","R","BOSS","R","$","E","BOSS"],"items_purchased_type":["Card","Card","Card","Relic","Relic"],"build_version":"2020-12-22","purchased_purges":3,"victory":true,"max_hp_per_floor":[72,72,72,72,72,72,72,72,72,72,72,72,72,72,72,72,72,72,77,77,77,77,77,77,77,77,77,77,77,77,77,77,77,77,77,77,77,77,77,77,77,77,77,77,77,77,77,77,77,77,77,77,77,77,77,77],"card_choices":[{"not_picked":["PathToVictory","CrushJoints","ReachHeaven"],"picked":"SKIP","floor":1},{"not_picked":["Perseverance","Protect"],"picked":"MentalFortress","floor":2},{"not_picked":["JustLucky","CarveReality","ThirdEye"],"picked":"SKIP","floor":5},{"not_picked":["WaveOfTheHand","ReachHeaven"],"picked":"ClearTheMind","floor":6},{"not_picked":["EmptyFist","CutThroughFate"],"picked":"Scrawl","floor":8},{"not_picked":["PathToVictory","FollowUp"],"picked":"Tantrum","floor":10},{"not_picked":["Nirvana+1","Worship"],"picked":"ClearTheMind","floor":12},{"not_picked":["Protect","Pray"],"picked":"LikeWater+1","floor":14},{"not_picked":["DeusExMachina","MasterReality+1"],"picked":"Brilliance","floor":16},{"not_picked":["BattleHymn+1","Collect"],"picked":"TalkToTheHand+1","floor":18},{"not_picked":["PathToVictory","EmptyFist"],"picked":"InnerPeace","floor":21},{"not_picked":["FlurryOfBlows","JustLucky","Evaluate"],"picked":"SKIP","floor":23},{"not_picked":["Consecrate","FlyingSleeves"],"picked":"Tantrum+1","floor":27},{"not_picked":["PathToVictory","FlurryOfBlows","WreathOfFlame"],"picked":"SKIP","floor":30},{"not_picked":["Brilliance","SpiritShield"],"picked":"DevaForm+1","floor":33},{"not_picked":["Protect+1","ReachHeaven+1","EmptyFist+1"],"picked":"SKIP","floor":35},{"not_picked":["CutThroughFate","Halt","EmptyBody"],"picked":"SKIP","floor":36},{"not_picked":["EmptyBody+1","Tantrum+1","SashWhip+1"],"picked":"SKIP","floor":37},{"not_picked":["CarveReality+1","PathToVictory+1"],"picked":"ClearTheMind+1","floor":39},{"not_picked":["CrushJoints","ThirdEye"],"picked":"Adaptation+1","floor":41},{"not_picked":["Consecrate+1","SignatureMove+1","BattleHymn+1"],"picked":"SKIP","floor":47},{"not_picked":["FlyingSleeves+1","EmptyFist+1","Consecrate+1"],"picked":"SKIP","floor":48},{"not_picked":["Alpha","BowlingBash+1","PathToVictory+1"],"picked":"SKIP","floor":55}],"player_experience":197863,"relics_obtained":[{"floor":6,"key":"Boot"},{"floor":8,"key":"Frozen Egg 2"},{"floor":26,"key":"Pantograph"},{"floor":30,"key":"Eternal Feather"},{"floor":41,"key":"The Courier"},{"floor":43,"key":"Molten Egg 2"},{"floor":55,"key":"Art of War"}],"event_choices":[{"damage_healed":0,"gold_gain":75,"player_choice":"Touch","damage_taken":7,"max_hp_gain":0,"max_hp_loss":0,"event_name":"FaceTrader","floor":4,"gold_loss":0},{"damage_healed":0,"gold_gain":0,"player_choice":"Entered Light","damage_taken":14,"max_hp_gain":0,"max_hp_loss":0,"event_name":"Shining Light","floor":13,"gold_loss":0,"cards_upgraded":["Defend_P","Strike_P"]},{"damage_healed":0,"gold_gain":0,"player_choice":"Shed Blood","damage_taken":18,"max_hp_gain":5,"max_hp_loss":0,"event_name":"Forgotten Altar","floor":19,"gold_loss":0},{"damage_healed":0,"gold_gain":0,"player_choice":"Ignored","damage_taken":0,"max_hp_gain":0,"max_hp_loss":0,"event_name":"Ghosts","floor":20,"gold_loss":0},{"cards_removed":["Strike_P"],"damage_healed":0,"gold_gain":0,"player_choice":"Elegance","damage_taken":0,"max_hp_gain":0,"max_hp_loss":0,"event_name":"Back to Basics","floor":25,"gold_loss":0},{"damage_healed":0,"gold_gain":0,"player_choice":"Ignored","damage_taken":0,"max_hp_gain":0,"max_hp_loss":0,"event_name":"The Mausoleum","floor":31,"gold_loss":0},{"cards_removed":["Brilliance"],"damage_healed":0,"gold_gain":0,"player_choice":"Removed Attack","damage_taken":0,"max_hp_gain":0,"max_hp_loss":0,"event_name":"Falling","floor":44,"gold_loss":0},{"damage_healed":0,"gold_gain":100,"player_choice":"Pray","damage_taken":0,"max_hp_gain":0,"max_hp_loss":0,"event_name":"Golden Shrine","floor":45,"gold_loss":0}],"is_beta":false,"boss_relics":[{"not_picked":["Velvet Choker","Philosopher\u0027s Stone"],"picked":"SacredBark"},{"not_picked":["Calling Bell","Busted Crown"],"picked":"Coffee Dripper"}],"items_purged_floors":[3,22,54],"is_endless":false,"potions_floor_spawned":[2,8,12,18,23,30,33,36,41,48],"ascension_level":0}}