{"host":"ydujlihd8f5px9gp","time":1609281399,"event":{"mods":["AchievementEnabler","BaseMod","Block Reminder","Colored Map","Minty Spire (QoL Compilation)","ojb\u0027s Info Mod"],"gold_per_floor":[112,124,140,157,170,185,214,214,214,214,230,255,271,284,284,386,386,399,399,253,272,285,285,320,335,335,351,370,386,401,412,412,412,412],"floor_reached":33,"playtime":2049,"items_purged":[],"score":291,"play_id":"af9c969b-4a70-4118-a5c5-234f43b67076","local_time":"20201229203639","is_ascension_mode":false,"campfire_choices":[{"data":"Dual Wield","floor":10,"key":"SMITH"},{"data":"Infernal Blade","floor":15,"key":"SMITH"},{"data":"Anger","floor":23,"key":"SMITH"},{"floor":32,"key":"REST"}],"circlet_count":0,"master_deck":["Strike_R","Strike_R","Strike_R","Strike_R","Strike_R","Defend_R","Defend_R","Defend_R+1","Defend_R","Bash","Dual Wield+1","Intimidate+1","Iron Wave","Reaper","Anger+1","Headbutt","Infernal Blade+1","Flex","Clash","Cleave","Evolve","Power Through","Fire Breathing","Shrug It Off+1","Rampage+1"],"relics":["Burning Blood","Shuriken","War Paint","Vajra","Mark of Pain","PreservedInsect","Blood Vial","Toxic Egg 2"],"acts_visited":["Exordium","TheCity"],"potions_floor_usage":[7,12,16,16,16,28,28,29,33,33],"damage_taken":[{"damage":5,"enemies":"2 Louse","floor":1,"turns":3},{"damage":15,"enemies":"Jaw Worm","floor":2,"turns":6},{"damage":4,"enemies":"Cultist","floor":3,"turns":4},{"damage":2,"enemies":"2 Fungi Beasts","floor":4,"turns":4},{"damage":4,"enemies":"3 Louse","floor":5,"turns":4},{"damage":13,"enemies":"Red Slaver","floor":6,"turns":3},{"damage":53,"enemies":"Lagavulin","floor":7,"turns":9},{"damage":1,"enemies":"Gremlin Gang","floor":11,"turns":5},{"damage":15,"enemies":"Gremlin Nob","floor":12,"turns":4},{"damage":12,"enemies":"Blue Slaver","floor":13,"turns":2},{"damage":4,"enemies":"Exordium Thugs","floor":14,"turns":3},{"damage":59,"enemies":"The Guardian","floor":16,"turns":12},{"damage":5,"enemies":"3 Byrds","floor":18,"turns":5},{"damage":27,"enemies":"Shell Parasite","floor":21,"turns":5},{"damage":11,"enemies":"3 Cultists","floor":22,"turns":4},{"damage":38,"enemies":"Book of Stabbing","floor":24,"turns":4},{"damage":15,"enemies":"Centurion and Healer","floor":25,"turns":7},{"damage":36,"enemies":"Snake Plant","floor":27,"turns":5},{"damage":40,"enemies":"Shelled Parasite and Fungi","floor":28,"turns":5},{"damage":17,"enemies":"3 Cultists","floor":29,"turns":6},{"damage":17,"enemies":"Snake Plant","floor":30,"turns":7},{"damage":27,"enemies":"Centurion and Healer","floor":31,"turns":7},{"damage":64,"enemies":"Champ","floor":33,"turns":8}],"seed_played":"-1615123138742284690","potions_obtained":[{"floor":2,"key":"Dexterity Potion"},{"floor":3,"key":"DistilledChaos"},{"floor":6,"key":"Energy Potion"},{"floor":12,"key":"ElixirPotion"},{"floor":13,"key":"SteroidPotion"},{"floor":14,"key":"SpeedPotion"},{"floor":21,"key":"Dexterity Potion"},{"floor":25,"key":"BloodPotion"},{"floor":27,"key":"ElixirPotion"},{"floor":28,"key":"Dexterity Potion"},{"floor":29,"key":"PowerPotion"}],"is_trial":false,"path_per_floor":["M","M","M","M","M","M","E","?","T","R","M","E","M","M","R","B",null,"M","?","$","M","M","R","E","M","T","M","M","M","M","M","R","B"],"character_chosen":"IRONCLAD","items_purchased":["PreservedInsect"],"campfire_rested":1,"item_purchase_floors":[20],"current_hp_per_floor":[88,79,81,85,87,80,39,39,39,39,50,47,50,52,52,17,88,88,82,82,67,80,80,48,55,55,27,27,35,32,25,51,0,0],"gold":412,"neow_bonus":"TEN_PERCENT_HP_BONUS","is_daily":false,"chose_seed":false,"campfire_upgraded":3,"win_rate":0.0,"timestamp":1609281399,"path_taken":["M","M","M","M","M","M","E","?","T","R","M","E","M","M","R","BOSS","M","?","$","M","?","R","E","M","T","M","M","M","M","M","R","BOSS"],"items_purchased_type":["Relic"],"build_version":"2020-12-22","purchased_purges":0,"victory":false,"max_hp_per_floor":[88,88,88,88,88,88,88,88,88,88,88,88,88,88,88,88,88,88,88,88,88,88,88,88,88,88,88,88,88,88,88,88,88,88],"card_choices":[{"not_picked":["Headbutt","Power Through"],"picked":"Dual Wield","floor":1},{"not_picked":["Clothesline","Wild Strike"],"picked":"Intimidate","floor":2},{"not_picked":["Shrug It Off","Armaments","Headbutt"],"picked":"SKIP","floor":3},{"not_picked":["Dual Wield","Reckless Charge","Clash"],"picked":"SKIP","floor":4},{"not_picked":["Shockwave","Heavy Blade"],"picked":"Iron Wave","floor":5},{"not_picked":["Anger","Perfected Strike"],"picked":"Reaper","floor":6},{"not_picked":["Uppercut","Battle Trance"],"picked":"Anger","floor":7},{"not_picked":["Uppercut","Iron Wave"],"picked":"Headbutt","floor":11},{"not_picked":["Brutality","Sword Boomerang"],"picked":"Infernal Blade","floor":12},{"not_picked":["Thunderclap","Entrench","Evolve"],"picked":"SKIP","floor":13},{"not_picked":["Spot Weakness","Headbutt"],"picked":"Flex","floor":14},{"not_picked":["Hemokinesis","True Grit"],"picked":"Clash","floor":18},{"not_picked":["Blood for Blood","Clash"],"picked":"Cleave","floor":21},{"not_picked":["Heavy Blade","Intimidate","Headbutt+1"],"picked":"SKIP","floor":22},{"not_picked":["Rupture+1","Inflame"],"picked":"Evolve","floor":24},{"not_picked":["Warcry","Reaper"],"picked":"Power Through","floor":25},{"not_picked":["Heavy Blade","Body Slam"],"picked":"Fire Breathing","floor":27},{"not_picked":["Heavy Blade","Pommel Strike"],"picked":"Shrug It Off+1","floor":28},{"not_picked":["Perfected Strike","Pummel","Immolate"],"picked":"SKIP","floor":29},{"not_picked":["Warcry+1","Heavy Blade","Thunderclap"],"picked":"SKIP","floor":30},{"not_picked":["Cleave+1","Inflame"],"picked":"Rampage+1","floor":31}],"player_experience":63105,"relics_obtained":[{"floor":7,"key":"Shuriken"},{"floor":9,"key":"War Paint"},{"floor":12,"key":"Vajra"},{"floor":24,"key":"Blood Vial"},{"floor":26,"key":"Toxic Egg 2"}],"event_choices":[{"damage_healed":0,"gold_gain":0,"player_choice":"Ignored","damage_taken":0,"max_hp_gain":0,"max_hp_loss":0,"event_name":"Liars Game","floor":8,"gold_loss":0},{"damage_healed":0,"gold_gain":0,"player_choice":"","damage_taken":6,"max_hp_gain":0,"max_hp_loss":0,"event_name":"Knowing Skull","floor":19,"potions_obtained":[],"gold_loss":0,"cards_obtained":[]}],"is_beta":false,"boss_relics":[{"not_picked":["Calling Bell","Runic Cube"],"picked":"Mark of Pain"}],"items_purged_floors":[],"is_endless":false,"potions_floor_spawned":[2,3,6,12,13,14,21,25,27,28,29],"killed_by":"Champ","ascension_level":0}}