{"host":"yaxsefyig1et0yi2","time":1609215851,"event":{"mods":["Aspiration","BaseMod","BetterRewards","Colored Powertips","Conspire","Displayed Cursed Tome","Halation","Hermit","Hubris","Infinite Spire","Minty Spire (QoL Compilation)","Quick Restart","RatMod","Replay The Spire","Reworked Bosses","Spikes Relics","StSLib","The Jungle"],"gold_per_floor":[116,116,18,18,38,38,38,38,38,68,68,83,83,102,102,202,202,220,238,238,238,252,252,266,280,280,309,309,309,309,56,56,157,157,178,202,202,233,233,233,7,24,24,24,40,51,79,94,94,94,94,94,2780,2015,915,915],"floor_reached":55,"playtime":3179,"items_purged":["hermit:Strike_Hermit","Scrape"],"score":1067,"play_id":"b1f86118-ac97-4a39-a926-3d7b616ceb84","local_time":"20201228232411","is_ascension_mode":false,"campfire_choices":[{"floor":6,"key":"DIG"},{"floor":8,"key":"DIG"},{"data":"Crystallizer","floor":23,"key":"SMITH"},{"data":"Crow Ritual","floor":32,"key":"SMITH"},{"floor":44,"key":"RECALL"},{"data":"Storm","floor":49,"key":"SMITH"},{"data":"hermit:Magnum","floor":52,"key":"SMITH"}],"circlet_count":0,"master_deck":["hermit:Strike_Hermit","hermit:Strike_Hermit","hermit:Strike_Hermit","hermit:Defend_Hermit","hermit:Defend_Hermit","hermit:Defend_Hermit","hermit:Defend_Hermit","hermit:Snapshot","hermit:Covet","Crow Ritual+1","hermit:Horror+1","hermit:Glare","Assess","hermit:Combo","hermit:BigShot","hermit:RoundhouseKick","hermit:RoundhouseKick","Capacitor","Sunder+1","hermit:Magnum","Crystallizer+1","ReplayTheSpireMod:Dual Polarity","Electrodynamics","hermit:Snipe","hermit:Strike_Hermit","hermit:Strike_Hermit","hermit:Strike_Hermit","hermit:Defend_Hermit","hermit:Defend_Hermit","hermit:Defend_Hermit","hermit:Defend_Hermit","hermit:Snapshot","hermit:Covet","Crow Ritual+1","hermit:Horror+1","hermit:Glare+1","Assess","hermit:Combo+1","hermit:BigShot","hermit:RoundhouseKick","hermit:RoundhouseKick","Capacitor","Sunder+1","hermit:Magnum+1","Crystallizer+1","ReplayTheSpireMod:Dual Polarity","Electrodynamics","hermit:Snipe","Discovery","Storm+1","Gash","Parasite","Hello World+1","White Noise","hermit:Deadeye","Sweeping Beam","hermit:NoHoldsBarred+1","hermit:FullyLoaded+1","ReplayTheSpireMod:IOU","ReplayTheSpireMod:IOU","ReplayTheSpireMod:IOU","ReplayTheSpireMod:IOU","ReplayTheSpireMod:IOU","ReplayTheSpireMod:IOU","ReplayTheSpireMod:IOU","ReplayTheSpireMod:IOU","ReplayTheSpireMod:IOU","ReplayTheSpireMod:IOU","ReplayTheSpireMod:IOU","ReplayTheSpireMod:IOU","ReplayTheSpireMod:IOU","ReplayTheSpireMod:IOU","ReplayTheSpireMod:IOU","ReplayTheSpireMod:IOU","ReplayTheSpireMod:IOU","ReplayTheSpireMod:IOU","ReplayTheSpireMod:IOU","ReplayTheSpireMod:IOU","ReplayTheSpireMod:IOU","hermit:Grudge","hermit:Malice","hermit:Vantage","hermit:HoleUp","hermit:EternalForm+1","Secret Technique","Purity","hermit:Deadeye+1"],"relics":["Ring of the Snake","hubris:BallOfYels","aspiration:HatOfInfinitePower","HornCleat","Charon\u0027s Ashes","halation:MonkeysPaw","hubris:BlackHole","Sizzling Blood","LugNut","Replay:Grab Bag","hubris:Spice","Champion Belt","infinitespire:DarkRift","infinitespire:Chaos","Calipers","Replay:Wax Seal","Medical Kit","ReplayTheSpireMod:TigerMarble"],"acts_visited":["Exordium","TheCity","TheBeyond","TheEnding"],"potions_floor_usage":[33,33,33,50,50,50,55,55,55],"damage_taken":[{"damage":1,"enemies":"Jaw Worm","floor":1,"turns":3},{"damage":4,"enemies":"Small Slimes","floor":5,"turns":3},{"damage":0,"enemies":"Lagavulin","floor":10,"turns":4},{"damage":1,"enemies":"Cultist","floor":12,"turns":3},{"damage":15,"enemies":"3 Louse","floor":14,"turns":4},{"damage":30,"enemies":"Hexaghost","floor":16,"turns":7},{"damage":15,"enemies":"3 Byrds","floor":18,"turns":4},{"damage":47,"enemies":"2 Thieves","floor":19,"turns":4},{"damage":0,"enemies":"Snake Plant","floor":22,"turns":4},{"damage":12,"enemies":"Centurion and Healer","floor":24,"turns":3},{"damage":16,"enemies":"Snecko","floor":25,"turns":4},{"damage":19,"enemies":"Replay:Snechameleon","floor":27,"turns":4},{"damage":7,"enemies":"Pondfish","floor":33,"turns":5},{"damage":43,"enemies":"3 Darklings","floor":35,"turns":4},{"damage":6,"enemies":"3 Shapes","floor":36,"turns":3},{"damage":26,"enemies":"Writhing Mass","floor":38,"turns":4},{"damage":2,"enemies":"Spire Growth","floor":42,"turns":3},{"damage":17,"enemies":"3 Darklings","floor":45,"turns":2},{"damage":0,"enemies":"Transient","floor":46,"turns":4},{"damage":5,"enemies":"Nemesis","floor":47,"turns":4},{"damage":0,"enemies":"Maw","floor":48,"turns":5},{"damage":0,"enemies":"bossMod:newAwakened","floor":50,"turns":4},{"damage":68,"enemies":"Shield and Spear","floor":54,"turns":4},{"damage":52,"enemies":"The Heart","floor":55,"turns":5}],"seed_played":"-5242302512009382861","potions_obtained":[{"floor":12,"key":"GamblersBrew"},{"floor":16,"key":"CultistPotion"},{"floor":24,"key":"Swift Potion"},{"floor":25,"key":"Strength Potion"},{"floor":33,"key":"GamblersBrew"},{"floor":35,"key":"Dexterity Potion"},{"floor":38,"key":"SkillPotion"},{"floor":42,"key":"Strength Potion"}],"is_trial":false,"path_per_floor":["M","?","$","?","M","R","$","R","T","E","R","M","R","M","R","B",null,"M","M","?","?","M","R","M","M","T","E","?","?","R","$","R","B",null,"M","M","?","M","?","R","$","M","T","R","M","M","E","M","R","B",null,"R","$","E","B"],"character_chosen":"HERMIT","items_purchased":["Crow Ritual","hermit:Horror","Assess","halation:Convergence","Discovery","White Noise","infinitespire:Chaos","Replay:Wax Seal","hubris:Spice","Medical Kit","hermit:Grudge","hermit:Malice","hermit:Vantage","hermit:HoleUp","hermit:EternalForm+1","Secret Technique","Purity","BlessingOfTheForge","SkillPotion","Dexterity Potion"],"campfire_rested":0,"item_purchase_floors":[0,0,3,31,31,41,41,53,53,53,53,53,53,53,53,53,53,53,53,53],"current_hp_per_floor":[39,42,42,50,49,49,49,49,49,49,49,48,72,57,57,27,81,66,22,22,22,22,22,10,30,30,11,11,11,36,36,36,29,84,41,35,35,9,73,73,85,85,85,85,72,76,75,79,79,83,85,85,93,29,0,0],"gold":915,"neow_bonus":"","is_daily":false,"chose_seed":false,"campfire_upgraded":4,"win_rate":0.0,"timestamp":1609215851,"path_taken":["M","?","$","?","M","R","?","R","T","E","R","?","R","M","R","BOSS","M","M","?","?","M","R","M","?","T","E","?","?","R","$","R","BOSS","M","?","?","?","?","R","$","M","T","R","M","M","E","M","R","BOSS","R","$","E","BOSS"],"items_purchased_type":["Card","Card","Card","Relic","Card","Card","Relic","Relic","Relic","Relic","Card","Card","Card","Card","Card","Card","Card","Potion","Potion","Potion"],"build_version":"2020-12-22","purchased_purges":2,"victory":false,"max_hp_per_floor":[75,78,78,78,81,81,81,81,81,81,81,81,81,81,81,81,81,81,84,84,84,84,84,84,84,84,84,84,84,84,84,84,84,84,84,84,84,84,73,73,85,85,85,85,85,85,85,85,85,85,85,85,93,93,93,93],"card_choices":[{"not_picked":["hermit:TrackingShot","hermit:Dive"],"picked":"hermit:Glare","floor":1},{"not_picked":["hermit:Coalescence","hermit:HoleUp"],"picked":"hermit:Combo","floor":5},{"not_picked":["hermit:LowProfile","hermit:Desperado","hermit:ShadowCloak"],"picked":"SKIP","floor":10},{"not_picked":["hermit:NoHoldsBarred","hermit:Desperado"],"picked":"hermit:BigShot","floor":12},{"not_picked":["hermit:Ricochet","hermit:ItchyTrigger"],"picked":"hermit:RoundhouseKick","floor":14},{"not_picked":["hermit:BlackWind","hermit:FatalDesire"],"picked":"hermit:RoundhouseKick","floor":16},{"not_picked":["hermit:FlashPowder","hermit:CalledShot","hermit:NoHoldsBarred"],"picked":"Capacitor","floor":18},{"not_picked":["hermit:HighCaliber","hermit:Vantage","Static Discharge"],"picked":"Sunder+1","floor":19},{"not_picked":["Panic Button","Redo","Hologram"],"picked":"Crystallizer","floor":22},{"not_picked":["hermit:TrackingShot+1","hermit:Headshot","hermit:TakeCover"],"picked":"ReplayTheSpireMod:Dual Polarity","floor":24},{"not_picked":["ReplaySort","hermit:Headshot+1","Leap"],"picked":"Electrodynamics","floor":25},{"not_picked":["Crystallizer","Panic Button","hermit:PistolWhip"],"picked":"hermit:Snipe","floor":27},{"not_picked":["Leap+1","Cold Snap","hermit:Coalescence+1"],"picked":"Storm","floor":35},{"not_picked":["hermit:BodyArmor","hermit:Determination+1","Beam Cell"],"picked":"Gash","floor":36},{"not_picked":["Hologram","hermit:Ricochet","hermit:SprayPray"],"picked":"Hello World+1","floor":38},{"not_picked":["hermit:HighCaliber+1","Barrage+1"],"picked":"Scrape","floor":42},{"not_picked":["BootSequence+1","ReplayTheSpireMod:Calculation Training+1"],"picked":"hermit:Deadeye","floor":45},{"not_picked":["hermit:Shortfuse","hermit:WideOpen+1"],"picked":"Sweeping Beam","floor":46},{"not_picked":["hermit:Glare+1","hermit:Manifest+1"],"picked":"hermit:NoHoldsBarred+1","floor":47},{"not_picked":["hermit:DeadOrAlive","Coolheaded+1"],"picked":"hermit:FullyLoaded+1","floor":48},{"not_picked":["hermit:TakeCover+1","hermit:Determination"],"picked":"hermit:Deadeye+1","floor":54}],"player_experience":236743,"relics_obtained":[{"floor":5,"key":"halation:EternalFortune"},{"floor":6,"key":"infinitespire:CursedDice"},{"floor":8,"key":"infinitespire:PuzzleCube"},{"floor":9,"key":"Quantum Egg"},{"floor":10,"key":"Art of War"},{"floor":19,"key":"halation:EternalFortune"},{"floor":26,"key":"infinitespire:FocusingShard"},{"floor":27,"key":"SpikesRelics:DaevaFist"},{"floor":47,"key":"Calipers"},{"floor":54,"key":"ReplayTheSpireMod:TigerMarble"}],"event_choices":[{"damage_healed":0,"gold_gain":0,"player_choice":"Leave","damage_taken":0,"max_hp_gain":0,"max_hp_loss":0,"event_name":"conspire:Investor","floor":20,"gold_loss":0},{"damage_healed":0,"gold_gain":0,"player_choice":"1 cards matched","damage_taken":0,"max_hp_gain":0,"max_hp_loss":0,"event_name":"Match and Keep!","floor":21,"gold_loss":0,"cards_obtained":["hermit:Magnum"]},{"damage_healed":0,"gold_gain":0,"player_choice":"Inject Mutagens","damage_taken":0,"relics_obtained":["MutagenicStrength"],"max_hp_gain":0,"max_hp_loss":0,"event_name":"Drug Dealer","floor":28,"gold_loss":0},{"damage_healed":0,"gold_gain":0,"player_choice":"Upgraded","damage_taken":0,"max_hp_gain":0,"max_hp_loss":0,"event_name":"Upgrade Shrine","floor":37,"gold_loss":0,"cards_upgraded":["Crow Ritual"]},{"damage_healed":73,"gold_gain":0,"player_choice":"Heal","damage_taken":0,"max_hp_gain":0,"max_hp_loss":11,"event_name":"The Moai Head","floor":39,"gold_loss":0}],"is_beta":false,"boss_relics":[{"not_picked":["Ectoplasm","hubris:ScarierMask"],"picked":"aspiration:DefectSkillbook"},{"not_picked":["aspiration:PoetsPen_weak","conspire:SeveredTorchhead"],"picked":"hermit:ClaspedLocket"}],"items_purged_floors":[0,53],"is_endless":false,"potions_floor_spawned":[12,16,24,25,33,35,38,42,47,48],"killed_by":"The Heart","ascension_level":0}}