{"host":"nlbm7eld1wcqj9ez","time":1609250558,"event":{"mods":["AchievementEnabler","BaseMod","Colored Map","Colored Powertips","DeckTracker","Minty Spire (QoL Compilation)","StSLib"],"gold_per_floor":[114,114,128,141,159,184,197,197,197,197,197,42,42,42,42,147,147,166,166,22,33,88,123,135,135,207,207,207,207,220,236,236,331,331,343,343,343,343],"floor_reached":37,"playtime":1782,"items_purged":[],"score":387,"play_id":"b6774638-253b-489c-aa41-0dffefbb462e","local_time":"20201229150238","is_ascension_mode":false,"campfire_choices":[{"data":"Scrape","floor":8,"key":"SMITH"},{"floor":13,"key":"REST"},{"floor":15,"key":"REST"},{"floor":25,"key":"REST"},{"floor":28,"key":"REST"},{"floor":32,"key":"REST"}],"circlet_count":0,"master_deck":["Defend_B","Defend_B","Defend_B","Defend_B","Zap","Dualcast","All For One","Cold Snap","Streamline+1","FTL","Fusion","Beam Cell","Scrape+1","FTL","Stack","Creative AI","Leap","Sweeping Beam+1","Chill","Scrape+1","Aggregate","Stack","Streamline","White Noise","Go for the Eyes+1","Machine Learning"],"relics":["Cracked Core","HornCleat","Bag of Preparation","Centennial Puzzle","Dream Catcher","Nuclear Battery","GremlinMask","Blood Vial","Potion Belt","Pantograph","Mercury Hourglass","Empty Cage"],"acts_visited":["Exordium","TheCity","TheBeyond"],"potions_floor_usage":[],"damage_taken":[{"damage":0,"enemies":"2 Louse","floor":1,"turns":2},{"damage":4,"enemies":"Cultist","floor":3,"turns":3},{"damage":0,"enemies":"Small Slimes","floor":4,"turns":3},{"damage":6,"enemies":"2 Fungi Beasts","floor":5,"turns":3},{"damage":12,"enemies":"Lagavulin","floor":6,"turns":6},{"damage":7,"enemies":"Blue Slaver","floor":7,"turns":3},{"damage":47,"enemies":"Hexaghost","floor":16,"turns":9},{"damage":16,"enemies":"Spheric Guardian","floor":18,"turns":4},{"damage":12,"enemies":"3 Byrds","floor":21,"turns":4},{"damage":30,"enemies":"Book of Stabbing","floor":23,"turns":4},{"damage":12,"enemies":"Centurion and Healer","floor":24,"turns":4},{"damage":12,"enemies":"Snake Plant","floor":30,"turns":4},{"damage":16,"enemies":"Snecko","floor":31,"turns":4},{"damage":59,"enemies":"Champ","floor":33,"turns":13},{"damage":48,"enemies":"3 Shapes","floor":35,"turns":4},{"damage":49,"enemies":"2 Orb Walkers","floor":37,"turns":5}],"seed_played":"6552320340535497395","potions_obtained":[{"floor":1,"key":"PowerPotion"},{"floor":3,"key":"LiquidBronze"},{"floor":6,"key":"PowerPotion"},{"floor":23,"key":"Dexterity Potion"},{"floor":31,"key":"Strength Potion"}],"is_trial":false,"path_per_floor":["M","?","M","M","M","E","M","R","T","?","?","$","R","$","R","B",null,"M","?","$","M","T","E","M","R","T","?","R","?","M","M","R","B",null,"M","?","?"],"character_chosen":"DEFECT","items_purchased":["Dream Catcher","Blood Vial"],"campfire_rested":5,"item_purchase_floors":[12,20],"current_hp_per_floor":[75,75,71,71,65,53,46,46,46,46,46,46,68,68,75,28,75,59,59,59,49,49,21,11,33,33,58,75,75,63,49,71,16,75,27,27,0,0],"gold":343,"neow_bonus":"ONE_RANDOM_RARE_CARD","is_daily":false,"chose_seed":false,"campfire_upgraded":1,"win_rate":0.0,"timestamp":1609250558,"path_taken":["M","?","M","M","?","E","M","R","T","?","?","$","R","?","R","BOSS","M","?","$","?","?","E","M","R","T","?","R","?","M","M","R","BOSS","M","?","?"],"items_purchased_type":["Relic","Relic"],"build_version":"2020-12-22","purchased_purges":0,"victory":false,"max_hp_per_floor":[75,75,75,75,75,75,75,75,75,75,75,75,75,75,75,75,75,75,75,75,75,75,75,75,75,75,75,75,75,75,75,75,75,75,75,75,75,75],"card_choices":[{"not_picked":["Skim","Fusion"],"picked":"Cold Snap","floor":1},{"not_picked":["Darkness","Chill"],"picked":"Streamline","floor":3},{"not_picked":["Hello World","Blizzard"],"picked":"FTL","floor":4},{"not_picked":["Stack","Ball Lightning"],"picked":"Fusion","floor":5},{"not_picked":["Stack","FTL"],"picked":"Beam Cell","floor":6},{"not_picked":["Defragment","Coolheaded"],"picked":"Scrape","floor":7},{"not_picked":["Barrage","Rainbow"],"picked":"FTL","floor":13},{"not_picked":["Defragment","Blizzard"],"picked":"Stack","floor":15},{"not_picked":["Thunder Strike","All For One"],"picked":"Creative AI","floor":16},{"not_picked":["Redo","Fusion+1"],"picked":"Leap","floor":18},{"not_picked":["Conserve Battery","Stack"],"picked":"Sweeping Beam+1","floor":21},{"not_picked":["Compile Driver","Conserve Battery+1"],"picked":"Chill","floor":23},{"not_picked":["Ball Lightning","Skim"],"picked":"Scrape+1","floor":24},{"not_picked":["Leap","Rebound+1"],"picked":"Aggregate","floor":28},{"not_picked":["Force Field","Undo+1","Lockon"],"picked":"SKIP","floor":30},{"not_picked":["Loop","Lockon+1"],"picked":"White Noise","floor":31},{"not_picked":["Cold Snap","Capacitor"],"picked":"Go for the Eyes+1","floor":32},{"not_picked":["Electrodynamics","Echo Form"],"picked":"Machine Learning","floor":33},{"not_picked":["Doom and Gloom+1","Capacitor+1","Redo"],"picked":"SKIP","floor":35}],"player_experience":26118,"relics_obtained":[{"floor":6,"key":"HornCleat"},{"floor":9,"key":"Bag of Preparation"},{"floor":22,"key":"Potion Belt"},{"floor":23,"key":"Pantograph"},{"floor":26,"key":"Mercury Hourglass"}],"event_choices":[{"cards_removed":["Strike_B"],"damage_healed":0,"gold_gain":0,"player_choice":"Purged","damage_taken":0,"max_hp_gain":0,"max_hp_loss":0,"event_name":"Purifier","floor":2,"gold_loss":0},{"damage_healed":0,"gold_gain":0,"player_choice":"Box","damage_taken":0,"relics_obtained":["Centennial Puzzle"],"max_hp_gain":0,"max_hp_loss":0,"event_name":"Big Fish","floor":10,"gold_loss":0,"cards_obtained":["Regret"]},{"damage_healed":0,"gold_gain":0,"player_choice":"Grow","damage_taken":0,"max_hp_gain":0,"max_hp_loss":0,"event_name":"Living Wall","floor":11,"gold_loss":0,"cards_upgraded":["Streamline"]},{"damage_healed":0,"gold_gain":0,"player_choice":"Trade","damage_taken":0,"relics_obtained":["GremlinMask"],"max_hp_gain":0,"max_hp_loss":0,"event_name":"FaceTrader","floor":19,"gold_loss":0},{"damage_healed":25,"gold_gain":0,"player_choice":"Heal","damage_taken":0,"max_hp_gain":0,"max_hp_loss":0,"event_name":"The Library","floor":27,"gold_loss":0},{"damage_healed":0,"gold_gain":0,"cards_transformed":["Strike_B","Strike_B"],"player_choice":"Became Test Subject","damage_taken":0,"max_hp_gain":0,"max_hp_loss":0,"event_name":"Drug Dealer","floor":29,"gold_loss":0,"cards_obtained":["Stack","Streamline"]},{"damage_healed":0,"gold_gain":0,"player_choice":"Ignored","damage_taken":0,"max_hp_gain":0,"max_hp_loss":0,"event_name":"Tomb of Lord Red Mask","floor":36,"gold_loss":0},{"damage_healed":0,"gold_gain":0,"player_choice":"Fight","damage_taken":0,"max_hp_gain":0,"max_hp_loss":0,"event_name":"Mysterious Sphere","floor":37,"gold_loss":0}],"is_beta":false,"boss_relics":[{"not_picked":["Fusion Hammer","Inserter"],"picked":"Nuclear Battery"},{"not_picked":["SlaversCollar","Black Star"],"picked":"Empty Cage"}],"items_purged_floors":[],"is_endless":false,"potions_floor_spawned":[1,3,6,18,23,31,35],"killed_by":"2 Orb Walkers","ascension_level":0}}