{"host":"fevvm7bbzuh4s1jc","time":1609282422,"event":{"mods":["BaseMod","Highlight Path","Minty Spire (QoL Compilation)","Relic Stats"],"gold_per_floor":[13,13,28,46,56,90,90,110,137,168,245,273,290,290,290,363,363,382,402,402,416,17,45,75,87,166,166,91,117,117,151,151,222,222,241,463,481,495,123,157,157,177,200,234,260,290,290,323,323,323,323,323,323,82,117,117],"floor_reached":57,"playtime":5883,"items_purged":["Strike_R","Strike_R"],"score":3317,"play_id":"3300b607-3bc0-42e4-876c-c64858dc9e5c","local_time":"20201229175342","is_ascension_mode":true,"campfire_choices":[{"data":"Fiend Fire","floor":7.0,"key":"SMITH"},{"floor":15.0,"key":"REST"},{"data":"Bash","floor":27.0,"key":"SMITH"},{"data":"Disarm","floor":30.0,"key":"SMITH"},{"data":"Feel No Pain","floor":32.0,"key":"SMITH"},{"floor":41.0,"key":"RECALL"},{"data":"Clothesline","floor":47.0,"key":"SMITH"},{"data":"Pommel Strike","floor":49.0,"key":"SMITH"},{"data":"Immolate","floor":53.0,"key":"SMITH"}],"circlet_count":0,"master_deck":["AscendersBane","Strike_R","Strike_R","Defend_R","Defend_R","Defend_R","Bash+1","Dropkick","Fiend Fire+1","Cleave","Pommel Strike+1","Disarm+1","Clothesline+1","Feel No Pain+1","Flex+1","Exhume+1","Battle Trance+1","True Grit+1","Warcry+1","Barricade","Power Through+1","Burning Pact+1","Immolate+1","Offering+1","Shrug It Off+1","Impervious+1","Discovery+1","Offering+1","Second Wind+1","Body Slam+1","Disarm+1","Exhume+1","Dark Embrace"],"relics":["Black Blood","Bag of Marbles","Odd Mushroom","Anchor","Dream Catcher","Toxic Egg 2","White Beast Statue","Torii","Lantern","Blood Vial","Red Mask","Bottled Lightning","Vajra","Question Card","Snecko Eye","Molten Egg 2","Darkstone Periapt","Centennial Puzzle","Du-Vu Doll","Pen Nib","Ornamental Fan"],"acts_visited":["Exordium","TheCity","TheBeyond","TheEnding"],"potions_floor_usage":[56,56],"damage_taken":[{"damage":1.0,"enemies":"Cultist","floor":1.0,"turns":3.0},{"damage":0.0,"enemies":"2 Louse","floor":3.0,"turns":5.0},{"damage":10.0,"enemies":"Small Slimes","floor":4.0,"turns":3.0},{"damage":6.0,"enemies":"Looter","floor":5.0,"turns":2.0},{"damage":50.0,"enemies":"3 Sentries","floor":6.0,"turns":12.0},{"damage":14.0,"enemies":"The Mushroom Lair","floor":8.0,"turns":4.0},{"damage":8.0,"enemies":"Lagavulin","floor":10.0,"turns":3.0},{"damage":21.0,"enemies":"3 Sentries","floor":12.0,"turns":8.0},{"damage":2.0,"enemies":"Red Slaver","floor":13.0,"turns":2.0},{"damage":12.0,"enemies":"Slime Boss","floor":16.0,"turns":5.0},{"damage":6.0,"enemies":"Chosen","floor":18.0,"turns":3.0},{"damage":2.0,"enemies":"3 Byrds","floor":19.0,"turns":7.0},{"damage":11.0,"enemies":"Snecko","floor":21.0,"turns":4.0},{"damage":67.0,"enemies":"Book of Stabbing","floor":23.0,"turns":10.0},{"damage":0.0,"enemies":"Masked Bandits","floor":24.0,"turns":3.0},{"damage":0.0,"enemies":"Sentry and Sphere","floor":25.0,"turns":6.0},{"damage":0.0,"enemies":"Slavers","floor":29.0,"turns":2.0},{"damage":0.0,"enemies":"Book of Stabbing","floor":31.0,"turns":7.0},{"damage":0.0,"enemies":"Champ","floor":33.0,"turns":27.0},{"damage":11.0,"enemies":"3 Shapes","floor":35.0,"turns":4.0},{"damage":6.0,"enemies":"Orb Walker","floor":37.0,"turns":2.0},{"damage":6.0,"enemies":"Jaw Worm Horde","floor":38.0,"turns":4.0},{"damage":6.0,"enemies":"Reptomancer","floor":40.0,"turns":4.0},{"damage":12.0,"enemies":"Writhing Mass","floor":42.0,"turns":12.0},{"damage":12.0,"enemies":"Nemesis","floor":44.0,"turns":6.0},{"damage":38.0,"enemies":"Reptomancer","floor":46.0,"turns":5.0},{"damage":6.0,"enemies":"Nemesis","floor":48.0,"turns":1.0},{"damage":28.0,"enemies":"Awakened One","floor":50.0,"turns":8.0},{"damage":12.0,"enemies":"Time Eater","floor":51.0,"turns":9.0},{"damage":21,"enemies":"Shield and Spear","floor":55,"turns":7},{"damage":45,"enemies":"The Heart","floor":56,"turns":11}],"seed_played":"6503325852079670838","potions_obtained":[{"floor":1.0,"key":"DistilledChaos"},{"floor":8.0,"key":"Block Potion"},{"floor":10.0,"key":"SkillPotion"},{"floor":13.0,"key":"ElixirPotion"},{"floor":16.0,"key":"Regen Potion"},{"floor":18.0,"key":"Weak Potion"},{"floor":19.0,"key":"SkillPotion"},{"floor":21.0,"key":"EntropicBrew"},{"floor":23.0,"key":"DistilledChaos"},{"floor":24.0,"key":"DistilledChaos"},{"floor":25.0,"key":"DistilledChaos"},{"floor":29.0,"key":"Weak Potion"},{"floor":31.0,"key":"Dexterity Potion"},{"floor":33.0,"key":"SneckoOil"},{"floor":35.0,"key":"Energy Potion"},{"floor":37.0,"key":"LiquidMemories"},{"floor":40.0,"key":"Swift Potion"},{"floor":44.0,"key":"Ancient Potion"}],"is_trial":false,"path_per_floor":["M","?","M","M","M","E","R","?","T","E","?","E","M","T","R","B",null,"M","M","T","M","$","E","?","M","T","R","?","E","R","E","R","B",null,"M","?","M","M","$","E","R","M","T","E","T","E","R","E","R","B","B",null,"R","$","E","B",null],"character_chosen":"IRONCLAD","items_purchased":["Barricade","Lantern","Impervious+1","Discovery+1","Exhume+1","Dark Embrace"],"campfire_rested":1,"item_purchase_floors":[22,22,39,39,54,54],"current_hp_per_floor":[87,87,89,85,85,41,41,33,33,31,31,16,20,20,46,40,77,83,89,89,89,89,47,61,75,75,75,75,89,89,89,89,89,89,89,89,89,89,89,89,89,89,89,89,89,63,63,71,71,57,59,82,82,82,75,44],"gold":117,"neow_bonus":"TWENTY_PERCENT_HP_BONUS","is_daily":false,"chose_seed":false,"campfire_upgraded":7,"win_rate":0.0,"timestamp":1609282422,"path_taken":["M","?","M","M","M","E","R","?","T","E","?","E","M","?","R","BOSS","M","M","?","M","$","E","?","M","T","R","?","E","R","E","R","BOSS","M","?","M","M","$","E","R","M","T","E","?","E","R","E","R","BOSS","BOSS","R","$","E","BOSS"],"items_purchased_type":["Card","Relic","Card","Card","Card","Card"],"build_version":"2020-12-22","purchased_purges":2,"victory":true,"max_hp_per_floor":[89,89,89,89,89,89,89,89,89,89,89,89,89,89,89,89,89,89,89,89,89,89,89,89,89,89,89,89,89,89,89,89,89,89,89,89,89,89,89,89,89,89,89,89,89,89,89,89,89,89,89,89,89,89,89,89],"relic_stats":{"Blood Vial":16,"Darkstone Periapt":0,"Dream Catcher":1,"Centennial Puzzle":[18],"Torii":100,"counters":[31,189],"Ornamental Fan":[8],"Black Blood":260,"Snecko Eye":[186,192,156,199],"Pen Nib":[4],"Question Card":10,"obtain_stats":[{"Darkstone Periapt":44,"Lantern":22,"Torii":20,"Black Blood":17,"Vajra":29,"Pen Nib":48,"Odd Mushroom":8,"Question Card":31,"Burning Blood":0,"White Beast Statue":14,"Blood Vial":23,"Du-Vu Doll":46,"Anchor":9,"Dream Catcher":10,"Centennial Puzzle":45,"Ornamental Fan":55,"Snecko Eye":34,"Molten Egg 2":40,"Bag of Marbles":6,"Red Mask":24,"Bottled Lightning":26,"Toxic Egg 2":12},{"Darkstone Periapt":25,"Lantern":13,"Torii":12,"Black Blood":10,"Vajra":17,"Pen Nib":27,"Odd Mushroom":6,"Question Card":18,"Burning Blood":0,"White Beast Statue":9,"Blood Vial":14,"Du-Vu Doll":26,"Anchor":6,"Dream Catcher":7,"Centennial Puzzle":25,"Ornamental Fan":30,"Snecko Eye":19,"Molten Egg 2":23,"Bag of Marbles":5,"Red Mask":15,"Bottled Lightning":16,"Toxic Egg 2":8},{"Darkstone Periapt":148,"Lantern":61,"Torii":57,"Black Blood":47,"Vajra":82,"Pen Nib":154,"Odd Mushroom":29,"Question Card":89,"Burning Blood":0,"White Beast Statue":42,"Blood Vial":71,"Du-Vu Doll":153,"Anchor":29,"Dream Catcher":32,"Centennial Puzzle":148,"Ornamental Fan":178,"Snecko Eye":116,"Molten Egg 2":130,"Bag of Marbles":25,"Red Mask":74,"Bottled Lightning":80,"Toxic Egg 2":40}]},"card_choices":[{"not_picked":["Heavy Blade","Rage"],"picked":"Dropkick","floor":1.0},{"not_picked":["Disarm","Armaments"],"picked":"Cleave","floor":3.0},{"not_picked":["Havoc","Perfected Strike"],"picked":"Pommel Strike","floor":4.0},{"not_picked":["Heavy Blade","Wild Strike"],"picked":"Disarm","floor":5.0},{"not_picked":["Shrug It Off","Infernal Blade"],"picked":"Clothesline","floor":6.0},{"not_picked":["Wild Strike","Rampage","Exhume"],"picked":"SKIP","floor":10.0},{"not_picked":["Entrench+1","Headbutt"],"picked":"Feel No Pain","floor":12.0},{"not_picked":["Pummel","Uppercut","Clash"],"picked":"SKIP","floor":13.0},{"not_picked":["Anger","Reckless Charge"],"picked":"Flex+1","floor":15.0},{"not_picked":["Barricade","Fiend Fire"],"picked":"Exhume+1","floor":16.0},{"not_picked":["Rampage+1","Body Slam"],"picked":"Battle Trance+1","floor":18.0},{"not_picked":["Dual Wield+1","Perfected Strike"],"picked":"True Grit+1","floor":19.0},{"not_picked":["Perfected Strike","Sword Boomerang"],"picked":"Warcry+1","floor":21.0},{"not_picked":["Seeing Red+1","True Grit+1"],"picked":"Power Through+1","floor":23.0},{"not_picked":["Shrug It Off+1","Sword Boomerang"],"picked":"Burning Pact+1","floor":24.0},{"not_picked":["Perfected Strike","Clash","Headbutt"],"picked":"SKIP","floor":25.0},{"not_picked":["Rupture","Fire Breathing+1"],"picked":"Immolate","floor":29.0},{"not_picked":["Inflame","Iron Wave","Wild Strike"],"picked":"SKIP","floor":31.0},{"not_picked":["Bludgeon","Reaper","Juggernaut"],"picked":"Offering+1","floor":33.0},{"not_picked":["Perfected Strike","Wild Strike","Metallicize","Ghostly Armor+1"],"picked":"SKIP","floor":35.0},{"not_picked":["Anger","Heavy Blade","Wild Strike","Headbutt+1"],"picked":"SKIP","floor":37.0},{"not_picked":["Rampage","Anger+1","Warcry+1"],"picked":"Shrug It Off+1","floor":38.0},{"not_picked":["Thunderclap+1","Clothesline+1","Pummel+1"],"picked":"Offering+1","floor":40.0},{"not_picked":["Whirlwind+1","Dropkick+1","Seeing Red+1"],"picked":"Second Wind+1","floor":42.0},{"not_picked":["Warcry+1","Battle Trance+1","Sentinel+1"],"picked":"Body Slam+1","floor":44.0},{"not_picked":["Hemokinesis+1","Dropkick+1","Flex+1"],"picked":"Disarm+1","floor":46.0},{"not_picked":["Iron Wave+1","Demon Form","Infernal Blade+1","Intimidate+1"],"picked":"SKIP","floor":48.0},{"not_picked":["Sever Soul+1","Rage+1","Shrug It Off+1","Inflame"],"picked":"SKIP","floor":55}],"player_experience":2600529,"relics_obtained":[{"floor":6.0,"key":"Bag of Marbles"},{"floor":8.0,"key":"Odd Mushroom"},{"floor":9.0,"key":"Anchor"},{"floor":10.0,"key":"Dream Catcher"},{"floor":12.0,"key":"Toxic Egg 2"},{"floor":14.0,"key":"White Beast Statue"},{"floor":20.0,"key":"Torii"},{"floor":23.0,"key":"Blood Vial"},{"floor":24.0,"key":"Red Mask"},{"floor":26.0,"key":"Bottled Lightning"},{"floor":29.0,"key":"Vajra"},{"floor":31.0,"key":"Question Card"},{"floor":40.0,"key":"Molten Egg 2"},{"floor":44.0,"key":"Darkstone Periapt"},{"floor":45.0,"key":"Centennial Puzzle"},{"floor":46.0,"key":"Du-Vu Doll"},{"floor":48.0,"key":"Pen Nib"},{"floor":55,"key":"Ornamental Fan"}],"event_choices":[{"damage_healed":0.0,"max_hp_gain":0.0,"max_hp_loss":0.0,"gold_gain":0.0,"cards_transformed":["Strike_R"],"event_name":"Living Wall","player_choice":"Change","floor":2.0,"gold_loss":0.0,"damage_taken":0.0,"cards_obtained":["Fiend Fire"]},{"damage_healed":0.0,"max_hp_gain":0.0,"max_hp_loss":0.0,"gold_gain":0.0,"event_name":"Mushrooms","player_choice":"Fought Mushrooms","floor":8.0,"gold_loss":0.0,"damage_taken":0.0},{"damage_healed":0.0,"max_hp_gain":0.0,"max_hp_loss":0.0,"gold_gain":77.0,"event_name":"Golden Wing","player_choice":"Gained Gold","floor":11.0,"gold_loss":0.0,"damage_taken":0.0},{"damage_healed":0.0,"max_hp_gain":0.0,"max_hp_loss":0.0,"gold_gain":0.0,"event_name":"Masked Bandits","player_choice":"Fought Bandits","floor":24.0,"gold_loss":0.0,"damage_taken":0.0},{"cards_removed":["Defend_R"],"damage_healed":0.0,"max_hp_gain":0.0,"max_hp_loss":0.0,"gold_gain":0.0,"event_name":"Beggar","player_choice":"Gave Gold","floor":28.0,"gold_loss":75.0,"damage_taken":0.0},{"damage_healed":0.0,"max_hp_gain":0.0,"max_hp_loss":0.0,"gold_gain":222.0,"event_name":"Tomb of Lord Red Mask","player_choice":"Wore Mask","floor":36.0,"gold_loss":0.0,"damage_taken":0.0}],"is_beta":false,"boss_relics":[{"not_picked":["Tiny House","Sozu"],"picked":"Black Blood"},{"not_picked":["SacredBark","Astrolabe"],"picked":"Snecko Eye"}],"items_purged_floors":[22,39],"is_endless":false,"potions_floor_spawned":[1,8,10,13,16,18,19,21,23,24,25,29,31,33,35,37,38,40,42,44,46,48,55],"ascension_level":20}}