{"host":"wfy07lporsqrbz3r","time":1609231328,"event":{"mods":["BaseMod","Minty Spire (QoL Compilation)","Replay The Spire","StSLib"],"gold_per_floor":[115,115,115,54,80,110,130,203,203,220,220,245,292,318,330,440,452,483,585,597,626,652,694,725,737,737],"floor_reached":25,"playtime":850,"items_purged":[],"score":393,"play_id":"55b0bdf7-8197-4b3e-abee-54afc353be63","local_time":"20201229164208","is_ascension_mode":true,"campfire_choices":[],"circlet_count":0,"master_deck":["Strike_B","Strike_B","Strike_B","Strike_B","Defend_B","Defend_B","Defend_B","Defend_B","Zap+1","Dualcast","Reinforced Body+1","Core Surge","FTL","Doom and Gloom","ReplayTheSpireMod:Calculation Training","Double Energy+1","Multi-Cast","Crystallizer","Undo","Coolheaded"],"relics":["Cracked Core","NeowsBlessing","Replay:Baseball","Centennial Puzzle","ReplayFunnel","MawBank","Replay:Ringing Soul","Sozu","Geode"],"acts_visited":["Exordium","TheCity"],"potions_floor_usage":[24,24],"damage_taken":[{"damage":0.0,"enemies":"Small Slimes","floor":1.0,"turns":1.0},{"damage":0.0,"enemies":"Lagavulin","floor":6.0,"turns":1.0},{"damage":0.0,"enemies":"Cultist","floor":7.0,"turns":1.0},{"damage":0.0,"enemies":"2 Louse","floor":10.0,"turns":2.0},{"damage":0.0,"enemies":"Large Slime","floor":12.0,"turns":5.0},{"damage":0.0,"enemies":"3 Sentries","floor":13.0,"turns":4.0},{"damage":3.0,"enemies":"Blue Slaver","floor":14.0,"turns":2.0},{"damage":33.0,"enemies":"Slime Boss","floor":16.0,"turns":9.0},{"damage":17.0,"enemies":"2 Thieves","floor":18.0,"turns":3.0},{"damage":0,"enemies":"Spheric Guardian","floor":21,"turns":2},{"damage":2,"enemies":"3 Cultists","floor":22,"turns":4},{"damage":32,"enemies":"Slavers","floor":23,"turns":4},{"damage":2,"enemies":"Shelled Parasite and Fungi","floor":24,"turns":2},{"damage":14,"enemies":"Book of Stabbing","floor":25,"turns":7}],"seed_played":"8197767773350595653","potions_obtained":[{"floor":7.0,"key":"Toxic Potion"},{"floor":8.0,"key":"EntropicBrew"},{"floor":8.0,"key":"CultistPotion"},{"floor":8.0,"key":"Explosive Potion"},{"floor":12.0,"key":"ColorlessPotion"},{"floor":14.0,"key":"PowerPotion"}],"is_trial":false,"path_per_floor":["M","$","?","$","T","E","M","?","T","M","?","M","E","M","R","B",null,"M","?","$","M","M","E","M","E"],"character_chosen":"DEFECT","items_purchased":["Reinforced Body+1"],"campfire_rested":0,"item_purchase_floors":[4],"current_hp_per_floor":[68,68,68,68,68,68,68,68,68,68,61,61,61,61,78,48,73,59,47,47,47,48,16,17,3,3],"gold":737,"neow_bonus":"THREE_ENEMY_KILL","is_daily":false,"chose_seed":false,"campfire_upgraded":0,"win_rate":0.0,"timestamp":1609231328,"path_taken":["M","$","?","$","?","E","M","?","T","M","?","M","E","M","R","BOSS","M","?","$","?","M","E","M","E"],"items_purchased_type":["Card"],"build_version":"2020-12-22","purchased_purges":0,"victory":false,"max_hp_per_floor":[75,75,75,75,75,75,75,75,75,75,75,75,75,78,78,81,81,84,84,84,84,87,87,90,90,90],"card_choices":[{"not_picked":["Sweeping Beam","Genetic Algorithm","FTL"],"picked":"SKIP","floor":1.0},{"not_picked":["Ball Lightning","Barrage"],"picked":"Core Surge","floor":6.0},{"not_picked":["Scrape","ReplayTheSpireMod:System Scan"],"picked":"FTL","floor":7.0},{"not_picked":["Redo","BasicCrystalCard"],"picked":"Doom and Gloom","floor":8.0},{"not_picked":["Go for the Eyes","Barrage","Blizzard"],"picked":"SKIP","floor":10.0},{"not_picked":["Rebound","Gash"],"picked":"ReplayTheSpireMod:Calculation Training","floor":12.0},{"not_picked":["Hyperbeam","Sweeping Beam","ReplayGash"],"picked":"SKIP","floor":13.0},{"not_picked":["Fusion","Capacitor"],"picked":"Double Energy","floor":14.0},{"not_picked":["Echo Form","Hyperbeam"],"picked":"Multi-Cast","floor":16.0},{"not_picked":["Conserve Battery+1","Compile Driver"],"picked":"Crystallizer","floor":18.0},{"not_picked":["ReplaySort+1","Genetic Algorithm","Barrage"],"picked":"SKIP","floor":21},{"not_picked":["Ball Lightning","Recycle"],"picked":"Undo","floor":22},{"not_picked":["Steam","Streamline","ReplaySolidLightProjector"],"picked":"SKIP","floor":23},{"not_picked":["Sweeping Beam","Turbo"],"picked":"Coolheaded","floor":24}],"player_experience":776875,"relics_obtained":[{"floor":5.0,"key":"Replay:Baseball"},{"floor":6.0,"key":"Centennial Puzzle"},{"floor":9.0,"key":"ReplayFunnel"},{"floor":13.0,"key":"Replay:Ringing Soul"},{"floor":23,"key":"Geode"}],"event_choices":[{"damage_healed":0.0,"max_hp_gain":0.0,"max_hp_loss":0.0,"gold_gain":0.0,"event_name":"Accursed Blacksmith","player_choice":"Forge","floor":3.0,"gold_loss":0.0,"damage_taken":0.0,"cards_upgraded":["Zap"]},{"damage_healed":0.0,"max_hp_gain":0.0,"max_hp_loss":0.0,"gold_gain":0.0,"event_name":"Scrap Ooze","player_choice":"Success","floor":11.0,"gold_loss":0.0,"damage_taken":7.0,"relics_obtained":["MawBank"]},{"damage_healed":0,"gold_gain":90,"player_choice":"GOLD ","damage_taken":12,"max_hp_gain":0,"max_hp_loss":0,"event_name":"Knowing Skull","floor":19,"potions_obtained":[],"gold_loss":0,"cards_obtained":[]}],"is_beta":false,"boss_relics":[{"not_picked":["Painkiller Herb","Replay:Bronze Core"],"picked":"Sozu"}],"items_purged_floors":[],"is_endless":false,"potions_floor_spawned":[7,12,14,21,22,24],"killed_by":"Book of Stabbing","ascension_level":6}}