{"host":"f6tqpspb2ou2a4h5","time":1609243783,"event":{"mods":["2.2 Compatiblity","Ascension Unlocker","BaseMod","Colored Map","DeckTracker","Hermit","Highlight Path","KOR Keyword Fix","Keyboard Shortcuts","Minty Spire (QoL Compilation)","Permanent Neow","Quick Restart","Random Character Button","StSLib","SuperFastMode","The Poker Player","everything is the same but u backflip on backflip"],"gold_per_floor":[20,35,35,59,84,84,123,123,123,123,144,168,182,221,221,351,351,375,396,311,55,78,78,118,118,141,141,162,162,181,517,517,638,638,663,93,107,107,121,159,159,184,184,204,217,0,0,15,15,15],"floor_reached":51,"playtime":2519,"items_purged":["Strike_B"],"score":1099,"play_id":"fdeda2c8-5dd1-48ea-a895-9688cf6c57cb","local_time":"20201229210943","is_ascension_mode":true,"campfire_choices":[{"data":"Defragment","floor":6.0,"key":"SMITH"},{"data":"Zap","floor":8.0,"key":"SMITH"},{"data":"Rip and Tear","floor":10.0,"key":"SMITH"},{"data":"Dualcast","floor":15.0,"key":"SMITH"},{"data":"Redo","floor":23.0,"key":"SMITH"},{"data":"Multi-Cast","floor":27.0,"key":"SMITH"},{"data":"Darkness","floor":29.0,"key":"SMITH"},{"data":"Barrage","floor":32.0,"key":"SMITH"},{"floor":41.0,"key":"REST"},{"data":"Steam Power","floor":49.0,"key":"SMITH"}],"circlet_count":0,"master_deck":["Strike_B","Strike_B","Defend_B","Defend_B","Defend_B","Defend_B","Zap+1","Dualcast+1","Defragment+1","Cold Snap","Glacier","Rip and Tear+1","Compile Driver","Barrage+1","Doom and Gloom","Ball Lightning","Multi-Cast+1","Darkness+1","Redo+1","Sweeping Beam+1","Conserve Battery","Recycle+1","Biased Cognition+1","Redo+1","Coolheaded+1","Self Repair+1","Steam Power+1","Echo Form+1"],"relics":["Cracked Core","Thread and Needle","Golden Idol","Matryoshka","Darkstone Periapt","Sundial","White Beast Statue","PreservedInsect","Art of War","Nuclear Battery","Bag of Marbles","Frozen Egg 2","InkBottle","Ancient Tea Set","Old Coin","Black Star","Gremlin Horn","Meat on the Bone","Eternal Feather","Oddly Smooth Stone","Pear","Red Mask"],"acts_visited":["Exordium","TheCity","TheBeyond"],"potions_floor_usage":[50,50,50],"damage_taken":[{"damage":0.0,"enemies":"Jaw Worm","floor":1.0,"turns":4.0},{"damage":8.0,"enemies":"Small Slimes","floor":2.0,"turns":4.0},{"damage":0.0,"enemies":"2 Louse","floor":4.0,"turns":2.0},{"damage":0.0,"enemies":"Red Slaver","floor":5.0,"turns":5.0},{"damage":8.0,"enemies":"Gremlin Nob","floor":7.0,"turns":5.0},{"damage":1.0,"enemies":"Exordium Wildlife","floor":11.0,"turns":3.0},{"damage":3.0,"enemies":"Large Slime","floor":13.0,"turns":3.0},{"damage":3.0,"enemies":"3 Sentries","floor":14.0,"turns":4.0},{"damage":22.0,"enemies":"Hexaghost","floor":16.0,"turns":8.0},{"damage":3.0,"enemies":"Chosen","floor":18.0,"turns":3.0},{"damage":8.0,"enemies":"Shell Parasite","floor":19.0,"turns":4.0},{"damage":5.0,"enemies":"Centurion and Healer","floor":22.0,"turns":7.0},{"damage":7.0,"enemies":"Gremlin Leader","floor":24.0,"turns":4.0},{"damage":0.0,"enemies":"Snake Plant","floor":28.0,"turns":2.0},{"damage":0.0,"enemies":"Sentry and Sphere","floor":30.0,"turns":3.0},{"damage":0.0,"enemies":"Book of Stabbing","floor":31.0,"turns":2.0},{"damage":44.0,"enemies":"Champ","floor":33.0,"turns":10.0},{"damage":8.0,"enemies":"Orb Walker","floor":35.0,"turns":3.0},{"damage":26.0,"enemies":"3 Darklings","floor":37.0,"turns":4.0},{"damage":21.0,"enemies":"Jaw Worm Horde","floor":39.0,"turns":4.0},{"damage":26.0,"enemies":"Giant Head","floor":40.0,"turns":6.0},{"damage":1.0,"enemies":"Sphere and 2 Shapes","floor":42.0,"turns":2.0},{"damage":17.0,"enemies":"Maw","floor":44.0,"turns":6.0},{"damage":20.0,"enemies":"Writhing Mass","floor":45.0,"turns":6.0},{"damage":7.0,"enemies":"Jaw Worm Horde","floor":48.0,"turns":3.0},{"damage":64,"enemies":"Awakened One","floor":50,"turns":11}],"seed_played":"3632381826108960727","potions_obtained":[{"floor":1.0,"key":"Explosive Potion"},{"floor":7.0,"key":"BlessingOfTheForge"},{"floor":13.0,"key":"Fire Potion"},{"floor":16.0,"key":"Energy Potion"},{"floor":24.0,"key":"Regen Potion"},{"floor":30.0,"key":"EssenceOfDarkness"},{"floor":33.0,"key":"FearPotion"},{"floor":35.0,"key":"Block Potion"},{"floor":37.0,"key":"LiquidBronze"},{"floor":39.0,"key":"FocusPotion"},{"floor":40.0,"key":"Swift Potion"},{"floor":42.0,"key":"ColorlessPotion"},{"floor":44.0,"key":"SpeedPotion"},{"floor":45.0,"key":"SkillPotion"},{"floor":48.0,"key":"BlessingOfTheForge"}],"is_trial":false,"path_per_floor":["M","M","?","M","M","R","E","R","T","R","M","T","M","E","R","B",null,"M","M","?","$","M","R","E","?","T","R","M","R","M","E","R","B",null,"M","$","M","?","M","E","R","M","T","M","M","?","?","M","R","B",null],"character_chosen":"DEFECT","items_purchased":["Frozen Egg 2","Gremlin Horn","Meat on the Bone"],"campfire_rested":1,"item_purchase_floors":[21,36,36],"current_hp_per_floor":[68,60,60,60,60,60,52,52,52,52,51,51,48,45,45,23,58,55,47,47,47,42,42,35,58,58,58,58,58,58,58,58,23,58,50,50,36,36,27,13,48,57,67,60,50,50,69,69,69,17],"gold":15,"neow_bonus":"ONE_RARE_RELIC","is_daily":false,"chose_seed":false,"campfire_upgraded":9,"win_rate":0.0,"timestamp":1609243783,"path_taken":["M","M","?","M","M","R","E","R","T","R","M","?","M","E","R","BOSS","M","M","?","$","M","R","E","?","T","R","M","R","M","E","R","BOSS","M","$","M","?","M","E","R","M","T","M","M","?","?","M","R","BOSS"],"items_purchased_type":["Relic","Relic","Relic"],"build_version":"2020-12-22","purchased_purges":1,"victory":true,"max_hp_per_floor":[75,75,69,69,69,69,69,69,69,69,69,69,69,69,69,69,69,69,69,69,69,69,69,69,69,69,69,69,69,69,69,69,69,69,69,69,69,69,69,69,69,69,79,79,79,79,69,69,69,69],"card_choices":[{"not_picked":["Conserve Battery","Recycle"],"picked":"Defragment","floor":1.0},{"not_picked":["White Noise","Turbo"],"picked":"Cold Snap","floor":2.0},{"not_picked":["Lockon","Beam Cell"],"picked":"Glacier","floor":4.0},{"not_picked":["Force Field","Redo"],"picked":"Rip and Tear","floor":5.0},{"not_picked":["Beam Cell","Reinforced Body"],"picked":"Compile Driver","floor":7.0},{"not_picked":["Leap","Hyperbeam"],"picked":"Barrage","floor":11.0},{"not_picked":["Go for the Eyes","Cold Snap"],"picked":"Doom and Gloom","floor":13.0},{"not_picked":["Heatsinks","Stack"],"picked":"Ball Lightning","floor":14.0},{"not_picked":["Electrodynamics","Reboot"],"picked":"Multi-Cast","floor":16.0},{"not_picked":["Scrape","Stack","Force Field"],"picked":"SKIP","floor":18.0},{"not_picked":["Genetic Algorithm","Lockon"],"picked":"Darkness","floor":19.0},{"not_picked":["Turbo","Steam"],"picked":"Redo","floor":22.0},{"not_picked":["Chill","Barrage"],"picked":"Sweeping Beam+1","floor":24.0},{"not_picked":["Reboot","Beam Cell"],"picked":"Conserve Battery","floor":28.0},{"not_picked":["Force Field+1","Cold Snap"],"picked":"Recycle+1","floor":30.0},{"not_picked":["Barrage+1","Compile Driver","Rip and Tear+1"],"picked":"SKIP","floor":31.0},{"not_picked":["Machine Learning+1","Amplify"],"picked":"Biased Cognition+1","floor":33.0},{"not_picked":["Go for the Eyes","Streamline+1"],"picked":"Redo+1","floor":35.0},{"not_picked":["Turbo+1","Hello World+1"],"picked":"Coolheaded+1","floor":37.0},{"not_picked":["Rebound","Beam Cell+1","Barrage"],"picked":"SKIP","floor":39.0},{"not_picked":["Redo","Static Discharge+1"],"picked":"Self Repair+1","floor":40.0},{"not_picked":["Gash","Redo+1","Double Energy"],"picked":"SKIP","floor":42.0},{"not_picked":["Rebound","Barrage"],"picked":"Steam Power","floor":44.0},{"not_picked":["Turbo+1","Streamline+1","Self Repair+1"],"picked":"SKIP","floor":45.0},{"not_picked":["Coolheaded","Ball Lightning"],"picked":"Echo Form+1","floor":48.0}],"player_experience":96605,"relics_obtained":[{"floor":7.0,"key":"Matryoshka"},{"floor":9.0,"key":"Darkstone Periapt"},{"floor":9.0,"key":"Sundial"},{"floor":12.0,"key":"White Beast Statue"},{"floor":12.0,"key":"PreservedInsect"},{"floor":14.0,"key":"Art of War"},{"floor":24.0,"key":"InkBottle"},{"floor":26.0,"key":"Ancient Tea Set"},{"floor":31.0,"key":"Old Coin"},{"floor":40.0,"key":"Eternal Feather"},{"floor":40.0,"key":"Oddly Smooth Stone"},{"floor":43.0,"key":"Pear"}],"event_choices":[{"damage_healed":0.0,"max_hp_gain":0.0,"max_hp_loss":6.0,"gold_gain":0.0,"event_name":"Golden Idol","player_choice":"Lose Max HP","floor":3.0,"gold_loss":0.0,"damage_taken":0.0,"relics_obtained":["Golden Idol"]},{"damage_healed":0.0,"max_hp_gain":0.0,"max_hp_loss":0.0,"gold_gain":0.0,"event_name":"Addict","player_choice":"Obtained Relic","floor":20.0,"gold_loss":85.0,"damage_taken":0.0,"relics_obtained":["Bag of Marbles"]},{"damage_healed":23.0,"max_hp_gain":0.0,"max_hp_loss":0.0,"gold_gain":0.0,"event_name":"The Library","player_choice":"Heal","floor":25.0,"gold_loss":0.0,"damage_taken":0.0},{"cards_removed":["Strike_B"],"damage_healed":0.0,"max_hp_gain":0.0,"max_hp_loss":0.0,"gold_gain":0.0,"event_name":"Falling","player_choice":"Removed Attack","floor":38.0,"gold_loss":0.0,"damage_taken":0.0},{"damage_healed":0.0,"max_hp_gain":0.0,"max_hp_loss":0.0,"gold_gain":0.0,"event_name":"Tomb of Lord Red Mask","player_choice":"Paid","floor":46.0,"gold_loss":217.0,"damage_taken":0.0,"relics_obtained":["Red Mask"]},{"damage_healed":69.0,"max_hp_gain":0.0,"max_hp_loss":10.0,"gold_gain":0.0,"event_name":"The Moai Head","player_choice":"Heal","floor":47.0,"gold_loss":0.0,"damage_taken":0.0}],"is_beta":false,"boss_relics":[{"not_picked":["Fusion Hammer","Philosopher\u0027s Stone"],"picked":"Nuclear Battery"},{"not_picked":["SacredBark","Empty Cage"],"picked":"Black Star"}],"items_purged_floors":[36],"is_endless":false,"potions_floor_spawned":[1,7,13,14,16,18,19,22,24,28,30,31,33,35,37,39,40,42,44,45,48],"ascension_level":9}}