{"host":"f3zc1jx8b75bp9n4","time":1609248700,"event":{"mods":["AchievementEnabler","Act Like it!","AlwaysNeverKeys","BaseMod","Bestiary","Better-Laid Plans","BetterRewards","Block Reminder","Clockwork Mod","Colored Map","Colored Powertips","Conspire","DeckTracker","Downfall","Emptier Cage","Energized Spire","Friendly Minions","GifTheSpireLib","Gold Saver","Grow up Mod","Highlight Path","Hubris","Infinite Spire","Marisa????????","Minty Spire (QoL Compilation)","Permanent Neow","Quick Restart","Rare Cards Sparkle","Relic Stats","Replay The Spire","StSLib","Stuff the Spire","SuperFastMode","Synergy Search","The Animator","The Bladedancer","The Bug Knight","The Construct","The Cursed","The Necromancer","The Poker Player","The Runesmith","The Senshi","The Servant 0.9.4","Transform Curses","Unceasing Turn Reminder","Yuri Mod"],"gold_per_floor":[1488,1488,253,272,295,431,18,30,107,119,231,244,263,279,279,384,384,398,398,23,58,68,180,191,201,256,266,266,285,425,441,441,541,541,557,4,22,39,57,197,225,237,249,261,285,297,309,364,376,388,400,462,474,6,41,41],"floor_reached":57,"playtime":5900,"items_purged":["animator:Aqua"],"score":1397,"play_id":"f531f037-14e8-45c1-bf8f-78c007ba9f30","local_time":"20201229153140","is_ascension_mode":false,"campfire_choices":[{"floor":15,"key":"REST"},{"floor":28,"key":"REST"},{"data":"sneckomod:Unknown0Cost","floor":32,"key":"SMITH"},{"data":"sneckomod:MorePower","floor":42,"key":"SMITH"},{"data":"animator:Caster","floor":47,"key":"SMITH"},{"data":"Negative_Energy_Mist","floor":49,"key":"SMITH"},{"data":"sneckomod:WideSting","floor":52,"key":"SMITH"}],"circlet_count":0,"master_deck":["animator:Strike_Konosuba","animator:Defend_Konosuba+1","animator:Strike+1","animator:Strike+1","animator:Strike+1","animator:Defend","animator:Defend","animator:Kazuma","animator:Kaijin","animator:TakanashiRikka","animator:NarberalGamma","animator:Laby","animator:Layla","animator:Caster+1","animator:Megumin+6","animator:QuestionMark+1","Negative_Energy_Mist+1","animator:ElricEdward","animator:Lancer","animator:Elesis+1","Prostrate+1","Potential","Blood_Curse","animator:Caster+1","yuri:Torment","TheCursedMod:Torture","Venomology+1","Runesmith:EnergizedChisel+1","animator:NarberalGamma","blademaster:Bloodbath+1","animator:Ciel","yuri:InduceGlitch+1","sneckomod:Unknown0Cost+1","Infinite Blades+1","animator:Berserker","hexamod:ShieldOfDarkness","Poisoned Stab","yuri:UnstableStrike","sneckomod:MorePower+1","animator:Rena","animator:QuestionMark+1","Clockwork:ForgeStrike+1","sneckomod:UnknownEthereal+1","sneckomod:WideSting+1","sneckomod:UnknownClassGREEN+1","sneckomod:UnknownUncommonPower+1","animator:RoryMercury+1","champ:BerserkerStyle+1","StuffTheSpire:Innocence","animator:Togame+1","animator:Gillette","animator:Witch+1","animator:ShinjiMatou"],"relics":["animator:LivingPicture","animator:TheMissingPiece","animator:PurgingStone","infinitespire:PuzzleCube","ReplayTheSpireMod:Lightbulb","PrismaticShard","infinitespire:Beetle Shell","Replay:Bottled Eggs","HollowMod:StagPassRelic","Ancient Tea Set","StuffTheSpire:Kangaroo","Brimstone","War Paint","yuri:PortableGlitches","StuffTheSpire:Rhapsscallions","Boot","StuffTheSpire:Experiment12","hubris:ScarierMask","Guide Book","Replay:Baseball","StuffTheSpire:OldFever","MawBank","hubris:MobiusCoin","MealTicket","Akabeko","Medical Kit","StuffTheSpire:HeavyRock","Incense Burner"],"acts_visited":["Exordium","TheCity","TheBeyond","TheEnding"],"potions_floor_usage":[14,18,21,21,23,24,25,27,27,29,30,33,33,35,40,40,41,45,50,55,56,56],"damage_taken":[{"damage":5.0,"enemies":"2 Louse","floor":1.0,"turns":3.0},{"damage":0.0,"enemies":"conspire:RoseBush","floor":4.0,"turns":4.0},{"damage":5.0,"enemies":"Cultist","floor":5.0,"turns":5.0},{"damage":55.0,"enemies":"Lagavulin","floor":6.0,"turns":7.0},{"damage":8.0,"enemies":"Looter","floor":8.0,"turns":2.0},{"damage":10.0,"enemies":"Exordium Thugs","floor":10.0,"turns":3.0},{"damage":8.0,"enemies":"Gremlin Nob","floor":11.0,"turns":3.0},{"damage":26.0,"enemies":"Large Slime","floor":12.0,"turns":4.0},{"damage":12,"enemies":"3 Louse","floor":13,"turns":4},{"damage":15,"enemies":"Gremlin Gang","floor":14,"turns":4},{"damage":37,"enemies":"Fading Forest","floor":16,"turns":11},{"damage":33,"enemies":"Shell Parasite","floor":18,"turns":5},{"damage":20,"enemies":"conspire:MimicChest","floor":21,"turns":4},{"damage":8,"enemies":"Spheric Guardian","floor":22,"turns":3},{"damage":37,"enemies":"Slavers","floor":23,"turns":3},{"damage":18,"enemies":"Snecko","floor":24,"turns":4},{"damage":34,"enemies":"conspire:HollyBat","floor":25,"turns":12},{"damage":15,"enemies":"Sentry and Sphere","floor":27,"turns":3},{"damage":12,"enemies":"Centurion and Healer","floor":29,"turns":3},{"damage":20,"enemies":"animator:HornedBat","floor":30,"turns":4},{"damage":3,"enemies":"Snecko","floor":31,"turns":2},{"damage":63,"enemies":"Automaton","floor":33,"turns":7},{"damage":3,"enemies":"Orb Walker","floor":35,"turns":2},{"damage":7,"enemies":"3 Shapes","floor":37,"turns":2},{"damage":12,"enemies":"3 Darklings","floor":38,"turns":3},{"damage":20,"enemies":"4 Shapes","floor":39,"turns":3},{"damage":11,"enemies":"Giant Head","floor":40,"turns":4},{"damage":14,"enemies":"Spire Growth","floor":41,"turns":3},{"damage":44,"enemies":"Writhing Mass","floor":45,"turns":3},{"damage":22,"enemies":"Reptomancer","floor":48,"turns":3},{"damage":91,"enemies":"Time Eater","floor":50,"turns":8},{"damage":7,"enemies":"Shield and Spear","floor":55,"turns":3},{"damage":149,"enemies":"The Heart","floor":56,"turns":7}],"seed_played":"-8434878204561038902","potions_obtained":[{"floor":2.0,"key":"Fruit Juice"},{"floor":2.0,"key":"Languid Potion"},{"floor":2.0,"key":"Fire Potion"},{"floor":5.0,"key":"FearPotion"},{"floor":8.0,"key":"champ:CounterPotion"},{"floor":13,"key":"AttackPotion"},{"floor":18,"key":"AttackPotion"},{"floor":25,"key":"SneckoOil"},{"floor":30,"key":"Elixir"},{"floor":31,"key":"PowerPotion"},{"floor":37,"key":"Dexterity Potion"},{"floor":39,"key":"FearPotion"},{"floor":41,"key":"Weak Potion"}],"is_trial":false,"path_per_floor":["M","?","$","M","M","E","$","M","T","M","E","M","M","M","R_BF","B",null,"M","?","$","?","M","E","M","M","T","M","R","M","E","M","R","B",null,"M","$","M","M","M","E","M","R","T","?","M","AVR","R","E","R","B",null,"R","??","$","E","B",null],"character_chosen":"THE_ANIMATOR","items_purchased":["ReplayTheSpireMod:Lightbulb","StuffTheSpire:TintedRock","PrismaticShard","SkillPotion","animator:TakanashiRikka","animator:NarberalGamma","animator:Laby","animator:Layla","animator:Caster","animator:Megumin","animator:QuestionMark","Replay:Bottled Eggs","animator:Elesis","Brimstone","War Paint","animator:NarberalGamma","Guide Book","Replay:Baseball","StuffTheSpire:OldFever","animator:QuestionMark","Akabeko","Medical Kit","StuffTheSpire:HeavyRock","animator:Witch"],"campfire_rested":2,"item_purchase_floors":[3,3,3,3,3,3,3,3,3,3,3,7,7,20,20,20,36,36,36,36,54,54,54,54],"current_hp_per_floor":[83,93,108,118,123,78,88,90,100,100,102,86,84,79,155,136,251,228,238,248,238,240,214,206,182,192,187,302,311,301,308,318,265,422,429,439,442,440,430,429,425,435,445,455,431,441,451,449,459,378,592,602,612,622,632,509],"gold":41,"neow_bonus":"RANDOM_COMMON_RELIC","is_daily":false,"chose_seed":false,"campfire_upgraded":5,"win_rate":0.0,"timestamp":1609248700,"path_taken":["M","?","$","M","?","E","$","M","T","M","E","M","M","?","R_BF","BOSS","M","?","?","?","M","E","M","M","T","M","R","M","E","M","R","BOSS","M","$","?","M","M","E","M","R","T","?","M","AVR","R","E","R","BOSS","R","??","$","E","BOSS"],"items_purchased_type":["Relic","Relic","Relic","Potion","Card","Card","Card","Card","Card","Card","Card","Relic","Card","Relic","Relic","Card","Relic","Relic","Relic","Card","Relic","Relic","Relic","Card"],"build_version":"2020-12-22","purchased_purges":1,"victory":true,"max_hp_per_floor":[86,96,111,121,131,141,151,161,171,181,191,201,211,221,231,241,251,261,271,281,291,301,312,322,332,342,352,362,372,382,392,402,412,422,432,442,452,462,472,482,492,502,512,522,532,542,552,562,572,582,592,602,612,622,632,652],"relic_stats":{"counters":[33,141],"MealTicket":0,"War Paint":["animator:QuestionMark","animator:Caster"],"Boot":[3],"MawBank":168,"Medical Kit":[1],"obtain_stats":[{"StuffTheSpire:Rhapsscallions":23,"animator:TheMissingPiece":0,"Incense Burner":55,"PrismaticShard":3,"HollowMod:StagPassRelic":9,"Ancient Tea Set":11,"Boot":26,"StuffTheSpire:Experiment12":30,"animator:PurgingStone":0,"StuffTheSpire:HeavyRock":54,"hubris:ScarierMask":34,"MealTicket":48,"Replay:Bottled Eggs":7,"StuffTheSpire:TintedRock":3,"hubris:MobiusCoin":43,"Guide Book":36,"infinitespire:Beetle Shell":6,"War Paint":20,"MawBank":40,"Medical Kit":54,"Akabeko":54,"Replay:Baseball":36,"Brimstone":20,"animator:LivingPicture":0,"StuffTheSpire:Kangaroo":17,"yuri:PortableGlitches":21,"ReplayTheSpireMod:Lightbulb":3,"infinitespire:PuzzleCube":0,"StuffTheSpire:OldFever":36},{"StuffTheSpire:Rhapsscallions":15,"animator:TheMissingPiece":0,"Incense Burner":32,"PrismaticShard":1,"HollowMod:StagPassRelic":5,"Ancient Tea Set":7,"Boot":17,"StuffTheSpire:Experiment12":20,"animator:PurgingStone":0,"StuffTheSpire:HeavyRock":31,"hubris:ScarierMask":22,"MealTicket":30,"Replay:Bottled Eggs":4,"StuffTheSpire:TintedRock":1,"hubris:MobiusCoin":28,"Guide Book":23,"infinitespire:Beetle Shell":4,"War Paint":12,"MawBank":27,"Medical Kit":31,"Akabeko":31,"Replay:Baseball":23,"Brimstone":12,"animator:LivingPicture":0,"StuffTheSpire:Kangaroo":11,"yuri:PortableGlitches":13,"ReplayTheSpireMod:Lightbulb":1,"infinitespire:PuzzleCube":0,"StuffTheSpire:OldFever":23},{"StuffTheSpire:Rhapsscallions":65,"animator:TheMissingPiece":0,"Incense Burner":134,"PrismaticShard":3,"HollowMod:StagPassRelic":21,"Ancient Tea Set":27,"Boot":81,"StuffTheSpire:Experiment12":91,"animator:PurgingStone":0,"StuffTheSpire:HeavyRock":131,"hubris:ScarierMask":100,"MealTicket":123,"Replay:Bottled Eggs":19,"StuffTheSpire:TintedRock":3,"hubris:MobiusCoin":117,"Guide Book":102,"infinitespire:Beetle Shell":19,"War Paint":55,"MawBank":114,"Medical Kit":131,"Akabeko":131,"Replay:Baseball":102,"Brimstone":55,"animator:LivingPicture":0,"StuffTheSpire:Kangaroo":50,"yuri:PortableGlitches":59,"ReplayTheSpireMod:Lightbulb":3,"infinitespire:PuzzleCube":0,"StuffTheSpire:OldFever":102}]},"card_choices":[{"not_picked":["animator:DolaRiku","animator:HiiragiShinya"],"picked":"animator:Kaijin","floor":1.0},{"not_picked":["hexamod:HauntingEcho","animator:Assassin"],"picked":"Negative_Energy_Mist","floor":4.0},{"not_picked":["Warcry","HollowMod:SharpenedNail"],"picked":"animator:ElricEdward","floor":5.0},{"not_picked":["animator:Archer","animator:Rider"],"picked":"animator:Lancer","floor":6.0},{"not_picked":["blademaster:Frontflip","animator:LizardPriest"],"picked":"Prostrate","floor":8.0},{"not_picked":["champ:BerserkersShout","Conserve Battery"],"picked":"Potential","floor":10.0},{"not_picked":["construct:FocusedBeam","construct:Versatility"],"picked":"Blood_Curse","floor":11.0},{"not_picked":["animator:ShinjiMatou","animator:SakuraMatou"],"picked":"animator:Caster","floor":12.0},{"not_picked":["AsteroidBelt","Bones_to_Steel"],"picked":"yuri:Torment","floor":13},{"not_picked":["Runesmith:ShiftingStrike","theSenshi:LunasBite"],"picked":"TheCursedMod:Torture","floor":14},{"not_picked":["StuffTheSpire:FinalStruggle","animator:Patchouli"],"picked":"Venomology","floor":16},{"not_picked":["Slimebound:SplitMire","blademaster:AwakeningDefend"],"picked":"Runesmith:EnergizedChisel+1","floor":18},{"not_picked":["HollowMod:LifebloodCocoon","champ:Haymaker+1"],"picked":"blademaster:Bloodbath+1","floor":21},{"not_picked":["animator:Add","animator:Chung"],"picked":"animator:Ciel","floor":22},{"not_picked":["HollowMod:InfectedCysts","Reset"],"picked":"yuri:InduceGlitch+1","floor":23},{"not_picked":["SpiritShield","Flying Knee"],"picked":"sneckomod:Unknown0Cost","floor":24},{"not_picked":["Conserve Battery","theSenshi:SailorMercuryAssists+1"],"picked":"Infinite Blades+1","floor":25},{"not_picked":["animator:Illya","animator:Alexander"],"picked":"animator:Berserker","floor":27},{"not_picked":["Corruption","Dual Wield+1"],"picked":"hexamod:ShieldOfDarkness","floor":29},{"not_picked":["TheCursedMod:CursedAmulet","hexamod:Firestarter"],"picked":"Poisoned Stab","floor":30},{"not_picked":["Clockwork:PerfectedShield","Slimebound:SamplingLick"],"picked":"yuri:UnstableStrike","floor":31},{"not_picked":["yuri:Suicide","A Thousand Cuts"],"picked":"sneckomod:MorePower","floor":33},{"not_picked":["animator:Elsword","animator:Add"],"picked":"animator:Rena","floor":35},{"not_picked":["hexamod:GhostflameInferno","Slimebound:RainOfGoop+1"],"picked":"Clockwork:ForgeStrike+1","floor":37},{"not_picked":["sneckomod:UnknownClassSILVER+1","sneckomod:UnknownClassGUARDIAN+1"],"picked":"sneckomod:UnknownEthereal+1","floor":38},{"not_picked":["blademaster:DaggerAndCloak","animator:Elsword"],"picked":"sneckomod:WideSting","floor":38},{"not_picked":["sneckomod:UnknownClassCONSTRUCTMOD+1","sneckomod:UnknownClassRUNESMITH_BEIGE+1"],"picked":"sneckomod:UnknownClassGREEN+1","floor":39},{"not_picked":["sneckomod:UnknownClassSILVER+1","sneckomod:UnknownClassTHE_CURSED_PURPLE+1"],"picked":"sneckomod:UnknownUncommonPower+1","floor":39},{"not_picked":["animator:Yuuichirou+1","animator:Evileye+1"],"picked":"animator:RoryMercury+1","floor":39},{"not_picked":["animator:YunYun","animator:Vanir"],"picked":"animator:Megumin","floor":40},{"not_picked":["Clockwork:Roundhouse+1","Anger"],"picked":"champ:BerserkerStyle+1","floor":41},{"not_picked":["StuffTheSpire:Perfection","StuffTheSpire:Brawn"],"picked":"StuffTheSpire:Innocence","floor":44},{"not_picked":["champ:BerserkersShout","Defy"],"picked":"animator:Togame+1","floor":45},{"not_picked":["hexamod:EmpoweredFlame","hubris:SlightOfHand"],"picked":"animator:Gillette","floor":48},{"not_picked":["animator:EmiyaShirou","animator:Alexander"],"picked":"animator:ShinjiMatou","floor":55}],"player_experience":249966,"relics_obtained":[{"floor":6.0,"key":"infinitespire:Beetle Shell"},{"floor":9.0,"key":"HollowMod:StagPassRelic"},{"floor":11.0,"key":"Ancient Tea Set"},{"floor":21,"key":"yuri:PortableGlitches"},{"floor":23,"key":"StuffTheSpire:Rhapsscallions"},{"floor":26,"key":"Boot"},{"floor":30,"key":"StuffTheSpire:Experiment12"},{"floor":40,"key":"MawBank"},{"floor":43,"key":"hubris:MobiusCoin"},{"floor":48,"key":"MealTicket"},{"floor":55,"key":"Incense Burner"}],"event_choices":[{"damage_healed":0.0,"max_hp_gain":0.0,"max_hp_loss":0.0,"gold_gain":0.0,"event_name":"Lab","player_choice":"Got Potions","floor":2.0,"gold_loss":0.0,"damage_taken":0.0},{"damage_healed":0,"gold_gain":0,"player_choice":"Forge","damage_taken":0,"max_hp_gain":0,"max_hp_loss":0,"event_name":"Accursed Blacksmith","floor":19,"gold_loss":0,"cards_upgraded":["Prostrate"]}],"is_beta":false,"boss_relics":[{"not_picked":["Replay:Grab Bag","Replay:Drink Me"],"picked":"StuffTheSpire:Kangaroo"},{"not_picked":["Pandora\u0027s Box","energizedSpire:MagnifyingGlass"],"picked":"hubris:ScarierMask"}],"items_purged_floors":[3],"is_endless":false,"potions_floor_spawned":[5,6,8,13,18,25,30,31,37,39,41],"ascension_level":0}}