{"host":"jkgg7n5hn1slsm35","time":1609237087,"event":{"mods":["Aspiration","BaseMod","BetterRewards","Conspire","Googly Eyes","Gremlin Skip","Halation","Highlight Path","Hubris","Infinite Spire","Minty Spire (QoL Compilation)","Permanent Neow","StSLib","SuperFastMode","vexMod"],"gold_per_floor":[117,117,117,67,80,80,109,109,109,142,155,80,80,95,95,95,95],"floor_reached":16,"playtime":306,"items_purged":["Strike_B"],"score":178,"play_id":"223f04ab-c917-4b37-a43e-38e84ff665b3","local_time":"20201229111807","is_ascension_mode":true,"campfire_choices":[{"data":"White Noise","floor":6,"key":"SMITH"},{"floor":8,"key":"REST"},{"floor":13,"key":"REST"},{"floor":15,"key":"REST"}],"circlet_count":0,"master_deck":["AscendersBane","Strike_B","Strike_B","Defend_B","Defend_B","Defend_B","Defend_B","Zap","Dualcast","Hyperbeam","White Noise+1","Gash","Cold Snap","Cold Snap","Sweeping Beam","Stack","Defragment"],"relics":["Cracked Core","halation:WeightlessCrab","Dream Catcher","hubris:BottledRain"],"acts_visited":["Exordium"],"potions_floor_usage":[],"damage_taken":[{"damage":2,"enemies":"Jaw Worm","floor":1,"turns":4},{"damage":0,"enemies":"Cultist","floor":5,"turns":4},{"damage":28,"enemies":"Lagavulin","floor":7,"turns":7},{"damage":35,"enemies":"3 Sentries","floor":10,"turns":5},{"damage":0,"enemies":"Small Slimes","floor":11,"turns":2},{"damage":8,"enemies":"Exordium Thugs","floor":14,"turns":4},{"damage":23,"enemies":"The Guardian","floor":16,"turns":6}],"seed_played":"1091893561400003941","potions_obtained":[{"floor":10,"key":"Energy Potion"},{"floor":11,"key":"LiquidMemories"}],"is_trial":false,"path_per_floor":["M","?","?","$","M","R","E","R","T","E","M","$","R","M","R","B"],"character_chosen":"DEFECT","items_purchased":["Gash"],"campfire_rested":3,"item_purchase_floors":[4],"current_hp_per_floor":[66,59,59,59,59,59,31,53,53,18,18,18,40,32,54,31,31],"gold":95,"neow_bonus":"ONE_RANDOM_RARE_CARD","is_daily":false,"chose_seed":false,"campfire_upgraded":1,"win_rate":0.0,"timestamp":1609237087,"path_taken":["M","?","?","$","M","R","E","R","T","E","?","?","R","?","R","BOSS"],"items_purchased_type":["Card"],"build_version":"2020-12-22","purchased_purges":1,"victory":false,"max_hp_per_floor":[75,75,75,75,75,75,75,75,75,75,75,75,75,75,75,75,75],"card_choices":[{"not_picked":["FTL","Coolheaded"],"picked":"White Noise","floor":1},{"not_picked":["Steam","Tempest","Coolheaded"],"picked":"SKIP","floor":5},{"not_picked":["Capacitor","Redo"],"picked":"Cold Snap","floor":7},{"not_picked":["Redo","aspiration:Polymerization","Aggregate"],"picked":"SKIP","floor":10},{"not_picked":["Hologram","hubris:PowerSurge"],"picked":"Cold Snap","floor":11},{"not_picked":["Stack","Leap"],"picked":"Sweeping Beam","floor":13},{"not_picked":["Doom and Gloom","Streamline"],"picked":"Stack","floor":14},{"not_picked":["Turbo","Compile Driver"],"picked":"Defragment","floor":15}],"player_experience":1798372,"relics_obtained":[{"floor":7,"key":"halation:WeightlessCrab"},{"floor":9,"key":"Dream Catcher"},{"floor":10,"key":"hubris:BottledRain"}],"event_choices":[{"cards_removed":["Strike_B"],"damage_healed":0,"gold_gain":0,"player_choice":"Card Removal","damage_taken":7,"max_hp_gain":0,"max_hp_loss":0,"event_name":"Golden Wing","floor":2,"gold_loss":0}],"is_beta":false,"boss_relics":[],"items_purged_floors":[12],"is_endless":false,"potions_floor_spawned":[10,11],"killed_by":"The Guardian","ascension_level":13}}