{"host":"65a95dzim48ko8ke","time":1609232119,"event":{"mods":["Act Like it!","Astrologer","BaseMod","Minty Spire (QoL Compilation)","Quick Restart","Rare Cards Sparkle","Spicy Shops","StSLib","The Jungle"],"gold_per_floor":[110,110,110,60,60,60,60,88,88,88,99,111,36,51,51,146,146,166,166,183,183,196,196,223,223,223,250,265,59,59,75,75,174,174,188,201,201,246,25,25,44,73,73,108,118,118,18,36,36,36],"floor_reached":51,"playtime":3266,"items_purged":["Regret","astrologer:Strike"],"score":782,"play_id":"f938b6a3-7b86-46c7-9978-6429f77df94e","local_time":"20201229175519","is_ascension_mode":true,"campfire_choices":[{"data":"astrologer:Judgement","floor":6.0,"key":"SMITH"},{"data":"astrologer:Opposition","floor":10.0,"key":"SMITH"},{"data":"astrologer:Still","floor":15.0,"key":"SMITH"},{"data":"astrologer:RejectReality","floor":23.0,"key":"SMITH"},{"data":"astrologer:Glimpse","floor":30.0,"key":"SMITH"},{"data":"astrologer:SpaceDust","floor":32.0,"key":"SMITH"},{"data":"astrologer:DarkMatter","floor":40.0,"key":"SMITH"},{"data":"astrologer:Premonition","floor":49,"key":"SMITH"}],"circlet_count":0,"master_deck":["astrologer:Strike","astrologer:Defend","astrologer:Defend+1","astrologer:Defend","astrologer:Defend","astrologer:NorthStar","astrologer:TheFool","astrologer:Wish","astrologer:Judgement+1","astrologer:Opposition+1","astrologer:Still+1","astrologer:Radiance","astrologer:MeteorShower","astrologer:RejectReality+1","astrologer:Eclipse","astrologer:TheEmperor","astrologer:StarOfMisfortune","astrologer:Death","astrologer:Opposition","astrologer:Glimpse+1","Necronomicurse","astrologer:SpaceDust+1","astrologer:Retelling+1","astrologer:DarkMatter+1","astrologer:CometStrike","astrologer:Shine+1","astrologer:ShootingStar","astrologer:Premonition+1","astrologer:Conjunction","astrologer:Divination","astrologer:Opposition+1","astrologer:Prestidigitation+1","astrologer:TheHierophant","astrologer:Glimpse","astrologer:Trine","astrologer:TheEmperor+1","astrologer:Moonlight+1"],"relics":["astrologer:SkyMirror","Centennial Puzzle","HornCleat","War Paint","Orichalcum","Shuriken","Coffee Dripper","Torii","Necronomicon","Question Card","Bag of Preparation","Omamori","Frozen Eye","SlaversCollar","Ice Cream","Orrery","Oddly Smooth Stone","Akabeko","Blue Candle","Toy Ornithopter"],"acts_visited":["Exordium","TheCity","TheBeyond"],"potions_floor_usage":[48,50],"damage_taken":[{"damage":0.0,"enemies":"2 Louse","floor":1.0,"turns":3.0},{"damage":31.0,"enemies":"Lagavulin","floor":8.0,"turns":6.0},{"damage":0.0,"enemies":"Jaw Worm","floor":11.0,"turns":2.0},{"damage":4.0,"enemies":"Small Slimes","floor":12.0,"turns":2.0},{"damage":0.0,"enemies":"Blue Slaver","floor":14.0,"turns":2.0},{"damage":4.0,"enemies":"Hexaghost","floor":16.0,"turns":7.0},{"damage":0.0,"enemies":"Chosen","floor":18.0,"turns":2.0},{"damage":6.0,"enemies":"Spheric Guardian","floor":20.0,"turns":4.0},{"damage":5.0,"enemies":"Cultist and Chosen","floor":22.0,"turns":6.0},{"damage":9.0,"enemies":"Book of Stabbing","floor":24.0,"turns":6.0},{"damage":2.0,"enemies":"Snake Plant","floor":28.0,"turns":2.0},{"damage":0.0,"enemies":"Snecko","floor":31.0,"turns":4.0},{"damage":10.0,"enemies":"Collector","floor":33.0,"turns":7.0},{"damage":1.0,"enemies":"3 Darklings","floor":35.0,"turns":6.0},{"damage":0.0,"enemies":"3 Shapes","floor":36.0,"turns":4.0},{"damage":11.0,"enemies":"2 Orb Walkers","floor":38.0,"turns":4.0},{"damage":1.0,"enemies":"3 Darklings","floor":41.0,"turns":5.0},{"damage":1.0,"enemies":"Reptomancer","floor":42.0,"turns":6.0},{"damage":9.0,"enemies":"Giant Head","floor":44.0,"turns":7.0},{"damage":11.0,"enemies":"Sphere and 2 Shapes","floor":45.0,"turns":5.0},{"damage":0,"enemies":"4 Shapes","floor":48,"turns":5},{"damage":23,"enemies":"Time Eater","floor":50,"turns":9}],"seed_played":"7979575582506777671","potions_obtained":[{"floor":1.0,"key":"LiquidBronze"},{"floor":11.0,"key":"AttackPotion"},{"floor":20.0,"key":"LiquidBronze"},{"floor":24.0,"key":"SteroidPotion"},{"floor":31.0,"key":"AttackPotion"},{"floor":38.0,"key":"SkillPotion"},{"floor":44.0,"key":"Fire Potion"},{"floor":45.0,"key":"FairyPotion"}],"is_trial":false,"path_per_floor":["M","?","?","?","T","R","?","E","T","R","M","M","$","M","R","B",null,"M","?","M","?","M","R","E","?","T","T","M","$","R","M","R","B",null,"M","M","?","?","$","R","M","E","T","E","M","?","$","M","R","B",null],"character_chosen":"ASTROLOGER","items_purchased":["Omamori","Frozen Eye","Orrery","Oddly Smooth Stone"],"campfire_rested":0,"item_purchase_floors":[29,29,39,39],"current_hp_per_floor":[70,70,67,67,67,67,67,36,36,36,36,32,32,32,32,28,70,70,70,64,64,59,59,50,34,34,34,32,32,32,32,32,22,70,69,69,69,58,58,58,57,56,56,47,41,59,59,64,64,46],"gold":36,"neow_bonus":"ONE_RANDOM_RARE_CARD","is_daily":false,"chose_seed":false,"campfire_upgraded":8,"win_rate":0.0,"timestamp":1609232119,"path_taken":["M","?","?","?","?","R","?","E","T","R","?","M","$","M","R","BOSS","M","?","M","?","?","R","E","?","T","?","M","$","R","M","R","BOSS","M","M","?","?","?","R","?","E","T","E","M","?","$","M","R","BOSS"],"items_purchased_type":["Relic","Relic","Relic","Relic"],"build_version":"2020-12-22","purchased_purges":2,"victory":true,"max_hp_per_floor":[70,70,70,70,70,70,70,70,70,70,70,70,70,70,70,70,70,70,70,70,70,70,70,70,70,70,70,70,70,70,70,70,70,70,70,70,70,70,70,70,70,70,70,70,70,70,70,70,70,70],"card_choices":[{"not_picked":["astrologer:Moonlight","astrologer:FrozenStar"],"picked":"astrologer:Judgement","floor":1.0},{"not_picked":["astrologer:Cataclysm","astrologer:ReadTheStars"],"picked":"astrologer:Opposition","floor":8.0},{"not_picked":["astrologer:FrozenStar","astrologer:Stardust"],"picked":"astrologer:Still","floor":11.0},{"not_picked":["astrologer:GlassStar","astrologer:SolarFlare"],"picked":"astrologer:Radiance","floor":12.0},{"not_picked":["astrologer:StarOfCourage","astrologer:Temperance"],"picked":"astrologer:MeteorShower","floor":14.0},{"not_picked":["astrologer:DarkMatter","astrologer:Wish"],"picked":"astrologer:RejectReality","floor":16.0},{"not_picked":["astrologer:Divination","astrologer:FrozenStar"],"picked":"astrologer:Eclipse","floor":18.0},{"not_picked":["astrologer:CosmicExpanse","astrologer:SpaceDust"],"picked":"astrologer:StarOfMisfortune","floor":20.0},{"not_picked":["astrologer:Eclipse","astrologer:TheHighPriestess"],"picked":"astrologer:Opposition","floor":22.0},{"not_picked":["astrologer:Eclipse+1","astrologer:TheLovers"],"picked":"astrologer:Glimpse","floor":24.0},{"not_picked":["astrologer:Moonlight","astrologer:Opposition","astrologer:Eclipse"],"picked":"astrologer:SpaceDust","floor":28.0},{"not_picked":["astrologer:Still","astrologer:Shine","astrologer:Radiance"],"picked":"astrologer:Retelling+1","floor":31.0},{"not_picked":["astrologer:TheChariot","astrologer:Nova","astrologer:Starfield"],"picked":"astrologer:DarkMatter","floor":33.0},{"not_picked":["astrologer:NeutronStar+1","astrologer:StarOfRegret","astrologer:Still"],"picked":"astrologer:CometStrike","floor":35.0},{"not_picked":["astrologer:ReadTheStars","astrologer:Radiance","astrologer:Still"],"picked":"astrologer:Shine+1","floor":36.0},{"not_picked":["astrologer:MeteorShower","astrologer:Retelling","astrologer:SpaceDust"],"picked":"astrologer:ShootingStar","floor":38.0},{"not_picked":["astrologer:Still","astrologer:SpaceDust","astrologer:FrozenStar"],"picked":"astrologer:Premonition","floor":39.0},{"not_picked":["astrologer:TheLovers+1","astrologer:CosmicExpanse+1","astrologer:ReadTheStars+1"],"picked":"astrologer:Conjunction","floor":39.0},{"not_picked":["astrologer:Shine","astrologer:Fate","astrologer:FrozenStar+1"],"picked":"astrologer:Divination","floor":39.0},{"not_picked":["astrologer:Conjunction","astrologer:Radiance","astrologer:SpaceDust+1"],"picked":"astrologer:Opposition+1","floor":39.0},{"not_picked":["astrologer:Radiance+1","astrologer:TheHierophant+1","astrologer:GlassStar+1"],"picked":"astrologer:Prestidigitation+1","floor":39.0},{"not_picked":["astrologer:Stardust","astrologer:Death","astrologer:MeteorShower"],"picked":"astrologer:TheHierophant","floor":41.0},{"not_picked":["astrologer:Conjunction","astrologer:Moonlight","astrologer:MeteorShower+1"],"picked":"astrologer:Glimpse","floor":42.0},{"not_picked":["astrologer:Stardust","astrologer:Opposition+1","astrologer:FrozenStar+1"],"picked":"astrologer:Trine","floor":44.0},{"not_picked":["astrologer:ReadTheStars+1","astrologer:TheStar","astrologer:StarOfMisfortune+1"],"picked":"astrologer:TheEmperor+1","floor":45.0},{"not_picked":["astrologer:Shine","astrologer:FadingStar","astrologer:ReadTheStars+1"],"picked":"astrologer:Moonlight+1","floor":48}],"player_experience":290609,"relics_obtained":[{"floor":5.0,"key":"HornCleat"},{"floor":8.0,"key":"Orichalcum"},{"floor":9.0,"key":"Shuriken"},{"floor":24.0,"key":"Torii"},{"floor":25.0,"key":"Necronomicon"},{"floor":26.0,"key":"Question Card"},{"floor":27.0,"key":"Bag of Preparation"},{"floor":38.0,"key":"Ice Cream"},{"floor":42.0,"key":"Akabeko"},{"floor":43.0,"key":"Blue Candle"},{"floor":44.0,"key":"Toy Ornithopter"}],"event_choices":[{"damage_healed":0.0,"max_hp_gain":0.0,"max_hp_loss":0.0,"gold_gain":0.0,"cards_transformed":["astrologer:Strike"],"event_name":"Living Wall","player_choice":"Change","floor":2.0,"gold_loss":0.0,"damage_taken":0.0,"cards_obtained":["astrologer:Sunrise"]},{"damage_healed":0.0,"max_hp_gain":0.0,"max_hp_loss":0.0,"gold_gain":0.0,"event_name":"Scrap Ooze","player_choice":"Success","floor":3.0,"gold_loss":0.0,"damage_taken":3.0,"relics_obtained":["Centennial Puzzle"]},{"cards_removed":["astrologer:Strike"],"damage_healed":0.0,"max_hp_gain":0.0,"max_hp_loss":0.0,"gold_gain":0.0,"event_name":"The Cleric","player_choice":"Card Removal","floor":4.0,"gold_loss":50.0,"damage_taken":0.0},{"damage_healed":0.0,"max_hp_gain":0.0,"max_hp_loss":0.0,"gold_gain":0.0,"event_name":"Big Fish","player_choice":"Box","floor":7.0,"gold_loss":0.0,"damage_taken":0.0,"relics_obtained":["War Paint"],"cards_obtained":["Regret"]},{"damage_healed":0.0,"max_hp_gain":0.0,"max_hp_loss":0.0,"gold_gain":0.0,"event_name":"The Library","player_choice":"Read","floor":19.0,"gold_loss":0.0,"damage_taken":0.0,"cards_obtained":["astrologer:TheEmperor"]},{"damage_healed":0.0,"max_hp_gain":0.0,"max_hp_loss":0.0,"gold_gain":0.0,"event_name":"Match and Keep!","player_choice":"1 cards matched","floor":21.0,"gold_loss":0.0,"damage_taken":0.0,"cards_obtained":["astrologer:Death"]},{"damage_healed":0.0,"max_hp_gain":0.0,"max_hp_loss":0.0,"gold_gain":0.0,"event_name":"Cursed Tome","player_choice":"Obtained Book","floor":25.0,"gold_loss":0.0,"damage_taken":16.0},{"cards_removed":["astrologer:Sunrise"],"damage_healed":0.0,"max_hp_gain":0.0,"max_hp_loss":0.0,"gold_gain":0.0,"event_name":"Falling","player_choice":"Removed Skill","floor":37.0,"gold_loss":0.0,"damage_taken":0.0},{"damage_healed":0.0,"max_hp_gain":0.0,"max_hp_loss":0.0,"gold_gain":0.0,"event_name":"Mysterious Sphere","player_choice":"Fight","floor":38.0,"gold_loss":0.0,"damage_taken":0.0},{"damage_healed":18.0,"max_hp_gain":0.0,"max_hp_loss":0.0,"gold_gain":0.0,"event_name":"Winding Halls","player_choice":"Writhe","floor":46.0,"gold_loss":0.0,"damage_taken":0.0,"cards_obtained":["Writhe"]}],"is_beta":false,"boss_relics":[{"not_picked":["Runic Pyramid","Velvet Choker"],"picked":"Coffee Dripper"},{"not_picked":["Black Star","Astrolabe"],"picked":"SlaversCollar"}],"items_purged_floors":[13,47],"is_endless":false,"potions_floor_spawned":[1,11,20,24,31,33,38,41,44,45],"ascension_level":1}}