{"host":"e87rn453naquue3h","time":1609212806,"event":{"mods":["AchievementEnabler","BaseMod","Downfall","Minty Spire (QoL Compilation)","StSLib"],"gold_per_floor":[99,113,113,132,152,186,210,310,20,20,52,52,80,65,79,174,174,174,184,196,213,243,243,296,316,332,346,271,305,305,339,352,452,452,452,471,490,403,416,441,441,458,458,558,574,574,586,160,173,173],"floor_reached":51,"playtime":3713,"items_purged":["hexamod:Strike","hexamod:Defend"],"score":940,"play_id":"db7c7700-ef4c-42af-8a0f-6aca24924f0c","local_time":"20201228223326","is_ascension_mode":true,"campfire_choices":[{"data":"hexamod:Sear","floor":1,"key":"SMITH"},{"data":"hexamod:HeatMetal","floor":10,"key":"SMITH"},{"floor":12,"key":"REST"},{"data":"hexamod:SearingWound","floor":18,"key":"SMITH"},{"data":"hexamod:GiftsFromTheDead","floor":23,"key":"SMITH"},{"floor":28,"key":"REST"},{"floor":30,"key":"REST"},{"data":"hexamod:SearingWound","floor":35,"key":"SMITH"},{"data":"hexamod:Haunt","floor":43,"key":"SMITH"},{"floor":46,"key":"REST"}],"circlet_count":0,"master_deck":["hexamod:Strike","hexamod:Strike","hexamod:Strike+1","hexamod:Defend","hexamod:Defend","hexamod:Sear+1","hexamod:Float","hexamod:SoulSteal","hexamod:HeatCrush","hexamod:BurningTouch","hexamod:HeatMetal+1","hexamod:Hexaguard","hexamod:SpectralSpark","hexamod:PowerFromBeyond","hexamod:PowerFromBeyond","hexamod:GiftsFromTheDead+1","hexamod:SpectersWail+1","hexamod:Haunt+1","hexamod:SearingWound+1","hexamod:GhostShield+1","hexamod:SpectralSpark+1","hexamod:Firestarter+1","hexamod:ExtraCrispy","hexamod:WildfireWeapon","hexamod:GiftsFromTheDead","hexamod:SearingWound+1","hexamod:ExtraCrispy","hexamod:GhostflameBarrier","hexamod:Incineration+1","hexamod:Haunt+1","expansioncontent:StudyTheSpire"],"relics":["Runic Dome","Art of War","Anchor","hexamod:MatchstickCase","Pen Nib","StoneCalendar","SlaversCollar","Red Mask","downfall:HeartBlessingBlue","Oddly Smooth Stone","Incense Burner","Sozu","Lee\u0027s Waffle","Whetstone","Lantern","Pear","White Beast Statue","Strawberry"],"acts_visited":["Exordium","TheCity","TheBeyond"],"potions_floor_usage":[11,13,16,25,31,33,33],"damage_taken":[{"damage":0,"enemies":"Small Slimes","floor":2,"turns":3},{"damage":0,"enemies":"Cultist","floor":4,"turns":3},{"damage":4,"enemies":"Jaw Worm","floor":5,"turns":3},{"damage":16,"enemies":"Gremlin Nob","floor":6,"turns":3},{"damage":3,"enemies":"downfall:FleeingMerchant","floor":9,"turns":4},{"damage":13,"enemies":"3 Sentries","floor":11,"turns":3},{"damage":18,"enemies":"Lagavulin","floor":13,"turns":3},{"damage":15,"enemies":"downfall:FleeingMerchant","floor":14,"turns":4},{"damage":0,"enemies":"Large Slime","floor":15,"turns":2},{"damage":0,"enemies":"downfall:Watcher","floor":16,"turns":3},{"damage":3,"enemies":"3 Byrds","floor":19,"turns":4},{"damage":0,"enemies":"Shell Parasite","floor":20,"turns":3},{"damage":10,"enemies":"Shelled Parasite and Fungi","floor":21,"turns":3},{"damage":12,"enemies":"Masked Bandits","floor":22,"turns":3},{"damage":2,"enemies":"Chosen and Byrds","floor":25,"turns":3},{"damage":15,"enemies":"Sentry and Sphere","floor":26,"turns":3},{"damage":0,"enemies":"Snake Plant","floor":27,"turns":3},{"damage":13,"enemies":"Book of Stabbing","floor":29,"turns":3},{"damage":15,"enemies":"Slavers","floor":31,"turns":3},{"damage":11,"enemies":"Centurion and Healer","floor":32,"turns":3},{"damage":3,"enemies":"downfall:Defect","floor":33,"turns":4},{"damage":22,"enemies":"3 Darklings","floor":36,"turns":4},{"damage":1,"enemies":"3 Shapes","floor":37,"turns":3},{"damage":12,"enemies":"downfall:FleeingMerchant","floor":38,"turns":3},{"damage":25,"enemies":"Jaw Worm Horde","floor":39,"turns":4},{"damage":0,"enemies":"3 Darklings","floor":42,"turns":2},{"damage":0,"enemies":"downfall:LadyInBlue","floor":44,"turns":3},{"damage":0,"enemies":"Maw","floor":45,"turns":4},{"damage":3,"enemies":"Sphere and 2 Shapes","floor":47,"turns":3},{"damage":0,"enemies":"Transient","floor":49,"turns":5},{"damage":0,"enemies":"downfall:Ironclad","floor":50,"turns":4}],"seed_played":"6447720132114790647","potions_obtained":[{"floor":2,"key":"BlessingOfTheForge"},{"floor":5,"key":"SmokeBomb"},{"floor":11,"key":"Dexterity Potion"},{"floor":13,"key":"Dexterity Potion"},{"floor":19,"key":"Weak Potion"},{"floor":20,"key":"FearPotion"},{"floor":25,"key":"FearPotion"},{"floor":27,"key":"Swift Potion"},{"floor":33,"key":"SneckoOil"}],"is_trial":false,"path_per_floor":["R","M","?","M","M","E","T","?","$","R","E","R","E","$","M","B",null,"R","M","M","M","?","R","T","M","M","M","R","E","R","E","M","B",null,"R","M","M","$","M","?","T","M","R","?","M","R","M","$","M","B",null],"character_chosen":"THE_SPIRIT","items_purchased":["hexamod:MatchstickCase","PowerPotion","hexamod:PowerFromBeyond","Lee\u0027s Waffle","Whetstone","hexamod:GhostflameBarrier","Strawberry","expansioncontent:StudyTheSpire"],"campfire_rested":4,"item_purchase_floors":[9,9,9,38,38,38,48,48],"current_hp_per_floor":[70,70,70,70,66,50,50,50,47,47,34,55,37,22,22,22,70,70,67,67,57,45,45,45,43,28,28,62,49,73,58,47,44,80,80,58,57,87,62,62,72,72,72,72,72,97,94,101,101,101],"gold":173,"neow_bonus":"BOSS_RELIC","is_daily":false,"chose_seed":false,"campfire_upgraded":6,"win_rate":0.0,"timestamp":1609212806,"path_taken":["R","M","?","?","M","E","T","?","?","R","E","R","E","$","M","BOSS","R","M","M","M","?","R","T","M","M","M","R","E","R","E","M","BOSS","R","M","M","$","M","?","T","M","R","?","M","R","M","$","M","BOSS"],"items_purchased_type":["Relic","Potion","Card","Relic","Relic","Card","Relic","Card"],"build_version":"2020-12-22","purchased_purges":2,"victory":true,"max_hp_per_floor":[70,70,70,70,70,70,70,70,70,70,70,70,70,70,70,70,70,70,70,70,70,70,70,70,70,70,70,80,80,80,80,80,80,80,80,80,80,87,87,87,97,97,97,97,97,97,97,104,104,104],"card_choices":[{"not_picked":["hexamod:RadiantFlame","hexamod:ShieldOfDarkness"],"picked":"hexamod:SoulSteal","floor":2},{"not_picked":["hexamod:ShieldOfDarkness","hexamod:FastForward"],"picked":"hexamod:BurningTouch","floor":4},{"not_picked":["hexamod:ThermalTransfer","hexamod:FourthSeal"],"picked":"hexamod:HeatMetal","floor":5},{"not_picked":["hexamod:BurningTouch","hexamod:ThermalTransfer"],"picked":"hexamod:Hexaguard","floor":6},{"not_picked":["hexamod:SuperheatedStrike","hexamod:ThirdSeal"],"picked":"hexamod:SpectralSpark","floor":9},{"not_picked":["hexamod:RainOfEmbers","hexamod:AdvancingGuard"],"picked":"hexamod:PowerFromBeyond","floor":11},{"not_picked":["hexamod:NecessarySacrifice","hexamod:NightmareGuise"],"picked":"hexamod:GiftsFromTheDead","floor":13},{"not_picked":["hexamod:TimeWarp","hexamod:Hexaguard"],"picked":"hexamod:SpectersWail","floor":14},{"not_picked":["hexamod:InspiringFlames","hexamod:ThermalTransfer"],"picked":"hexamod:Haunt","floor":15},{"not_picked":["hexamod:TimeOfNeed","hexamod:VolcanoVisage"],"picked":"hexamod:SearingWound","floor":16},{"not_picked":["hexamod:GhostLash","hexamod:NightmareGuise"],"picked":"hexamod:GhostShield+1","floor":19},{"not_picked":["hexamod:AdvancingGuard","hexamod:EmpoweringStance","hexamod:SpectralAdrenaline"],"picked":"SKIP","floor":20},{"not_picked":["hexamod:AdvancingGuard","hexamod:GhostLash","hexamod:RainOfEmbers"],"picked":"SKIP","floor":21},{"not_picked":["hexamod:StepThrough","hexamod:NightmareStrike+1"],"picked":"hexamod:SpectralSpark+1","floor":22},{"not_picked":["hexamod:SpectralSpark+1","hexamod:SpectersWail+1","hexamod:BacktrackSmack"],"picked":"SKIP","floor":25},{"not_picked":["hexamod:AdvancingGuard","hexamod:BacktrackSmack"],"picked":"hexamod:Firestarter+1","floor":26},{"not_picked":["hexamod:GhostLash","hexamod:WildfireWeapon"],"picked":"hexamod:ExtraCrispy","floor":27},{"not_picked":["hexamod:EmpoweredFlame","hexamod:AdvancingGuard"],"picked":"hexamod:WildfireWeapon","floor":29},{"not_picked":["hexamod:FastForward+1","hexamod:FifthSeal"],"picked":"hexamod:GiftsFromTheDead","floor":31},{"not_picked":["hexamod:NightmareGuise","hexamod:CatchUp","hexamod:ShieldOfDarkness"],"picked":"SKIP","floor":32},{"not_picked":["hexamod:TimeOfNeed","hexamod:HexaLevel"],"picked":"hexamod:SearingWound","floor":33},{"not_picked":["hexamod:PowerFromBeyond","hexamod:NightmareStrike","hexamod:SwordOfDarkness"],"picked":"SKIP","floor":36},{"not_picked":["hexamod:NecessarySacrifice","hexamod:RadiantFlame+1","hexamod:NightmareGuise"],"picked":"SKIP","floor":37},{"not_picked":["hexamod:SecondSeal","hexamod:Firestarter+1"],"picked":"hexamod:ExtraCrispy","floor":38},{"not_picked":["hexamod:FastForward","hexamod:GhostLash+1","hexamod:ChargedBarrage"],"picked":"SKIP","floor":39},{"not_picked":["hexamod:FastForward","hexamod:BacktrackSmack+1"],"picked":"hexamod:Incineration+1","floor":42},{"not_picked":["hexamod:SwordOfDarkness+1","hexamod:AdvancingGuard","hexamod:TimeWarp"],"picked":"SKIP","floor":45},{"not_picked":["hexamod:HeatCrush+1","hexamod:SpectralAdrenaline+1"],"picked":"hexamod:Haunt+1","floor":47},{"not_picked":["hexamod:ShieldOfDarkness","hexamod:NightmareStrike+1","hexamod:GhostShield+1"],"picked":"SKIP","floor":49}],"player_experience":2437109,"relics_obtained":[{"floor":6,"key":"Art of War"},{"floor":7,"key":"Anchor"},{"floor":11,"key":"Pen Nib"},{"floor":13,"key":"StoneCalendar"},{"floor":22,"key":"Red Mask"},{"floor":29,"key":"Oddly Smooth Stone"},{"floor":31,"key":"Incense Burner"},{"floor":40,"key":"Lantern"},{"floor":41,"key":"Pear"},{"floor":44,"key":"White Beast Statue"}],"event_choices":[{"damage_healed":0,"gold_gain":0,"cards_transformed":["hexamod:Defend"],"player_choice":"Transformed","damage_taken":0,"max_hp_gain":0,"max_hp_loss":0,"event_name":"Transmorgrifier","floor":3,"gold_loss":0,"cards_obtained":["hexamod:HeatCrush"]},{"damage_healed":0,"gold_gain":0,"player_choice":"Fought Bandits","damage_taken":0,"max_hp_gain":0,"max_hp_loss":0,"event_name":"Masked Bandits","floor":22,"gold_loss":0}],"is_beta":false,"boss_relics":[{"not_picked":["Busted Crown","SacredBark"],"picked":"SlaversCollar"},{"not_picked":["Astrolabe","Snecko Eye"],"picked":"Sozu"}],"items_purged_floors":[38,48],"is_endless":false,"potions_floor_spawned":[2,5,11,13,19,20,25,27,33,45,47,49],"ascension_level":2}}