{"host":"b0l902yh1rk3g5bq","time":1609232929,"event":{"mods":["AchievementEnabler","Act Like it!","Aspiration","BaseMod","Better Match","Better Sensory Stone","Better Skull","Better Third Choice","BetterRewards","Challenge The Spire","Colored Map","Colored Powertips","Conspire","Downfall","Energized Spire","GifTheSpireLib","Halation","Hubris","Infinite Spire","Minty Spire (QoL Compilation)","Quick Restart","Rare Cards Sparkle","Replay The Spire","StSLib","Stuff the Spire","Trackpad","Virulent Crown","Wandering Minibosses","egg","everything is the same but u backflip on backflip","vexMod"],"gold_per_floor":[99,118,134,144,244,277,301,301,317,381,413,165,165,180,190,287,287,287,297,313,81,91,101,149,149,149,149],"floor_reached":25,"playtime":1612,"items_purged":[],"score":242,"play_id":"7bda42a6-4c40-40e6-8bc2-cdda1de8f88e","local_time":"20201229100849","is_ascension_mode":false,"campfire_choices":[{"data":"hexamod:Sear","floor":1,"key":"SMITH"},{"floor":8,"key":"REST"},{"floor":13,"key":"REST"},{"data":"hexamod:VolcanoVisage","floor":18,"key":"SMITH"}],"circlet_count":0,"master_deck":["hexamod:Strike","hexamod:Strike","hexamod:Strike","hexamod:Strike","hexamod:Defend","hexamod:Defend","hexamod:Defend","hexamod:Defend","hexamod:Sear+1","hexamod:Float","hexamod:ExtraCrispy","hexamod:RadiantFlame","hexamod:EmpoweredFlame","hexamod:VolcanoVisage+1","hexamod:GhostflameBarrier","DeceiveReality+1"],"relics":["hexamod:SpiritBrand","downfall:CloakOfManyFaces","CultistMask","FaceOfCleric","NlothsMask","GremlinMask","SsserpentHead","StuffTheSpire:DarkSteelAnvil","StrikeDummy","halation:PromiseList","aspiration:WatcherSkillbook","Lee\u0027s Waffle","Regal Pillow"],"acts_visited":["Exordium","TheCity"],"potions_floor_usage":[15],"damage_taken":[{"damage":4,"enemies":"conspire:RoseBush","floor":2,"turns":4},{"damage":0,"enemies":"Cultist","floor":3,"turns":3},{"damage":0,"enemies":"Small Slimes","floor":4,"turns":4},{"damage":8,"enemies":"downfall:FaceTrader","floor":5,"turns":6},{"damage":39,"enemies":"Lagavulin","floor":6,"turns":8},{"damage":8,"enemies":"3 Louse","floor":9,"turns":5},{"damage":2,"enemies":"Blue Slaver","floor":10,"turns":4},{"damage":19,"enemies":"3 Sentries","floor":11,"turns":10},{"damage":0,"enemies":"downfall:FleeingMerchant","floor":12,"turns":4},{"damage":7,"enemies":"conspire:2 RoseBushes","floor":14,"turns":4},{"damage":0,"enemies":"Gremlin Gang","floor":15,"turns":4},{"damage":24,"enemies":"downfall:Watcher","floor":16,"turns":8},{"damage":4,"enemies":"Chosen","floor":19,"turns":4},{"damage":34,"enemies":"3 Byrds","floor":20,"turns":5},{"damage":9,"enemies":"downfall:FleeingMerchant","floor":21,"turns":4},{"damage":29,"enemies":"Shelled Parasite and Fungi","floor":22,"turns":7},{"damage":41,"enemies":"Snake Plant","floor":23,"turns":6},{"damage":10,"enemies":"conspire:SneckoGhost","floor":25,"turns":2}],"seed_played":"6842789629150689534","potions_obtained":[{"floor":3,"key":"Adrenaline Potion"},{"floor":5,"key":"Languid Potion"},{"floor":11,"key":"Fire Potion"},{"floor":19,"key":"Strength Potion"}],"is_trial":false,"path_per_floor":["R","M","M","M","?","E","T","R","M","M","E","$","R","M","M","B",null,"R","M","M","$","M","M","T","E"],"character_chosen":"THE_SPIRIT","items_purchased":["hexamod:RadiantFlame","halation:PromiseList","hexamod:GhostflameBarrier","Lee\u0027s Waffle"],"campfire_rested":2,"item_purchase_floors":[12,12,21,21],"current_hp_per_floor":[77,73,73,73,65,27,27,50,43,42,24,25,49,43,44,21,85,85,82,49,95,67,27,27,17,17,17],"gold":149,"neow_bonus":"TEN_PERCENT_HP_BONUS","is_daily":false,"chose_seed":false,"campfire_upgraded":2,"win_rate":0.0,"timestamp":1609232929,"path_taken":["R","M","M","M","?","E","T","R","M","?","E","$","R","M","M","BOSS","R","M","M","$","M","M","T","E"],"items_purchased_type":["Card","Relic","Card","Relic"],"build_version":"2020-12-22","purchased_purges":0,"victory":false,"max_hp_per_floor":[77,77,77,77,77,78,78,78,79,80,81,82,82,83,84,85,85,85,86,87,95,96,97,97,97,97,97],"card_choices":[{"not_picked":["hexamod:GhostShield","hexamod:InspiringFlames","hexamod:FastForward"],"picked":"SKIP","floor":2},{"not_picked":["hexamod:RecurringNightmare","hexamod:GhostLash","hexamod:TimeWarp"],"picked":"SKIP","floor":3},{"not_picked":["hexamod:Incineration","hexamod:ShieldOfDarkness"],"picked":"hexamod:ExtraCrispy","floor":4},{"not_picked":["hexamod:GhostOfSpirePast","hexamod:Firestarter","hexamod:HauntingEcho"],"picked":"SKIP","floor":6},{"not_picked":["hexamod:InspiringFlames","hexamod:BacktrackSmack","hexamod:GhostShield"],"picked":"SKIP","floor":9},{"not_picked":["hexamod:AdvancingGuard","hexamod:ShieldOfDarkness","hexamod:BacktrackSmack"],"picked":"SKIP","floor":10},{"not_picked":["hexamod:GhostOfSpirePast","hexamod:SpectersWail","hexamod:ParanormalForm"],"picked":"SKIP","floor":11},{"not_picked":["hexamod:SpectralAdrenaline","hexamod:HeatCrush","hexamod:StepThrough"],"picked":"SKIP","floor":12},{"not_picked":["hexamod:BacktrackSmack","hexamod:SwordOfDarkness"],"picked":"hexamod:EmpoweredFlame","floor":14},{"not_picked":["hexamod:GhostLash","hexamod:CatchUp","hexamod:FastForward"],"picked":"SKIP","floor":15},{"not_picked":["hexamod:WildfireWeapon","hexamod:TimeOfNeed"],"picked":"hexamod:VolcanoVisage","floor":16},{"not_picked":["Replay:ManipulateFuture","BowlingBash","Crescendo+1","CutThroughFate"],"picked":"SKIP","floor":19},{"not_picked":["Replay:ManipulateFuture","BowlingBash","Crescendo+1","CutThroughFate"],"picked":"SKIP","floor":19},{"not_picked":["hexamod:ChargedBarrage+1","SignatureMove+1","CrushJoints","hexamod:EtherealExpedition"],"picked":"SKIP","floor":20},{"not_picked":["hexamod:HeatCrush+1","CrushJoints+1","Halt","Crescendo+1"],"picked":"SKIP","floor":21},{"not_picked":["BowlingBash","Alpha","CrushJoints","Swivel"],"picked":"SKIP","floor":22},{"not_picked":["hexamod:NightmareGuise","hexamod:SpectersWail","hexamod:ShieldOfDarkness"],"picked":"DeceiveReality+1","floor":23}],"player_experience":603943,"relics_obtained":[{"floor":5,"key":"downfall:CloakOfManyFaces"},{"floor":6,"key":"StuffTheSpire:DarkSteelAnvil"},{"floor":11,"key":"StrikeDummy"},{"floor":24,"key":"Regal Pillow"}],"event_choices":[],"is_beta":false,"boss_relics":[{"not_picked":["hubris:CrackedHourglass","vexMod:BigBerry"],"picked":"aspiration:WatcherSkillbook"}],"items_purged_floors":[],"is_endless":false,"potions_floor_spawned":[3,5,11,14,19,20],"killed_by":"conspire:SneckoGhost","ascension_level":0}}