{"host":"yludllxm6rzdxpbb","time":1609270513,"event":{"mods":["AchievementEnabler","BaseMod","Better Third Choice","BetterRewards","Colored Map","Colored Powertips","Hermit","Hubris","Infinite Spire","Minty Spire (QoL Compilation)","Quick Restart","Replay The Spire","StSLib","The Hierophant","The Necromancer"],"gold_per_floor":[110,126,126,139,20,20,195,195,218,238,313,325,325,356,356,460,460,475,494,508,508,18,18,32,66,66,13,46,65,65,79,79,176,226,237,250,210,52,64,95,95,121,175,187,40,50,50,50,50,50,50,50,0,25,25,25],"floor_reached":55,"playtime":3118,"items_purged":[],"score":1040,"play_id":"87cd1335-94b2-4bde-b100-f741e13f5115","local_time":"20201229223513","is_ascension_mode":true,"campfire_choices":[{"floor":6,"key":"RECALL"},{"floor":8,"key":"REST"},{"data":"Noxious Fumes","floor":13,"key":"SMITH"},{"data":"Infinite Blades","floor":15,"key":"SMITH"},{"floor":23,"key":"REST"},{"floor":30,"key":"REST"},{"data":"Doubt","floor":32,"key":"PURGE"},{"data":"Envenom","floor":41,"key":"SMITH"},{"data":"Burst","floor":52,"key":"SMITH"}],"circlet_count":0,"master_deck":["Strike_G+1","Strike_G+1","Strike_G+1","Strike_G+1","Strike_G+1","Defend_G+1","Defend_G+1","Defend_G+1","Defend_G+1","Defend_G+1","Survivor","Neutralize","Caltrops","Caltrops","Cloak And Dagger","Infinite Blades+1","Flying Knee","Noxious Fumes+1","Backflip","Dagger Spray","Cloak And Dagger","Poisoned Stab","Terror+1","Adrenaline","Quick Slash","Dagger Throw+1","Accuracy+1","Dodge and Roll+1","Accuracy","Hidden Blade","All Out Attack+1","Hidden Blade","ReplayTheSpireMod:Scrap Shanks","Envenom+1","After Image+1","Blade Dance+1","Cloak And Dagger+1","Dagger Spray+1","Burst+1","Replay:Poison Smokescreen","After Image+1"],"relics":["Ring of the Snake","Snack Pack","Dream Catcher","hubris:EmptyBottle","Onion Ring","Philosopher\u0027s Stone","infinitespire:ShieldingShard","Kunai","Bag of Preparation","FossilizedHelix","Replay:Baseball","ReplayTheSpireMod:Lightbulb","Tiny House","infinitespire:Bottled Soul","hubris:MedicalManual","Toy Ornithopter","DollysMirror","Pet Ghost"],"acts_visited":["Exordium","TheCity","TheBeyond","TheEnding"],"potions_floor_usage":[14,18,24,25,28,28,33,40,50,50,54,55,55,55,55,55],"damage_taken":[{"damage":1,"enemies":"Jaw Worm","floor":1,"turns":7},{"damage":7,"enemies":"2 Louse","floor":2,"turns":2},{"damage":0,"enemies":"Cultist","floor":4,"turns":4},{"damage":9,"enemies":"Large Slime","floor":10,"turns":6},{"damage":0,"enemies":"Blue Slaver","floor":12,"turns":5},{"damage":10,"enemies":"3 Sentries","floor":14,"turns":6},{"damage":10,"enemies":"Hexaghost","floor":16,"turns":8},{"damage":5,"enemies":"3 Byrds","floor":18,"turns":5},{"damage":12,"enemies":"Spheric Guardian","floor":19,"turns":4},{"damage":31,"enemies":"Cultist and Chosen","floor":20,"turns":6},{"damage":14,"enemies":"3 Cultists","floor":24,"turns":4},{"damage":30,"enemies":"Gremlin Leader","floor":25,"turns":5},{"damage":0,"enemies":"Book of Stabbing","floor":28,"turns":5},{"damage":0,"enemies":"Snecko","floor":29,"turns":3},{"damage":0,"enemies":"Centurion and Healer","floor":31,"turns":6},{"damage":13,"enemies":"Collector","floor":33,"turns":7},{"damage":0,"enemies":"3 Shapes","floor":35,"turns":5},{"damage":0,"enemies":"3 Darklings","floor":36,"turns":3},{"damage":6,"enemies":"Writhing Mass","floor":39,"turns":7},{"damage":4,"enemies":"Reptomancer","floor":40,"turns":6},{"damage":0,"enemies":"Giant Head","floor":42,"turns":7},{"damage":0,"enemies":"Sphere and 2 Shapes","floor":44,"turns":7},{"damage":0,"enemies":"Transient","floor":46,"turns":5},{"damage":52,"enemies":"Time Eater","floor":50,"turns":10},{"damage":51,"enemies":"Shield and Spear","floor":54,"turns":7},{"damage":80,"enemies":"The Heart","floor":55,"turns":6}],"seed_played":"1195015732854181034","potions_obtained":[{"floor":4,"key":"Adrenaline Potion"},{"floor":14,"key":"Dexterity Potion"},{"floor":18,"key":"Dexterity Potion"},{"floor":19,"key":"Milkshake"},{"floor":29,"key":"CunningPotion"},{"floor":31,"key":"Poison Potion"},{"floor":33,"key":"Energy Potion"},{"floor":35,"key":"CultistPotion"},{"floor":54,"key":"Strength Potion"}],"is_trial":false,"path_per_floor":["M","M","$","M","$","R","?","R","T","M","?","M","R","E","R","B",null,"M","M","M","?","$","R","M","E","T","?","E","M","R","M","R_BF","B",null,"M","M","?","$","M","E","R","E","T","M","$","M","?","?","R_BF","B",null,"R","$","E","B"],"character_chosen":"THE_SILENT","items_purchased":["Snack Pack","Dream Catcher","Caltrops","hubris:EmptyBottle","Noxious Fumes","Backflip","infinitespire:ShieldingShard","Kunai","Burst","DollysMirror","Poison Potion"],"campfire_rested":3,"item_purchase_floors":[0,0,0,0,5,5,22,22,38,45,53],"current_hp_per_floor":[50,43,43,45,45,45,45,66,66,61,54,56,56,48,48,48,70,70,60,39,39,39,60,52,30,30,30,38,42,63,70,70,61,75,75,75,75,75,71,75,75,75,75,75,75,75,75,75,75,29,75,75,75,39,0,0],"gold":25,"neow_bonus":"","is_daily":false,"chose_seed":false,"campfire_upgraded":4,"win_rate":0.0,"timestamp":1609270513,"path_taken":["M","M","$","M","$","R","?","R","T","M","?","M","R","E","R","BOSS","M","M","?","?","$","R","M","E","T","?","E","M","R","M","R_BF","BOSS","M","M","?","$","?","E","R","E","T","?","?","M","?","?","R_BF","BOSS","R","$","E","BOSS"],"items_purchased_type":["Relic","Relic","Card","Relic","Card","Card","Relic","Relic","Card","Relic","Potion"],"build_version":"2020-12-22","purchased_purges":0,"victory":false,"max_hp_per_floor":[70,70,70,70,70,70,70,70,70,70,70,70,70,70,70,70,70,70,70,70,70,70,70,70,70,70,70,70,70,70,70,70,70,75,75,75,75,75,75,75,75,75,75,75,75,75,75,75,75,75,75,75,75,75,75,75],"card_choices":[{"not_picked":["Sneak Up","Sucker Punch"],"picked":"Cloak And Dagger","floor":1},{"not_picked":["Concentrate","Blade Dance"],"picked":"Infinite Blades","floor":2},{"not_picked":["Infinite Blades","Sucker Punch"],"picked":"Flying Knee","floor":4},{"not_picked":["Acrobatics","Dodge and Roll"],"picked":"Dagger Spray","floor":8},{"not_picked":["Flying Knee","Underhanded Strike"],"picked":"Cloak And Dagger","floor":10},{"not_picked":["hubris:Sniper","Doppelganger"],"picked":"Poisoned Stab","floor":12},{"not_picked":["Leg Sweep","Poisoned Stab"],"picked":"Terror","floor":14},{"not_picked":["Unload","Burst"],"picked":"Adrenaline","floor":16},{"not_picked":["ReplayTheSpireMod:Tripwire","Slice"],"picked":"Quick Slash","floor":18},{"not_picked":["Quick Slash","Acrobatics"],"picked":"Dagger Throw","floor":19},{"not_picked":["Dagger Spray+1","Replay:Poison Smokescreen"],"picked":"Accuracy+1","floor":20},{"not_picked":["Reflex","Backflip"],"picked":"Dodge and Roll+1","floor":23},{"not_picked":["Outmaneuver","Choke"],"picked":"Accuracy","floor":24},{"not_picked":["Poison Darts","Poisoned Stab+1"],"picked":"Hidden Blade","floor":25},{"not_picked":["Dagger Throw","Choke"],"picked":"All Out Attack+1","floor":28},{"not_picked":["Slice","Dagger Spray"],"picked":"Hidden Blade","floor":29},{"not_picked":["Draining Mist","Blade Dance"],"picked":"ReplayTheSpireMod:Scrap Shanks","floor":30},{"not_picked":["Replay:Poison Smokescreen+1","ReplayTheSpireMod:Tripwire"],"picked":"Envenom","floor":31},{"not_picked":["Replay:Bag of Tricks","Adrenaline"],"picked":"After Image","floor":33},{"not_picked":["Deadly Poison","Expertise"],"picked":"Blade Dance+1","floor":34},{"not_picked":["Draining Mist+1","Slice+1"],"picked":"Cloak And Dagger+1","floor":35},{"not_picked":["hubris:Sniper","Masterful Stab"],"picked":"Dagger Spray+1","floor":36},{"not_picked":["Quick Slash","Dagger Throw","Backflip"],"picked":"SKIP","floor":39},{"not_picked":["Flying Knee","Dagger Spray","Flechettes"],"picked":"SKIP","floor":40},{"not_picked":["A Thousand Cuts","Glass Knife"],"picked":"Replay:Poison Smokescreen","floor":42},{"not_picked":["Deflect","Setup","PiercingWail+1"],"picked":"SKIP","floor":44},{"not_picked":["Concentrate","ReplayTheSpireMod:Tripwire+1","Acrobatics+1"],"picked":"SKIP","floor":46},{"not_picked":["Dagger Throw","Reflex","infinitespire:Neurotoxin"],"picked":"SKIP","floor":54}],"player_experience":304387,"relics_obtained":[{"floor":14,"key":"Onion Ring"},{"floor":25,"key":"Bag of Preparation"},{"floor":26,"key":"FossilizedHelix"},{"floor":28,"key":"ReplayTheSpireMod:Lightbulb"},{"floor":40,"key":"infinitespire:Bottled Soul"},{"floor":42,"key":"hubris:MedicalManual"},{"floor":43,"key":"Toy Ornithopter"},{"floor":54,"key":"Pet Ghost"}],"event_choices":[{"damage_healed":0,"gold_gain":175,"player_choice":"AGREE","damage_taken":20,"max_hp_gain":0,"max_hp_loss":0,"event_name":"betterThird:BetterSerpent","floor":7,"gold_loss":0},{"damage_healed":0,"gold_gain":75,"player_choice":"Touch","damage_taken":7,"max_hp_gain":0,"max_hp_loss":0,"event_name":"FaceTrader","floor":11,"gold_loss":0},{"damage_healed":0,"gold_gain":0,"player_choice":"Simplicity","damage_taken":0,"max_hp_gain":0,"max_hp_loss":10,"event_name":"betterThird:BetterWriting","floor":21,"gold_loss":0},{"damage_healed":0,"gold_gain":0,"player_choice":"Paid Gold","damage_taken":0,"relics_obtained":["Replay:Baseball"],"max_hp_gain":0,"max_hp_loss":0,"event_name":"WeMeetAgain","floor":27,"gold_loss":53},{"damage_healed":0,"gold_gain":0,"player_choice":"Upgrade","damage_taken":0,"max_hp_gain":0,"max_hp_loss":0,"event_name":"Designer","floor":37,"gold_loss":40,"cards_upgraded":["After Image"]},{"damage_healed":0,"gold_gain":0,"player_choice":"Bought 0 Potions","damage_taken":0,"max_hp_gain":0,"max_hp_loss":0,"event_name":"The Woman in Blue","floor":48,"gold_loss":0}],"is_beta":false,"boss_relics":[{"not_picked":["Coffee Dripper","Calling Bell"],"picked":"Philosopher\u0027s Stone"},{"not_picked":["hubris:TerracottaHorce","Ring of Chaos"],"picked":"Tiny House"}],"items_purged_floors":[],"is_endless":false,"potions_floor_spawned":[4,14,18,19,29,31,33,35,36,54],"killed_by":"The Heart","ascension_level":1}}