{"host":"65a95dzim48ko8ke","time":1609284485,"event":{"mods":["Act Like it!","BaseMod","Better Third Choice","Colored Powertips","Minty Spire (QoL Compilation)","Quick Restart","Rare Cards Sparkle","RemiliaÅiÂQïƒ‰ª?Åj","Spicy Shops","StSLib","The Jungle"],"gold_per_floor":[119,119,119,132,157,157,177,213,213,53,72,88,88,103,103,229,229,243,158,158,179,179,204,204,204,276,290,305,305,305,324,324,453,453,472,490,513,513,58,58,89,89,89,89,89,422,16,16,16,16],"floor_reached":51,"playtime":3112,"items_purged":["Regret"],"score":833,"play_id":"95c51a36-b116-4022-8c16-833df767567f","local_time":"20201230082805","is_ascension_mode":true,"campfire_choices":[{"data":"RedMoon","floor":6.0,"key":"SMITH"},{"data":"Ultimatum","floor":13.0,"key":"SMITH"},{"data":"CeilingFear","floor":15.0,"key":"SMITH"},{"data":"ScarletCoffin","floor":24.0,"key":"SMITH"},{"data":"EndlessAdversity","floor":30.0,"key":"SMITH"},{"data":"FitfulNightmare","floor":32.0,"key":"SMITH"},{"data":"BatForm","floor":40,"key":"SMITH"},{"data":"UnderTheZenith","floor":42,"key":"SMITH"},{"data":"Stigmanizer","floor":44,"key":"SMITH"},{"data":"NightLord","floor":49,"key":"SMITH"}],"circlet_count":0,"master_deck":["Strike_RM","Strike_RM","Defend_RM","Defend_RM","Defend_RM","Defend_RM","RedMoon+1","ScarletShoot+1","Violence","Stigmanizer+1","EndlessAdversity+1","DevilSight","UnderTheZenith+1","Flash of Steel","Ultimatum+1","VampireKiss+1","CeilingFear+1","ScarletCoffin+1","RedNightlessCastle","LeisurelyOfLord","Necronomicurse","MiserableFate+1","UnstableMagic+1","UnderTheZenith+1","ReincarnationDial","BatForm+1","CurseOfTheBell","EndlessAdversity+1","MastersStateliness+1","Discovery+1","Panacea+1","Panacea+1","UnderTheZenith+1","VampireFantasy+1","EndlessAdversity","NightLord+1"],"relics":["ScarletHat","Gungnir","Bottled Flame","Gremlin Horn","Sozu","Tiny Chest","Boot","Singing Bowl","Shuriken","Question Card","Necronomicon","AntiCross","Calling Bell","Akabeko","Toxic Egg 2","Ginger","Juzu Bracelet","Bottled Tornado","Oddly Smooth Stone","Pen Nib","ScarletDevilRocket","Membership Card","Kunai","Strawberry","StrikeDummy"],"acts_visited":["Exordium","TheCity","TheBeyond"],"potions_floor_usage":[],"damage_taken":[{"damage":0.0,"enemies":"2 Louse","floor":1.0,"turns":3.0},{"damage":6.0,"enemies":"Small Slimes","floor":4.0,"turns":4.0},{"damage":2.0,"enemies":"Jaw Worm","floor":5.0,"turns":4.0},{"damage":3.0,"enemies":"Lots of Slimes","floor":7.0,"turns":2.0},{"damage":5.0,"enemies":"Gremlin Nob","floor":8.0,"turns":5.0},{"damage":3.0,"enemies":"Exordium Thugs","floor":11.0,"turns":5.0},{"damage":0.0,"enemies":"Red Slaver","floor":12.0,"turns":4.0},{"damage":0.0,"enemies":"Gremlin Gang","floor":14.0,"turns":3.0},{"damage":18.0,"enemies":"The Guardian","floor":16.0,"turns":7.0},{"damage":14.0,"enemies":"2 Thieves","floor":18.0,"turns":4.0},{"damage":0.0,"enemies":"3 Byrds","floor":21.0,"turns":5.0},{"damage":5.0,"enemies":"Snecko","floor":23.0,"turns":5.0},{"damage":0.0,"enemies":"Centurion and Healer","floor":27.0,"turns":2.0},{"damage":0.0,"enemies":"Cultist and Chosen","floor":28.0,"turns":3.0},{"damage":0.0,"enemies":"Snake Plant","floor":31.0,"turns":2.0},{"damage":17.0,"enemies":"Automaton","floor":33.0,"turns":5.0},{"damage":2,"enemies":"Orb Walker","floor":35,"turns":2},{"damage":0,"enemies":"3 Darklings","floor":36,"turns":3},{"damage":0,"enemies":"Nemesis","floor":41,"turns":5},{"damage":9,"enemies":"Donu and Deca","floor":50,"turns":5}],"seed_played":"6682809423944140789","potions_obtained":[{"floor":1.0,"key":"Explosive Potion"},{"floor":5.0,"key":"SmokeBomb"},{"floor":12.0,"key":"ColorlessPotion"}],"is_trial":false,"path_per_floor":["M","?","?","M","M","R","M","E","T","$","M","M","R","M","R","B",null,"M","?","T","M","T","M","R","?","T","M","M","?","R","M","R","B",null,"M","M","T","?","$","R","E","R","T","R","?","?","$","T","R","B",null],"character_chosen":"REMILIA","items_purchased":["Flash of Steel","Bottled Tornado","UnderTheZenith+1","Oddly Smooth Stone","Membership Card","EndlessAdversity","NightLord","Kunai","Strawberry"],"campfire_rested":0,"item_purchase_floors":[10,39,39,39,47,47,47,47,47],"current_hp_per_floor":[54,36,36,32,30,30,30,25,25,25,25,25,25,25,25,16,75,62,62,62,64,64,63,63,47,47,49,49,49,49,55,55,58,79,79,79,79,69,69,69,77,77,77,77,77,77,84,84,84,82],"gold":16,"neow_bonus":"RANDOM_COLORLESS_2","is_daily":false,"chose_seed":false,"campfire_upgraded":10,"win_rate":0.0,"timestamp":1609284485,"path_taken":["M","?","?","M","M","R","M","E","T","$","M","?","R","?","R","BOSS","M","?","?","?","?","?","R","?","T","M","M","?","R","M","R","BOSS","M","M","?","?","$","R","E","R","T","R","?","?","$","?","R","BOSS"],"items_purchased_type":["Card","Relic","Card","Relic","Relic","Card","Card","Relic","Relic"],"build_version":"2020-12-22","purchased_purges":1,"victory":true,"max_hp_per_floor":[75,75,75,75,75,75,75,75,75,75,75,75,75,75,75,75,75,75,75,75,77,77,77,77,77,77,77,77,77,77,79,79,79,79,79,79,79,79,79,79,79,79,79,79,79,79,86,86,86,86],"card_choices":[{"not_picked":["Panache","Chrysalis"],"picked":"Violence","floor":0.0},{"not_picked":["BlasphemousPunishment","VampireClaw"],"picked":"Stigmanizer","floor":1.0},{"not_picked":["VampireKiss","BloodyTrap"],"picked":"EndlessAdversity","floor":4.0},{"not_picked":["SuperhumanBloodyKnife","MastersStateliness"],"picked":"DevilSight","floor":5.0},{"not_picked":["MastersStateliness","Maim"],"picked":"UnderTheZenith","floor":7.0},{"not_picked":["ReincarnationDial","CharismaGuard","BloodHunter"],"picked":"SKIP","floor":8.0},{"not_picked":["BlasphemousPunishment","ScarletDream"],"picked":"Ultimatum","floor":11.0},{"not_picked":["Ultimatum","UnderTheZenith"],"picked":"VampireKiss","floor":12.0},{"not_picked":["BlasphemousPunishment","ScarletImprint"],"picked":"CeilingFear","floor":14.0},{"not_picked":["EquivalentExchange","BatForm"],"picked":"ScarletCoffin","floor":16.0},{"not_picked":["UltimateOffering","BlasphemousPunishment+1"],"picked":"RedNightlessCastle","floor":18.0},{"not_picked":["EmergencyRegeneration","VampireKiss","ScarletImprint"],"picked":"Singing Bowl","floor":21.0},{"not_picked":["UnderTheZenith+1","BloodHunter"],"picked":"LeisurelyOfLord","floor":23.0},{"not_picked":["BlasphemousPunishment+1","AfternoonTea+1","MillenniumVampire+1"],"picked":"MiserableFate+1","floor":27.0},{"not_picked":["BlasphemousPunishment","Stigmanizer","UnderTheZenith+1"],"picked":"UnstableMagic+1","floor":27.0},{"not_picked":["VampireKiss","ScarletImprint","Maim+1"],"picked":"UnderTheZenith","floor":28.0},{"not_picked":["ChainGang","Ultimatum","RedRainbow","EternalNight"],"picked":"Singing Bowl","floor":31.0},{"not_picked":["DemonKingCradle","ForecastOfChange","ScarletMeister"],"picked":"BatForm","floor":33.0},{"not_picked":["BloodHunter+1","BombardNight","FavorOfDestiny+1"],"picked":"EndlessAdversity+1","floor":35},{"not_picked":["BloodHunter+1","CharismaGuard+1","RedNightlessCastle"],"picked":"MastersStateliness+1","floor":36},{"not_picked":["PanicButton+1","Magnetism","Blind+1"],"picked":"Discovery+1","floor":38},{"not_picked":["Forethought+1","Panache","Madness+1"],"picked":"Panacea+1","floor":38},{"not_picked":["Swift Strike","Impatience+1","Sadistic Nature"],"picked":"Panacea+1","floor":38},{"not_picked":["VampireSweep","BloodyTrap+1","BlasphemousPunishment+1"],"picked":"VampireFantasy+1","floor":41}],"player_experience":293706,"relics_obtained":[{"floor":8.0,"key":"Bottled Flame"},{"floor":9.0,"key":"Gremlin Horn"},{"floor":18.0,"key":"Tiny Chest"},{"floor":20.0,"key":"Singing Bowl"},{"floor":22.0,"key":"Shuriken"},{"floor":23.0,"key":"Question Card"},{"floor":25.0,"key":"Necronomicon"},{"floor":26.0,"key":"AntiCross"},{"floor":34,"key":"Akabeko"},{"floor":34,"key":"Toxic Egg 2"},{"floor":34,"key":"Ginger"},{"floor":37,"key":"Juzu Bracelet"},{"floor":41,"key":"Pen Nib"},{"floor":43,"key":"ScarletDevilRocket"},{"floor":48,"key":"StrikeDummy"}],"event_choices":[{"damage_healed":0.0,"max_hp_gain":0.0,"max_hp_loss":0.0,"gold_gain":0.0,"event_name":"Golden Idol","player_choice":"Take Damage","floor":2.0,"gold_loss":0.0,"damage_taken":18.0,"relics_obtained":["Golden Idol"]},{"damage_healed":0.0,"max_hp_gain":0.0,"max_hp_loss":0.0,"gold_gain":0.0,"event_name":"Big Fish","player_choice":"Box","floor":3.0,"gold_loss":0.0,"damage_taken":0.0,"relics_obtained":["Gungnir"],"cards_obtained":["Regret"]},{"damage_healed":0.0,"max_hp_gain":0.0,"max_hp_loss":0.0,"gold_gain":0.0,"event_name":"Addict","player_choice":"Obtained Relic","floor":19.0,"gold_loss":85.0,"damage_taken":0.0,"relics_obtained":["Boot"]},{"damage_healed":0.0,"max_hp_gain":0.0,"max_hp_loss":0.0,"gold_gain":0.0,"event_name":"Cursed Tome","player_choice":"Obtained Book","floor":25.0,"gold_loss":0.0,"damage_taken":16.0},{"damage_healed":0.0,"max_hp_gain":0.0,"max_hp_loss":0.0,"gold_gain":0.0,"cards_transformed":["Strike_RM","Strike_RM"],"event_name":"Drug Dealer","player_choice":"Became Test Subject","floor":29.0,"gold_loss":0.0,"damage_taken":0.0,"cards_obtained":["ReincarnationDial","FitfulNightmare"]},{"damage_healed":0,"gold_gain":0,"player_choice":"Memory 3","damage_taken":10,"max_hp_gain":0,"max_hp_loss":0,"event_name":"SensoryStone","floor":38,"gold_loss":0},{"cards_removed":["FitfulNightmare"],"damage_healed":0,"gold_gain":0,"player_choice":"Removed Power","damage_taken":0,"max_hp_gain":0,"max_hp_loss":0,"event_name":"Falling","floor":45,"gold_loss":0},{"damage_healed":0,"gold_gain":333,"player_choice":"Gave Idol","damage_taken":0,"max_hp_gain":0,"max_hp_loss":0,"event_name":"The Moai Head","floor":46,"relics_lost":["Golden Idol"],"gold_loss":0}],"is_beta":false,"boss_relics":[{"not_picked":["SacredBark","Busted Crown"],"picked":"Sozu"},{"not_picked":["Black Star","Snecko Eye"],"picked":"Calling Bell"}],"items_purged_floors":[10],"is_endless":false,"potions_floor_spawned":[1,5,12,18,21,33,35],"ascension_level":1}}