{"host":"1tl36azeqm6yhdgj","time":1609276410,"event":{"mods":["AchievementEnabler","BaseMod","Minty Spire (QoL Compilation)","StSLib","The IronCluck","everything is the same but u backflip on backflip"],"gold_per_floor":[114,131,142,162,162,162,193,204,231,231,243,272,4,19,19,97,97,107,107,107,107],"floor_reached":20,"playtime":651,"items_purged":[],"score":363,"play_id":"f38b8b8a-7e8e-4c1c-8e0d-44f06a970fea","local_time":"20201229161330","is_ascension_mode":true,"campfire_choices":[{"data":"Thunderclap","floor":6.0,"key":"SMITH"},{"floor":10.0,"key":"REST"},{"floor":15.0,"key":"REST"}],"circlet_count":0,"master_deck":["AscendersBane","Strike_R","Strike_R","Defend_R","Defend_R","Defend_R","Defend_R","Bash","Pommel Strike","Demon Form","Thunderclap+1","Flex","Carnage","Cleave","Dark Embrace","Metallicize","Inflame","Double Tap"],"relics":["Burning Blood","Self Forming Clay","Omamori","Lantern","Paper Frog","Black Star"],"acts_visited":["Exordium","TheCity"],"potions_floor_usage":[],"damage_taken":[{"damage":6.0,"enemies":"Cultist","floor":1.0,"turns":4.0},{"damage":10.0,"enemies":"Small Slimes","floor":2.0,"turns":3.0},{"damage":2.0,"enemies":"2 Louse","floor":3.0,"turns":4.0},{"damage":37.0,"enemies":"Exordium Wildlife","floor":4.0,"turns":4.0},{"damage":20.0,"enemies":"Lagavulin","floor":7.0,"turns":7.0},{"damage":11.0,"enemies":"Looter","floor":8.0,"turns":2.0},{"damage":9.0,"enemies":"Exordium Thugs","floor":11.0,"turns":4.0},{"damage":28.0,"enemies":"3 Sentries","floor":12.0,"turns":6.0},{"damage":11.0,"enemies":"Exordium Wildlife","floor":14.0,"turns":2.0},{"damage":27.0,"enemies":"Hexaghost","floor":16.0,"turns":9.0},{"damage":41,"enemies":"3 Byrds","floor":18,"turns":6},{"damage":25,"enemies":"Chosen","floor":20,"turns":3}],"seed_played":"3321689851645367673","potions_obtained":[{"floor":1.0,"key":"Weak Potion"},{"floor":2.0,"key":"ElixirPotion"},{"floor":8.0,"key":"Swift Potion"},{"floor":14.0,"key":"AttackPotion"},{"floor":18,"key":"FearPotion"}],"is_trial":false,"path_per_floor":["M","M","M","M","?","R","E","M","T","R","M","E","$","M","R","B",null,"M","?","M"],"character_chosen":"IRONCLAD","items_purchased":["Paper Frog"],"campfire_rested":2,"item_purchase_floors":[13],"current_hp_per_floor":[68,64,68,37,37,37,23,18,18,40,37,15,15,10,32,11,59,24,24,0,0],"gold":107,"neow_bonus":"TRANSFORM_TWO_CARDS","is_daily":false,"chose_seed":false,"campfire_upgraded":1,"win_rate":0.0,"timestamp":1609276410,"path_taken":["M","M","M","M","?","R","E","M","T","R","?","E","$","M","R","BOSS","M","?","M"],"items_purchased_type":["Relic"],"build_version":"2020-12-22","purchased_purges":0,"victory":false,"max_hp_per_floor":[75,75,75,75,75,75,75,75,75,75,75,75,75,75,75,75,75,75,75,75,75],"card_choices":[{"not_picked":["Perfected Strike","Armaments"],"picked":"Thunderclap","floor":1.0},{"not_picked":["Armaments","Hemokinesis","Sword Boomerang"],"picked":"SKIP","floor":2.0},{"not_picked":["Hemokinesis","Pummel"],"picked":"Flex","floor":3.0},{"not_picked":["Searing Blow","Headbutt"],"picked":"Carnage","floor":4.0},{"not_picked":["Seeing Red","Rage"],"picked":"Cleave","floor":7.0},{"not_picked":["Flex","Cleave"],"picked":"Dark Embrace","floor":8.0},{"not_picked":["Second Wind","Thunderclap","Headbutt"],"picked":"SKIP","floor":11.0},{"not_picked":["Warcry","Rampage"],"picked":"Metallicize","floor":12.0},{"not_picked":["Thunderclap","Battle Trance"],"picked":"Inflame","floor":14.0},{"not_picked":["Demon Form","Berserk"],"picked":"Double Tap","floor":16.0},{"not_picked":["Ghostly Armor","Iron Wave","Shockwave"],"picked":"SKIP","floor":18}],"player_experience":1994155,"relics_obtained":[{"floor":7.0,"key":"Self Forming Clay"},{"floor":9.0,"key":"Omamori"},{"floor":12.0,"key":"Lantern"}],"event_choices":[{"cards_removed":["Normality"],"damage_healed":0.0,"max_hp_gain":0.0,"max_hp_loss":0.0,"gold_gain":0.0,"event_name":"Fountain of Cleansing","player_choice":"Removed Curses","floor":5.0,"gold_loss":0.0,"damage_taken":0.0},{"cards_removed":["Strike_R"],"damage_healed":0,"gold_gain":0,"player_choice":"Elegance","damage_taken":0,"max_hp_gain":0,"max_hp_loss":0,"event_name":"Back to Basics","floor":19,"gold_loss":0}],"is_beta":false,"boss_relics":[{"not_picked":["Runic Dome","Philosopher\u0027s Stone"],"picked":"Black Star"}],"items_purged_floors":[],"is_endless":false,"potions_floor_spawned":[1,2,8,14,18],"killed_by":"Chosen","ascension_level":19}}