{"host":"vumwfieg2b2mnrfl","time":1609211473,"event":{"mods":["AchievementEnabler","BaseMod","Minty Spire (QoL Compilation)","Rare Cards Sparkle","Relic Stats"],"gold_per_floor":[116,116,116,116,141,141,183,183,206,60,109,133,133,149,149,251,251,264,179,149,158,146,146,146],"floor_reached":23,"playtime":503,"items_purged":[],"score":429,"play_id":"cfc7258a-9b0c-4940-887d-cddd70f96a2f","local_time":"20201228211113","is_ascension_mode":true,"campfire_choices":[{"data":"Bash","floor":6,"key":"SMITH"},{"data":"Rampage","floor":8,"key":"SMITH"},{"data":"Shrug It Off","floor":13,"key":"SMITH"},{"data":"Feed","floor":15,"key":"SMITH"}],"circlet_count":0,"master_deck":["AscendersBane","Strike_R","Strike_R","Strike_R","Strike_R","Defend_R","Defend_R+1","Defend_R","Defend_R","Bash+1","Battle Trance+1","Regret","Battle Trance","Rampage+1","Feed+1","Shrug It Off+1","Barricade","Necronomicurse","Shrug It Off"],"relics":["Burning Blood","NeowsBlessing","War Paint","Golden Idol","Bag of Marbles","CeramicFish","Happy Flower","HandDrill","Ornamental Fan","SlaversCollar","Juzu Bracelet","Necronomicon"],"acts_visited":["Exordium","TheCity"],"potions_floor_usage":[16,16,18,23,23],"damage_taken":[{"damage":0,"enemies":"Small Slimes","floor":1,"turns":1},{"damage":0,"enemies":"3 Sentries","floor":7,"turns":1},{"damage":0,"enemies":"Gremlin Nob","floor":11,"turns":1},{"damage":2,"enemies":"2 Louse","floor":12,"turns":2},{"damage":9,"enemies":"Cultist","floor":14,"turns":4},{"damage":59,"enemies":"Hexaghost","floor":16,"turns":12},{"damage":22,"enemies":"Spheric Guardian","floor":18,"turns":5},{"damage":10,"enemies":"2 Thieves","floor":22,"turns":5},{"damage":32,"enemies":"Slavers","floor":23,"turns":2}],"seed_played":"8926837443208928400","potions_obtained":[{"floor":7,"key":"Weak Potion"},{"floor":12,"key":"DistilledChaos"},{"floor":16,"key":"Fire Potion"},{"floor":20,"key":"CultistPotion"},{"floor":20,"key":"GamblersBrew"}],"is_trial":false,"path_per_floor":["M","?","?","?","T","R","E","R","T","$","E","M","R","M","R","B",null,"M","?","?","?","M","E"],"character_chosen":"IRONCLAD","items_purchased":["HandDrill"],"campfire_rested":0,"item_purchase_floors":[10],"current_hp_per_floor":[74,74,48,48,48,48,54,54,54,54,60,67,67,67,67,14,64,48,48,48,27,27,0,0],"gold":146,"neow_bonus":"THREE_ENEMY_KILL","is_daily":false,"chose_seed":false,"campfire_upgraded":4,"win_rate":0.0,"timestamp":1609211473,"path_taken":["M","?","?","?","?","R","E","R","T","?","E","M","R","M","R","BOSS","M","?","?","?","M","E"],"items_purchased_type":["Relic"],"build_version":"2020-12-22","purchased_purges":0,"victory":false,"max_hp_per_floor":[75,75,75,75,75,75,75,75,75,75,75,78,78,81,81,81,81,81,81,81,81,85,89,89],"relic_stats":{"Happy Flower":[10],"counters":[9,33],"Golden Idol":48,"Ornamental Fan":[40],"CeramicFish":54,"HandDrill":[8],"Juzu Bracelet":1,"Necronomicon":[3],"War Paint":["Battle Trance","Defend_R"],"obtain_stats":[{"SlaversCollar":17,"NeowsBlessing":0,"Happy Flower":9,"Golden Idol":3,"Ornamental Fan":11,"CeramicFish":7,"Bag of Marbles":5,"HandDrill":10,"Juzu Bracelet":19,"Necronomicon":21,"War Paint":2,"Burning Blood":0},{"SlaversCollar":6,"NeowsBlessing":0,"Happy Flower":2,"Golden Idol":1,"Ornamental Fan":3,"CeramicFish":2,"Bag of Marbles":1,"HandDrill":2,"Juzu Bracelet":7,"Necronomicon":7,"War Paint":1,"Burning Blood":0},{"SlaversCollar":21,"NeowsBlessing":0,"Happy Flower":2,"Golden Idol":1,"Ornamental Fan":3,"CeramicFish":2,"Bag of Marbles":1,"HandDrill":2,"Juzu Bracelet":26,"Necronomicon":26,"War Paint":1,"Burning Blood":0}],"Burning Blood":48},"card_choices":[{"not_picked":["Clash","Warcry"],"picked":"Battle Trance","floor":1},{"not_picked":["True Grit","Warcry"],"picked":"Rampage","floor":7},{"not_picked":["Reckless Charge","Pommel Strike"],"picked":"Feed","floor":11},{"not_picked":["Shockwave","Seeing Red"],"picked":"Shrug It Off","floor":12},{"not_picked":["Sentinel","Rupture","Blood for Blood"],"picked":"SKIP","floor":14},{"not_picked":["Bludgeon","Exhume"],"picked":"Barricade","floor":16},{"not_picked":["Thunderclap","Body Slam","Rupture"],"picked":"SKIP","floor":18},{"not_picked":["Heavy Blade","Perfected Strike"],"picked":"Shrug It Off","floor":22}],"player_experience":326595,"relics_obtained":[{"floor":5,"key":"Bag of Marbles"},{"floor":7,"key":"CeramicFish"},{"floor":9,"key":"Happy Flower"},{"floor":11,"key":"Ornamental Fan"},{"floor":21,"key":"Necronomicon"}],"event_choices":[{"damage_healed":0,"gold_gain":0,"player_choice":"Box","damage_taken":0,"relics_obtained":["War Paint"],"max_hp_gain":0,"max_hp_loss":0,"event_name":"Big Fish","floor":2,"gold_loss":0,"cards_obtained":["Regret"]},{"damage_healed":0,"gold_gain":0,"player_choice":"Take Damage","damage_taken":26,"relics_obtained":["Golden Idol"],"max_hp_gain":0,"max_hp_loss":0,"event_name":"Golden Idol","floor":3,"gold_loss":0},{"damage_healed":0,"gold_gain":0,"cards_transformed":["Strike_R"],"player_choice":"Change","damage_taken":0,"max_hp_gain":0,"max_hp_loss":0,"event_name":"Living Wall","floor":4,"gold_loss":0,"cards_obtained":["Battle Trance"]},{"damage_healed":0,"gold_gain":0,"player_choice":"Obtained Relic","damage_taken":0,"relics_obtained":["Juzu Bracelet"],"max_hp_gain":0,"max_hp_loss":0,"event_name":"Addict","floor":19,"gold_loss":85},{"damage_healed":0,"gold_gain":0,"player_choice":"Bought 2 Potions","damage_taken":0,"max_hp_gain":0,"max_hp_loss":0,"event_name":"The Woman in Blue","floor":20,"gold_loss":0},{"damage_healed":0,"gold_gain":0,"player_choice":"Obtained Book","damage_taken":21,"max_hp_gain":0,"max_hp_loss":0,"event_name":"Cursed Tome","floor":21,"gold_loss":0}],"is_beta":false,"boss_relics":[{"not_picked":["Velvet Choker","Runic Cube"],"picked":"SlaversCollar"}],"items_purged_floors":[],"is_endless":false,"potions_floor_spawned":[7,12,14,16],"killed_by":"Slavers","ascension_level":15}}