{"host":"pszcj3piwl6eu8b1","time":1609277379,"event":{"mods":["2.2 Compatiblity","Act Like it!","Aspiration","BaseMod","Better Altar","Better Match","Better Note","Better Sensory Stone","Better Skull","Better Third Choice","Better Vampires","CCEM","CapriCore","Energized Spire","Gensokyo","GifTheSpireLib","Hallownest","Hermit","Hubris","Jorbs\u0027s Wanderer Trilogy","Marisa????????","Marked Mod","Minty Spire (QoL Compilation)","Permanent Neow","Quarter Circle Forward PUNCH!","Quick Restart","Replay The Spire","Shop Mod","StSLib","Stuff the Spire","The Animator","The Blue Laboratory","The Immortal"],"gold_per_floor":[119,144,144,144,144,144,144,164,3,3,29,56,0,0,23,60,60,285,285,304,304,304,304,304,304,342,342,410,410,410,426,455,45,65,80,80,159,159,181,202,214,264,139,175,196,234,258,278,297,297,297,313,313,321,325,325,325,544,544,544],"floor_reached":59,"playtime":7110,"items_purged":["Pain"],"score":2023,"play_id":"5bf28644-58a8-487d-9411-021b0c39082d","local_time":"20201229132939","is_ascension_mode":true,"campfire_choices":[{"data":"animator:KyokoSakura","floor":14.0,"key":"SMITH"},{"floor":17.0,"key":"RECALL"},{"data":"animator:MadokaKaname","floor":27.0,"key":"SMITH"},{"data":"animator:Biyorigo","floor":29.0,"key":"SMITH"},{"floor":36.0,"key":"DIG"},{"data":"animator:Curse_Greed","floor":53.0,"key":"PURGE"}],"circlet_count":0,"master_deck":["AscendersBane","animator:Strike_MadokaMagica","animator:Defend_MadokaMagica","animator:YuiTsuruno","animator:Ara","animator:OrikoMikuni","animator:Entoma","animator:NagisaMomoe","animator:IzunaHatsuse","animator:GuildGirl","Poison Darts","animator:KyokoSakura","animator:OrikoMikuni","animator:Mikaela","animator:MadokaKaname","animator:Biyorigo","animator:HinaKagiyama","animator:Curse_Dizziness","animator:YachiyoNanami","animator:ZankiKiguchi","animator:FeridBathory","animator:Togame","animator:MadokaKaname","Prepared","animator:Kyubey","After Image","Phantasmal Killer","animator:HomuraAkemi","animator:SayakaMiki","animator:IrohaTamaki"],"relics":["animator:TheWolleyCore","animator:LivingPicture","animator:TheMissingPiece"],"acts_visited":["Gensokyo:Gensokyo","Gensokyo:Gensokyoer","Gensokyo:Gensokyoest","TheEnding","EYB:TheUnnamedReign"],"potions_floor_usage":[],"damage_taken":[{"damage":8.0,"enemies":"Gensokyo:3_Fairies","floor":1.0,"turns":5.0},{"damage":0.0,"enemies":"Gensokyo:Python","floor":2.0,"turns":3.0},{"damage":6.0,"enemies":"Gensokyo:2_Kodama","floor":8.0,"turns":4.0},{"damage":3.0,"enemies":"Gensokyo:CorruptedTreant","floor":12.0,"turns":4.0},{"damage":11.0,"enemies":"Gensokyo:Python_and_Kodama","floor":15.0,"turns":4.0},{"damage":4.0,"enemies":"Gensokyo:Aya","floor":16.0,"turns":5.0},{"damage":26.0,"enemies":"Gensokyo:Kokoro","floor":18.0,"turns":10.0},{"damage":20.0,"enemies":"Gensokyo:Chomper","floor":20.0,"turns":4.0},{"damage":26.0,"enemies":"Gensokyo:3_Dogs","floor":26.0,"turns":5.0},{"damage":5.0,"enemies":"Gensokyo:Wraith","floor":31.0,"turns":4.0},{"damage":30.0,"enemies":"Gensokyo:Koishi","floor":32.0,"turns":7.0},{"damage":7.0,"enemies":"Gensokyo:Swordslinger","floor":34.0,"turns":4.0},{"damage":2.0,"enemies":"Gensokyo:3_Gloops","floor":35.0,"turns":5.0},{"damage":19.0,"enemies":"Gensokyo:Eiki","floor":37.0,"turns":8.0},{"damage":44.0,"enemies":"Gensokyo:3_Boulders","floor":39.0,"turns":6.0},{"damage":14.0,"enemies":"Gensokyo:3_Bats","floor":40.0,"turns":5.0},{"damage":0.0,"enemies":"Gensokyo:SeedOfUnknown","floor":41.0,"turns":5.0},{"damage":6.0,"enemies":"Gensokyo:Marisa","floor":44.0,"turns":5.0},{"damage":0.0,"enemies":"Gensokyo:Rafflesia","floor":45.0,"turns":5.0},{"damage":20.0,"enemies":"Gensokyo:Doremy","floor":46.0,"turns":5.0},{"damage":0.0,"enemies":"Gensokyo:Sharpion","floor":48.0,"turns":4.0},{"damage":0.0,"enemies":"Gensokyo:SeedOfUnknown","floor":49.0,"turns":5.0},{"damage":31.0,"enemies":"Gensokyo:AtlasGolem","floor":52.0,"turns":6.0},{"damage":0.0,"enemies":"Gensokyo:Shinki","floor":54.0,"turns":8.0},{"damage":0.0,"enemies":"Gensokyo:Yuyuko","floor":55.0,"turns":9.0},{"damage":89,"enemies":"animator:TRIPLE_SHAPES_WEAK","floor":59,"turns":6}],"seed_played":"8864412521043167028","potions_obtained":[{"floor":8.0,"key":"AttackPotion"},{"floor":12.0,"key":"blueLaboratory:HummingbirdPotion"},{"floor":16.0,"key":"Explosive Potion"},{"floor":31.0,"key":"blueLaboratory:BottledHope"},{"floor":34.0,"key":"Toxic Potion"},{"floor":35.0,"key":"FearPotion"},{"floor":41.0,"key":"PowerPotion"},{"floor":42.0,"key":"PowerPotion"},{"floor":45.0,"key":"SteroidPotion"},{"floor":49.0,"key":"blueLaboratory:BubblePotion"}],"is_trial":false,"path_per_floor":["M","M","?","PTL","PTL","?","?","M","COS","?","T","M","$","R","M","E","R","B",null,"M","?","?","?","PTL","PTL","M","R","T","R","T","M","E","$","M","M","R","B",null,"M","M","M","?","?","E","M","E","T","M","M","?","?","M","R","B","B",null,"R","??","M"],"character_chosen":"THE_ANIMATOR","items_purchased":["blueLaboratory:FruitPunch","Lee\u0027s Waffle","hubris:SlimyHat"],"campfire_rested":0,"item_purchase_floors":[13,33,33],"current_hp_per_floor":[46,46,47,47,47,47,47,41,41,41,41,38,38,38,27,24,24,6,48,37,37,37,37,37,37,21,21,21,21,21,28,7,44,37,43,43,30,42,15,16,36,19,21,32,41,38,38,50,60,60,60,29,29,47,47,58,58,80,0,0],"gold":544,"neow_bonus":"NOSTALGIA","is_daily":false,"chose_seed":false,"campfire_upgraded":3,"win_rate":0.0,"timestamp":1609277379,"path_taken":["M","M","?","PTL","PTL","?","?","M","COS","?","T","M","?","R","?","E","R","BOSS","M","?","?","?","PTL","PTL","M","R","?","R","T","?","E","$","M","M","R","BOSS","M","?","M","?","?","E","M","E","T","M","?","?","?","M","R","BOSS","BOSS","R","??","M"],"items_purchased_type":["Potion","Relic","Relic"],"build_version":"2020-12-22","purchased_purges":1,"victory":false,"max_hp_per_floor":[60,60,61,61,61,61,61,61,61,61,61,61,61,61,61,62,62,62,62,62,62,62,62,62,62,35,35,35,35,35,35,37,44,44,46,46,46,46,48,50,52,52,54,56,56,58,58,58,60,60,60,60,60,60,62,62,62,80,80,80],"card_choices":[{"not_picked":["animator:Raven","animator:CrowleyEusford"],"picked":"animator:Ara","floor":1.0},{"not_picked":["animator:Rena","animator:Jibril"],"picked":"animator:OrikoMikuni","floor":2.0},{"not_picked":["animator:Benimaru","animator:Shuna"],"picked":"animator:Entoma","floor":3.0},{"not_picked":["animator:Priestess","animator:Fredrika"],"picked":"animator:NagisaMomoe","floor":3.0},{"not_picked":["animator:IrohaTamaki","animator:TsurugaMeisai"],"picked":"animator:GuildGirl","floor":8.0},{"not_picked":["animator:YachiyoNanami","animator:NagisaMomoe"],"picked":"animator:KyokoSakura","floor":12.0},{"not_picked":["animator:Lancer","animator:EmiyaShirou"],"picked":"animator:OrikoMikuni","floor":12.0},{"not_picked":["animator:Viivi","animator:Tatsumaki"],"picked":"animator:Mikaela","floor":15.0},{"not_picked":["animator:Gilgamesh","animator:FielNirvalen"],"picked":"animator:MadokaKaname","floor":16.0},{"not_picked":["animator:AcuraShin","animator:Shiro"],"picked":"animator:Biyorigo","floor":18.0},{"not_picked":["animator:Eris","animator:AcuraShin"],"picked":"animator:Father","floor":18.0},{"not_picked":["animator:Priestess","animator:ElricAlphonse","Distraction","animator:Mitsurugi"],"picked":"SKIP","floor":20.0},{"not_picked":["animator:YuiTsuruno","animator:KyokoSakura","animator:IrohaTamaki"],"picked":"animator:YachiyoNanami","floor":26.0},{"not_picked":["animator:HiiragiShinya","animator:Aisha","StuffTheSpire:Shiver"],"picked":"animator:ZankiKiguchi+1","floor":31.0},{"not_picked":["animator:Witch","animator:Chung","StuffTheSpire:BumpUp"],"picked":"animator:FeridBathory","floor":32.0},{"not_picked":["animator:Ciel","Underhanded Strike","animator:TukaLunaMarceau","StuffTheSpire:Python"],"picked":"SKIP","floor":34.0},{"not_picked":["animator:Konayuki","animator:Nanami","animator:UneriGinkaku"],"picked":"animator:Togame","floor":35.0},{"not_picked":["Glass Knife","animator:SwordMaiden","animator:PinaCoLada"],"picked":"animator:MadokaKaname","floor":37.0},{"not_picked":["animator:MaesHughes+1","animator:Berserker","animator:Shuna","Underhanded Strike"],"picked":"SKIP","floor":39.0},{"not_picked":["Well Laid Plans+1","animator:UneriGinkaku+1","animator:Guy+1","animator:Benimaru"],"picked":"SKIP","floor":40.0},{"not_picked":["animator:Shuna","animator:RinTohsaka","animator:Mikaela+1","animator:Illya"],"picked":"SKIP","floor":41.0},{"not_picked":["animator:AcuraTooru","animator:CrowleyEusford","Calculated Gamble"],"picked":"Prepared+1","floor":42.0},{"not_picked":["A Thousand Cuts+1","Phantasmal Killer+1","animator:Ainz+1"],"picked":"animator:Kyubey+1","floor":43.0},{"not_picked":["Tools of the Trade+1","animator:Saber+1","Malaise+1"],"picked":"After Image+1","floor":43.0},{"not_picked":["animator:PinaCoLada+1","animator:Wiz+1","animator:Saber+1"],"picked":"Phantasmal Killer+1","floor":43.0},{"not_picked":["animator:IrohaTamaki","animator:KyokoSakura","animator:SuzuneAmano"],"picked":"animator:HomuraAkemi","floor":44.0},{"not_picked":["animator:Hakurou","ReplayTheSpireMod:From All Sides","animator:Jibril","Sucker Punch"],"picked":"SKIP","floor":45.0},{"not_picked":["animator:Hakurou","ReplayTheSpireMod:From All Sides","animator:Jibril","Sucker Punch"],"picked":"SKIP","floor":45.0},{"not_picked":["animator:Hakurou","ReplayTheSpireMod:From All Sides","animator:Jibril","Sucker Punch"],"picked":"SKIP","floor":45.0},{"not_picked":["animator:Ara+1","animator:Gilgamesh","PiercingWail"],"picked":"animator:Entoma+1","floor":46.0},{"not_picked":["animator:Guy+1","Acrobatics","animator:Geryuganshoop","animator:Kaijin"],"picked":"SKIP","floor":48.0},{"not_picked":["animator:KyokoSakura","animator:IrohaTamaki","animator:NagisaMomoe"],"picked":"animator:SayakaMiki","floor":49.0},{"not_picked":["Dagger Throw+1","StuffTheSpire:Incantation+1","animator:DolaCouronne","PiercingWail"],"picked":"SKIP","floor":52.0}],"player_experience":1517849,"relics_obtained":[{"floor":11.0,"key":"StuffTheSpire:Mouthbags"},{"floor":16.0,"key":"Simple Rune"},{"floor":28.0,"key":"Shuriken"},{"floor":30.0,"key":"qcfpunch:Red_Gi"},{"floor":32.0,"key":"Gensokyo:MosesMiracle"},{"floor":32.0,"key":"Replay:Mystery Machine"},{"floor":36.0,"key":"Replay:Multitool"},{"floor":42.0,"key":"hubris:TenFootPole"},{"floor":44.0,"key":"Pet Ghost"},{"floor":46.0,"key":"Akabeko"},{"floor":58.0,"key":"animator:TheWolleyCore"}],"event_choices":[{"damage_healed":0.0,"max_hp_gain":0.0,"max_hp_loss":0.0,"gold_gain":0.0,"event_name":"betterMatch:BetterMatch","player_choice":"3","floor":43.0,"gold_loss":0.0,"damage_taken":0.0,"cards_obtained":["betterMatch:RareCard"]}],"is_beta":false,"boss_relics":[{"not_picked":["Replay:Wanted Poster","Coffee Dripper"],"picked":"aspiration:SilentSkillbook"},{"not_picked":["hubris:Stopwatch","CCEMRelics:GreenEgg"],"picked":"Kintsugi"}],"items_purged_floors":[33],"is_endless":false,"potions_floor_spawned":[8,12,16,18,31,34,35,41,45,49],"killed_by":"animator:TRIPLE_SHAPES_WEAK","ascension_level":20}}