{"host":"fbjkyf8096sobcph","time":1609212409,"event":{"mods":["2.2 Compatiblity","AchievementEnabler","Aspiration","BaseMod","Better Altar","Better Match","Better Note","Better Sensory Stone","Better Skull","Better Third Choice","BetterRewards","CCEM","Clawfect","Colored Map","Conspire","Downfall","GifTheSpireLib","Halation","Highlight Path","Hubris","Mimic Mod","Minty Spire (QoL Compilation)","Permanent Neow","Replay The Spire","Shop Mod","Spicy Shops","StSLib","Stuff the Spire","Unceasing Turn Reminder","Waifu the Spire","everything is the same but u backflip on backflip","slay the spire mod where everything is the same but ironclad has a cowboy hat"],"gold_per_floor":[199,210,210,210,135,146,246,310,144,156,190,190,101,101,151,190,240,440,461,461,461,461],"floor_reached":20,"playtime":1302,"items_purged":["CommonCold"],"score":120,"play_id":"fef1aa65-7d1d-40fc-9f2d-c2a608d22c2f","local_time":"20201229042649","is_ascension_mode":false,"campfire_choices":[{"floor":1,"key":"RECALL"},{"data":"hexamod:NecessarySacrifice","floor":5,"key":"SMITH"},{"data":"hexamod:WildfireWeapon","floor":12,"key":"SMITH"}],"circlet_count":0,"master_deck":["hexamod:Strike+1","hexamod:Strike","hexamod:Strike+1","hexamod:Strike","hexamod:Defend","hexamod:Defend","hexamod:Defend","hexamod:Defend","hexamod:Sear","hexamod:Float","hexamod:NecessarySacrifice+1","hexamod:Firestarter","hexamod:SuperheatedStrike","hexamod:StepThrough","hexamod:WildfireWeapon+1","hexamod:SuperheatedStrike+1","hexamod:EmpoweredFlame","hexamod:SecondSeal","hexamod:PhantomCloak","Regret","Slimebound:Icky","Replay:SS_hec_4+1","hexamod:SpectralSpark"],"relics":["hexamod:SpiritBrand","downfall:HeartBlessingRed","downfall:CloakOfManyFaces","CultistMask","FaceOfCleric","NlothsMask","GremlinMask","SsserpentHead","Happy Flower","ReplayTheSpireMod:CursedCoin","Art of War","halation:YellowSoulGem","CCEMRelics:FestiveHat"],"acts_visited":["Exordium"],"potions_floor_usage":[20,20],"damage_taken":[{"damage":0,"enemies":"Jaw Worm","floor":2,"turns":3},{"damage":0,"enemies":"Cultist","floor":6,"turns":3},{"damage":14,"enemies":"downfall:FaceTrader","floor":7,"turns":7},{"damage":0,"enemies":"2 Louse","floor":8,"turns":2},{"damage":0,"enemies":"downfall:FleeingMerchant","floor":9,"turns":4},{"damage":4,"enemies":"Large Slime","floor":10,"turns":3},{"damage":6,"enemies":"3 Louse","floor":11,"turns":3},{"damage":9,"enemies":"downfall:FleeingMerchant","floor":13,"turns":4},{"damage":27,"enemies":"3 Sentries","floor":16,"turns":7},{"damage":2,"enemies":"3 Louse","floor":19,"turns":3},{"damage":21,"enemies":"downfall:Silent","floor":20,"turns":4}],"seed_played":"-8580191104883126095","potions_obtained":[{"floor":7,"key":"hexamod:DoubleChargePotion"},{"floor":16,"key":"Adrenaline Potion"}],"is_trial":false,"path_per_floor":["R","M","PTL","PTL","R","M","?","M","$","M","MIM","R","$","R","?","E","?","?","M","B"],"character_chosen":"THE_SPIRIT","items_purchased":["Happy Flower","ReplayTheSpireMod:CursedCoin","Art of War"],"campfire_rested":0,"item_purchase_floors":[9,13,13],"current_hp_per_floor":[70,70,70,70,70,70,56,57,58,55,50,50,42,42,42,16,16,16,15,0,0,0],"gold":461,"neow_bonus":"HUNDRED_GOLD","is_daily":false,"chose_seed":false,"campfire_upgraded":2,"win_rate":0.0,"timestamp":1609212409,"path_taken":["R","M","PTL","PTL","R","M","?","?","$","M","MIM","R","$","R","?","E","?","?","M","BOSS"],"items_purchased_type":["Relic","Relic","Relic"],"build_version":"2020-12-22","purchased_purges":1,"victory":false,"max_hp_per_floor":[70,70,70,70,70,70,70,71,72,73,74,74,75,75,75,76,76,76,77,77,77,77],"card_choices":[{"not_picked":["hexamod:AdvancingGuard","hexamod:Firestarter"],"picked":"hexamod:NecessarySacrifice","floor":2},{"not_picked":["hexamod:NightmareStrike","hexamod:ShieldOfDarkness"],"picked":"hexamod:Firestarter","floor":6},{"not_picked":["hexamod:SpectersWail","hexamod:NightmareGuise"],"picked":"hexamod:SuperheatedStrike","floor":7},{"not_picked":["hexamod:FastForward","hexamod:GhostLash"],"picked":"hexamod:StepThrough","floor":8},{"not_picked":["hexamod:AdvancingGuard","hexamod:HeatMetal"],"picked":"hexamod:WildfireWeapon","floor":9},{"not_picked":["hexamod:NightmareGuise","hexamod:Firestarter"],"picked":"hexamod:SuperheatedStrike","floor":10},{"not_picked":["hexamod:ThermalTransfer","hexamod:ChargedBarrage"],"picked":"hexamod:EmpoweredFlame","floor":11},{"not_picked":["hexamod:TurnItUp","hexamod:Hexaguard"],"picked":"hexamod:SecondSeal","floor":13},{"not_picked":["hexamod:AdvancingGuard","hexamod:CatchUp"],"picked":"hexamod:PhantomCloak","floor":16},{"not_picked":["hubris:Insight+1","Bandage Up+1"],"picked":"Replay:SS_hec_4+1","floor":19},{"not_picked":["hexamod:Firestarter","hexamod:SecondSeal"],"picked":"hexamod:SpectralSpark","floor":19}],"player_experience":259165,"relics_obtained":[{"floor":7,"key":"downfall:CloakOfManyFaces"},{"floor":16,"key":"CCEMRelics:FestiveHat"}],"event_choices":[],"is_beta":false,"boss_relics":[],"items_purged_floors":[13],"is_endless":false,"potions_floor_spawned":[7,16],"killed_by":"downfall:Silent","ascension_level":0}}