{"host":"q0ozth74idsfmf0a","time":1609210924,"event":{"mods":["BaseMod","Colored Powertips","Downfall","Minty Spire (QoL Compilation)","Relic Stats","StSLib"],"gold_per_floor":[99,118,135,152,152,152,176,192,209,223,241,241,270,270,290,394,394,394,404,404,6,19,19,19,19,33,33,68,68,7,7,7,7],"floor_reached":31,"playtime":5750,"items_purged":["Guardian:Strike_Guardian"],"score":282,"play_id":"ebb13a7a-0aeb-4513-b391-dd54f9c4557a","local_time":"20201228220204","is_ascension_mode":false,"campfire_choices":[{"data":"Guardian:CurlUp","floor":1,"key":"SMITH"},{"floor":12,"key":"REST"},{"data":"Guardian:TwinSlam","floor":18,"key":"SMITH"},{"data":"Guardian:Harden","floor":25,"key":"SMITH"}],"circlet_count":0,"master_deck":["Guardian:Strike_Guardian","Guardian:Strike_Guardian","Guardian:Defend_Guardian","Guardian:Defend_Guardian","Guardian:Defend_Guardian","Guardian:CurlUp+1","Guardian:TwinSlam+1","Guardian:TemporalShield","Guardian:PrimingBeam","Guardian:Recover","Guardian:SphericShield","Guardian:ChargeCore","Guardian:CrystalBeam","Guardian:PiercingHide","Guardian:Harden+1","Guardian:RollAttack+1","Ghostly","Ghostly","Ghostly","Ghostly","Ghostly","Guardian:ShieldCharger+1","Guardian:Gem_Cyan","Guardian:VentSteam+1","Guardian:Gem_Cyan","Guardian:Suspension+1","Guardian:PrimingBeam"],"relics":["Guardian:ModeShifter","Regal Pillow","Orichalcum","Guardian:StasisSlotReductionRelic","Bag of Preparation","Guardian:PickAxe","Toxic Egg 2","Bag of Marbles"],"acts_visited":["Exordium","TheCity"],"potions_floor_usage":[16,16,28,28,31],"damage_taken":[{"damage":0,"enemies":"Small Slimes","floor":2,"turns":5},{"damage":4,"enemies":"Jaw Worm","floor":3,"turns":5},{"damage":0,"enemies":"Cultist","floor":4,"turns":3},{"damage":10,"enemies":"Lots of Slimes","floor":8,"turns":4},{"damage":7,"enemies":"Blue Slaver","floor":9,"turns":5},{"damage":9,"enemies":"Exordium Thugs","floor":10,"turns":8},{"damage":0,"enemies":"3 Louse","floor":11,"turns":5},{"damage":11,"enemies":"Gremlin Nob","floor":13,"turns":4},{"damage":5,"enemies":"Blue Slaver","floor":15,"turns":4},{"damage":24,"enemies":"downfall:Silent","floor":16,"turns":13},{"damage":0,"enemies":"3 Byrds","floor":19,"turns":4},{"damage":0,"enemies":"downfall:FleeingMerchant","floor":21,"turns":4},{"damage":0,"enemies":"3 Cultists","floor":22,"turns":6},{"damage":1,"enemies":"Shelled Parasite and Fungi","floor":26,"turns":5},{"damage":41,"enemies":"Slavers","floor":28,"turns":9},{"damage":0,"enemies":"downfall:FleeingMerchant","floor":30,"turns":4},{"damage":3,"enemies":"Cultist and Chosen","floor":31,"turns":10}],"seed_played":"-649531611988997568","potions_obtained":[{"floor":8,"key":"ColorlessPotion"},{"floor":9,"key":"SpeedPotion"},{"floor":10,"key":"PowerPotion"},{"floor":11,"key":"hexamod:EctoCoolerPotion"},{"floor":19,"key":"ColorlessPotion"},{"floor":22,"key":"SkillPotion"}],"is_trial":false,"path_per_floor":["R","M","M","M","?","?","T","M","M","M","M","R","E","?","M","B",null,"R","M","?","$","M","?","T","R","M","R","E","?","$","M"],"character_chosen":"GUARDIAN","items_purchased":["Bag of Preparation","Guardian:PickAxe","Guardian:PrimingBeam"],"campfire_rested":1,"item_purchase_floors":[21,21,30],"current_hp_per_floor":[88,88,84,84,84,84,84,74,67,58,58,88,77,88,83,59,88,88,88,88,88,88,44,44,44,43,43,2,2,2,0,0,0],"gold":7,"neow_bonus":"TEN_PERCENT_HP_BONUS","is_daily":false,"chose_seed":false,"campfire_upgraded":3,"win_rate":0.0,"timestamp":1609210924,"path_taken":["R","M","M","M","?","?","T","M","M","?","?","R","E","?","M","BOSS","R","M","?","$","M","?","T","R","M","R","E","?","?","M"],"items_purchased_type":["Relic","Relic","Card"],"build_version":"2020-12-22","purchased_purges":1,"victory":false,"max_hp_per_floor":[88,88,88,88,88,88,88,88,88,88,88,88,88,88,88,88,88,88,88,88,88,88,44,44,44,44,44,44,44,44,44,44,44],"relic_stats":{"Regal Pillow":4,"counters":[17,98],"Bag of Preparation":[10],"Orichalcum":[6],"obtain_stats":[{"Guardian:PickAxe":21,"Regal Pillow":7,"Guardian:StasisSlotReductionRelic":17,"downfall:BrokenWingStatue":5,"Guardian:ModeShifter":0,"Bag of Preparation":21,"Bag of Marbles":28,"Orichalcum":13,"Toxic Egg 2":24},{"Guardian:PickAxe":12,"Regal Pillow":3,"Guardian:StasisSlotReductionRelic":10,"downfall:BrokenWingStatue":3,"Guardian:ModeShifter":0,"Bag of Preparation":12,"Bag of Marbles":15,"Orichalcum":8,"Toxic Egg 2":13},{"Guardian:PickAxe":64,"Regal Pillow":13,"Guardian:StasisSlotReductionRelic":56,"downfall:BrokenWingStatue":13,"Guardian:ModeShifter":0,"Bag of Preparation":64,"Bag of Marbles":84,"Orichalcum":39,"Toxic Egg 2":70}]},"card_choices":[{"not_picked":["Guardian:RollAttack","Guardian:TimeBomb"],"picked":"Guardian:TemporalShield","floor":2},{"not_picked":["Guardian:CrystalBeam","Guardian:Repulse"],"picked":"Guardian:PrimingBeam","floor":3},{"not_picked":["Guardian:TimeBomb","Guardian:PrimingBeam"],"picked":"Guardian:Recover","floor":4},{"not_picked":["Guardian:Planning","Guardian:PolyBeam"],"picked":"Guardian:Gem_Cyan","floor":8},{"not_picked":["Guardian:FloatingOrbs","Guardian:PrismaticBarrier"],"picked":"Guardian:SphericShield","floor":9},{"not_picked":["Guardian:PolyBeam","Guardian:Incinerate"],"picked":"Guardian:ChargeCore","floor":10},{"not_picked":["Guardian:ShieldSpikes","Guardian:Gem_Purple"],"picked":"Guardian:CrystalBeam","floor":11},{"not_picked":["Guardian:TimeSifter","Guardian:FloatingOrbs"],"picked":"Guardian:PiercingHide","floor":13},{"not_picked":["Guardian:Gem_Red","Guardian:PrismaticBeam"],"picked":"Guardian:Harden","floor":15},{"not_picked":["Guardian:SphericShield","Guardian:StasisStrike"],"picked":"Guardian:Gem_Orange","floor":16},{"not_picked":["Guardian:Gem_Cyan","Guardian:BronzeOrb"],"picked":"Guardian:Gem_Lightblue","floor":19},{"not_picked":["Guardian:TemporalStrike","Guardian:Gem_White"],"picked":"Guardian:Gem_Synthetic","floor":21},{"not_picked":["Guardian:TemporalStrike","Guardian:WalkerClaw"],"picked":"Guardian:RollAttack+1","floor":22},{"not_picked":["Guardian:FloatingOrbs","Guardian:Incinerate"],"picked":"Guardian:ShieldCharger+1","floor":26},{"not_picked":["Guardian:ConstructionForm","Guardian:TemporalShield+1"],"picked":"Guardian:VentSteam+1","floor":28},{"not_picked":["Guardian:Gem_Green","Guardian:ShieldCharger+1"],"picked":"Guardian:Suspension+1","floor":30}],"player_experience":14292,"relics_obtained":[{"floor":7,"key":"Regal Pillow"},{"floor":13,"key":"Orichalcum"},{"floor":24,"key":"Toxic Egg 2"},{"floor":28,"key":"Bag of Marbles"}],"event_choices":[{"damage_healed":11,"gold_gain":0,"player_choice":"Full Heal","damage_taken":0,"max_hp_gain":0,"max_hp_loss":0,"event_name":"Wheel of Change","floor":14,"gold_loss":0},{"damage_healed":0,"gold_gain":0,"player_choice":"Became a Ghost","damage_taken":0,"max_hp_gain":0,"max_hp_loss":44,"event_name":"Ghosts","floor":23,"gold_loss":0,"cards_obtained":["Ghostly","Ghostly","Ghostly","Ghostly","Ghostly"]}],"is_beta":false,"boss_relics":[{"not_picked":["Velvet Choker","Snecko Eye"],"picked":"Guardian:StasisSlotReductionRelic"}],"items_purged_floors":[21],"is_endless":false,"potions_floor_spawned":[8,9,10,11,13,19,22],"killed_by":"Cultist and Chosen","ascension_level":0}}