{"host":"cijwx898anu8dehj","time":1609284262,"event":{"mods":["AchievementEnabler","AlwaysNeverKeys","BaseMod","Colored Map","Colored Powertips","Highlight Path","Minty Spire (QoL Compilation)","Rare Cards Sparkle","Relic Stats","Slay-I"],"gold_per_floor":[118,137,137,137,151,151,185,185,185,185,219,235,235,252,252,328,328,342,27,27,45,45,45,63,63,86,136,171,96,109,59,59,136,136,150,168,142,142,142,142,162,182,209,209,209,209,236,252,252,252],"floor_reached":51,"playtime":2555,"items_purged":["Strike_R"],"score":1386,"play_id":"0f06a296-c235-48f5-8a51-b07c3c3505eb","local_time":"20201229212422","is_ascension_mode":true,"campfire_choices":[{"floor":6.0,"key":"REST"},{"floor":8.0,"key":"REST"},{"floor":13.0,"key":"REST"},{"floor":15.0,"key":"REST"},{"data":"Fiend Fire","floor":23.0,"key":"SMITH"},{"floor":25.0,"key":"REST"},{"floor":32.0,"key":"REST"},{"floor":40.0,"key":"REST"},{"floor":44.0,"key":"REST"},{"data":"Fiend Fire","floor":46.0,"key":"SMITH"},{"floor":49,"key":"REST"}],"circlet_count":0,"master_deck":["AscendersBane","Strike_R+1","Defend_R+1","Defend_R","Defend_R+1","Bash","Armaments+1","Thunderclap","Fiend Fire+1","Seeing Red","Pummel","Flex","Metallicize+1","Flame Barrier","Feed","Anger+1","Warcry","Demon Form+1","Heavy Blade","Pommel Strike+1","Disarm","Uppercut","Intimidate+1","Metallicize+1","Double Tap","Shrug It Off","Twin Strike","Shrug It Off","Clothesline+1","Clothesline","Rage","Cleave+1","Fiend Fire+1","Disarm"],"relics":["Runic Pyramid","Blue Candle","Frozen Egg 2","Dream Catcher","Bronze Scales","Mark of Pain","Prayer Wheel","GremlinMask","Regal Pillow","WingedGreaves","Empty Cage","Juzu Bracelet","MealTicket","Ice Cream"],"acts_visited":["Exordium","TheCity","TheBeyond"],"potions_floor_usage":[50,50],"damage_taken":[{"damage":0.0,"enemies":"Small Slimes","floor":1.0,"turns":5.0},{"damage":11.0,"enemies":"Jaw Worm","floor":2.0,"turns":6.0},{"damage":10.0,"enemies":"2 Louse","floor":5.0,"turns":3.0},{"damage":2.0,"enemies":"Lagavulin","floor":7.0,"turns":6.0},{"damage":8.0,"enemies":"Gremlin Nob","floor":11.0,"turns":3.0},{"damage":6.0,"enemies":"Looter","floor":12.0,"turns":2.0},{"damage":12.0,"enemies":"Exordium Thugs","floor":14.0,"turns":3.0},{"damage":0.0,"enemies":"Hexaghost","floor":16.0,"turns":9.0},{"damage":0.0,"enemies":"Spheric Guardian","floor":18.0,"turns":4.0},{"damage":8.0,"enemies":"3 Byrds","floor":21.0,"turns":2.0},{"damage":13.0,"enemies":"3 Cultists","floor":24.0,"turns":5.0},{"damage":38.0,"enemies":"Book of Stabbing","floor":28.0,"turns":5.0},{"damage":0.0,"enemies":"Cultist and Chosen","floor":30.0,"turns":4.0},{"damage":28.0,"enemies":"Champ","floor":33.0,"turns":13.0},{"damage":27.0,"enemies":"3 Shapes","floor":35.0,"turns":5.0},{"damage":0.0,"enemies":"Orb Walker","floor":36.0,"turns":3.0},{"damage":22.0,"enemies":"Sphere and 2 Shapes","floor":41.0,"turns":11.0},{"damage":37.0,"enemies":"Jaw Worm Horde","floor":42.0,"turns":4.0},{"damage":7.0,"enemies":"Nemesis","floor":47.0,"turns":7.0},{"damage":8,"enemies":"Writhing Mass","floor":48,"turns":6},{"damage":30,"enemies":"Time Eater","floor":50,"turns":8}],"seed_played":"8725502739906511107","potions_obtained":[{"floor":2.0,"key":"Ancient Potion"},{"floor":11.0,"key":"ColorlessPotion"},{"floor":14.0,"key":"Block Potion"},{"floor":21.0,"key":"Swift Potion"},{"floor":24.0,"key":"Dexterity Potion"},{"floor":33.0,"key":"Regen Potion"},{"floor":42.0,"key":"Weak Potion"},{"floor":47.0,"key":"Energy Potion"}],"is_trial":false,"path_per_floor":["M","M","?","?","M","R","E","R","T","?","E","M","R","M","R","B",null,"M","$","?","M","?","R","M","R","T","?","E","$","M","?","R","B",null,"M","M","$","T","?","R","M","M","T","R","?","R","E","M","R","B",null],"character_chosen":"IRONCLAD","items_purchased":["Prayer Wheel","Shrug It Off"],"campfire_rested":9,"item_purchase_floors":[19,37],"current_hp_per_floor":[68,57,34,34,24,46,44,66,66,31,23,17,39,27,49,49,69,69,69,69,64,64,64,54,78,78,78,40,40,44,44,84,56,78,54,54,54,54,54,88,70,42,42,84,84,84,77,69,92,62],"gold":252,"neow_bonus":"BOSS_RELIC","is_daily":false,"chose_seed":false,"campfire_upgraded":2,"win_rate":0.0,"timestamp":1609284262,"path_taken":["M","M","?","?","M","R","E","R","T","?","E","M","R","M","R","BOSS","M","$","?","?","?","R","?","R","T","?","E","$","M","?","R","BOSS","M","?","?","?","?","R","M","M","T","R","?","R","E","M","R","BOSS"],"items_purchased_type":["Relic","Card"],"build_version":"2020-12-22","purchased_purges":1,"victory":true,"max_hp_per_floor":[75,75,75,75,75,75,75,75,75,75,75,75,75,75,75,75,75,75,75,75,78,78,78,81,81,81,81,81,81,85,85,85,85,85,88,88,88,88,88,88,92,92,92,92,92,92,92,92,92,92],"relic_stats":{"Dream Catcher":7,"Regal Pillow":38,"counters":[21,114],"Blue Candle":[0],"Bronze Scales":[276],"Prayer Wheel":8,"MealTicket":0,"Juzu Bracelet":1,"obtain_stats":[{"Ice Cream":47,"Regal Pillow":26,"Blue Candle":7,"GremlinMask":22,"Juzu Bracelet":38,"Frozen Egg 2":9,"Empty Cage":34,"Burning Blood":0,"Dream Catcher":10,"Bronze Scales":11,"Prayer Wheel":19,"MealTicket":43,"Mark of Pain":17,"WingedGreaves":28,"Runic Pyramid":0},{"Ice Cream":19,"Regal Pillow":11,"Blue Candle":4,"GremlinMask":10,"Juzu Bracelet":16,"Frozen Egg 2":4,"Empty Cage":14,"Burning Blood":0,"Dream Catcher":4,"Bronze Scales":5,"Prayer Wheel":9,"MealTicket":18,"Mark of Pain":8,"WingedGreaves":12,"Runic Pyramid":0},{"Ice Cream":100,"Regal Pillow":48,"Blue Candle":20,"GremlinMask":43,"Juzu Bracelet":78,"Frozen Egg 2":20,"Empty Cage":70,"Burning Blood":0,"Dream Catcher":20,"Bronze Scales":23,"Prayer Wheel":41,"MealTicket":93,"Mark of Pain":37,"WingedGreaves":53,"Runic Pyramid":0}]},"card_choices":[{"not_picked":["Body Slam","True Grit"],"picked":"Armaments","floor":1.0},{"not_picked":["Perfected Strike","Hemokinesis"],"picked":"Thunderclap","floor":2.0},{"not_picked":["Body Slam","Wild Strike"],"picked":"Fiend Fire","floor":5.0},{"not_picked":["True Grit","Burning Pact"],"picked":"Seeing Red","floor":7.0},{"not_picked":["Searing Blow","Sword Boomerang"],"picked":"Pummel","floor":11.0},{"not_picked":["True Grit","Hemokinesis","Heavy Blade"],"picked":"SKIP","floor":12.0},{"not_picked":["Entrench","Thunderclap"],"picked":"Flex","floor":13.0},{"not_picked":["Sword Boomerang","True Grit"],"picked":"Metallicize+1","floor":14.0},{"not_picked":["Twin Strike","Havoc"],"picked":"Flame Barrier","floor":15.0},{"not_picked":["Brutality+1","Exhume"],"picked":"Feed","floor":16.0},{"not_picked":["Flex","True Grit"],"picked":"Anger+1","floor":18.0},{"not_picked":["Havoc","Armaments"],"picked":"Warcry","floor":21.0},{"not_picked":["Havoc","Perfected Strike","Twin Strike"],"picked":"SKIP","floor":21.0},{"not_picked":["Twin Strike","Body Slam"],"picked":"Demon Form+1","floor":24.0},{"not_picked":["Twin Strike","Perfected Strike"],"picked":"Heavy Blade","floor":24.0},{"not_picked":["Clothesline","Shockwave"],"picked":"Pommel Strike+1","floor":25.0},{"not_picked":["Inflame+1","Heavy Blade"],"picked":"Disarm","floor":28.0},{"not_picked":["True Grit","Flex"],"picked":"Uppercut","floor":30.0},{"not_picked":["Ghostly Armor","Reckless Charge+1"],"picked":"Intimidate","floor":30.0},{"not_picked":["Uppercut","Anger+1"],"picked":"Metallicize+1","floor":32.0},{"not_picked":["Juggernaut+1","Offering"],"picked":"Double Tap","floor":33.0},{"not_picked":["True Grit","Clash","Second Wind+1"],"picked":"SKIP","floor":35.0},{"not_picked":["Dark Embrace+1","Warcry","Perfected Strike"],"picked":"SKIP","floor":35.0},{"not_picked":["Rupture+1","Burning Pact+1"],"picked":"Shrug It Off","floor":36.0},{"not_picked":["Cleave+1","Reckless Charge"],"picked":"Twin Strike","floor":36.0},{"not_picked":["Bloodletting+1","Sword Boomerang+1"],"picked":"Clothesline+1","floor":40.0},{"not_picked":["Rupture+1","True Grit"],"picked":"Clothesline","floor":41.0},{"not_picked":["Clash","Heavy Blade","Sword Boomerang"],"picked":"SKIP","floor":41.0},{"not_picked":["Cleave","Evolve+1"],"picked":"Rage","floor":42.0},{"not_picked":["Fire Breathing+1","Reckless Charge","Cleave"],"picked":"SKIP","floor":42.0},{"not_picked":["Armaments","Clash"],"picked":"Cleave+1","floor":44.0},{"not_picked":["Brutality+1","Sword Boomerang","Fire Breathing+1"],"picked":"SKIP","floor":47.0},{"not_picked":["Twin Strike","Iron Wave"],"picked":"Disarm","floor":48},{"not_picked":["Headbutt","Sever Soul","Feel No Pain+1"],"picked":"SKIP","floor":48}],"player_experience":927940,"relics_obtained":[{"floor":7.0,"key":"Blue Candle"},{"floor":9.0,"key":"Frozen Egg 2"},{"floor":11.0,"key":"Bronze Scales"},{"floor":26.0,"key":"Regal Pillow"},{"floor":28.0,"key":"WingedGreaves"},{"floor":38.0,"key":"Juzu Bracelet"},{"floor":43.0,"key":"MealTicket"},{"floor":47.0,"key":"Ice Cream"}],"event_choices":[{"damage_healed":0.0,"max_hp_gain":0.0,"max_hp_loss":0.0,"gold_gain":0.0,"event_name":"Shining Light","player_choice":"Entered Light","floor":3.0,"gold_loss":0.0,"damage_taken":23.0,"cards_upgraded":["Strike_R","Defend_R"]},{"damage_healed":0.0,"max_hp_gain":0.0,"max_hp_loss":0.0,"gold_gain":0.0,"event_name":"Living Wall","player_choice":"Grow","floor":4.0,"gold_loss":0.0,"damage_taken":0.0,"cards_upgraded":["Armaments"]},{"damage_healed":0.0,"max_hp_gain":0.0,"max_hp_loss":0.0,"gold_gain":0.0,"event_name":"Scrap Ooze","player_choice":"Success","floor":10.0,"gold_loss":0.0,"damage_taken":35.0,"relics_obtained":["Dream Catcher"]},{"damage_healed":0.0,"max_hp_gain":0.0,"max_hp_loss":0.0,"gold_gain":0.0,"event_name":"WeMeetAgain","player_choice":"Ignored","floor":20.0,"gold_loss":0.0,"damage_taken":0.0},{"damage_healed":0.0,"max_hp_gain":0.0,"max_hp_loss":0.0,"gold_gain":0.0,"event_name":"FaceTrader","player_choice":"Trade","floor":22.0,"gold_loss":0.0,"damage_taken":0.0,"relics_obtained":["GremlinMask"]},{"damage_healed":0.0,"max_hp_gain":0.0,"max_hp_loss":0.0,"gold_gain":50.0,"event_name":"Nest","player_choice":"Stole From Cult","floor":27.0,"gold_loss":0.0,"damage_taken":0.0},{"damage_healed":0.0,"max_hp_gain":0.0,"max_hp_loss":0.0,"gold_gain":0.0,"event_name":"Designer","player_choice":"Upgraded Two","floor":31.0,"gold_loss":50.0,"damage_taken":0.0,"cards_upgraded":["Defend_R","Intimidate"]},{"cards_removed":["Defend_R"],"damage_healed":0.0,"max_hp_gain":0.0,"max_hp_loss":0.0,"gold_gain":0.0,"event_name":"Falling","player_choice":"Removed Skill","floor":39.0,"gold_loss":0.0,"damage_taken":0.0},{"damage_healed":0.0,"max_hp_gain":0.0,"max_hp_loss":0.0,"gold_gain":0.0,"cards_transformed":["Strike_R"],"event_name":"Transmorgrifier","player_choice":"Transformed","floor":45.0,"gold_loss":0.0,"damage_taken":0.0,"cards_obtained":["Fiend Fire"]}],"is_beta":false,"boss_relics":[{"not_picked":["Runic Dome","Cursed Key"],"picked":"Mark of Pain"},{"not_picked":["Busted Crown","Pandora\u0027s Box"],"picked":"Empty Cage"}],"items_purged_floors":[29],"is_endless":false,"potions_floor_spawned":[2,11,12,14,21,24,33,42,47,48],"ascension_level":18}}