{"host":"78zdngn0u28jm0pp","time":1609212752,"event":{"mods":["BaseMod","Jorbs\u0027s Wanderer Trilogy","Minty Spire (QoL Compilation)","Permanent Neow","Quick Restart","Relic Stats","StSLib","Unceasing Turn Reminder"],"gold_per_floor":[110,110,130,130,55,55,84,99,99,134,134,144,144,154,154,230,230,250,250,70,70,101,136,136,136,136,151,163,163,163,189,189,189,189],"floor_reached":33,"playtime":1306,"items_purged":["Pain"],"score":682,"play_id":"5e887276-5723-4593-b848-8e4fe5f5cfde","local_time":"20201228203232","is_ascension_mode":true,"campfire_choices":[{"data":"Noxious Fumes","floor":6,"key":"SMITH"},{"floor":13,"key":"REST"},{"data":"Cloak And Dagger","floor":15,"key":"SMITH"},{"data":"RitualDagger","floor":24,"key":"SMITH"},{"data":"Terror","floor":29,"key":"SMITH"},{"data":"Glass Knife","floor":32,"key":"SMITH"}],"circlet_count":0,"master_deck":["AscendersBane","Strike_G+1","Strike_G+1","Defend_G","Defend_G","Defend_G","Defend_G","Defend_G","Survivor","Neutralize","Noxious Fumes+1","Acrobatics","Finisher","Terror+1","Blade Dance","Unload+1","Cloak And Dagger+1","Backflip","Die Die Die","Burst+1","Cloak And Dagger+1","After Image+1","Slice+1","Glass Knife+1","Backstab","Adrenaline","RitualDagger+1","PiercingWail","Dash+1","After Image","Blur","Finisher+1"],"relics":["Ring of the Snake","WarpedTongs","Prayer Wheel","Anchor","CaptainsWheel","Bag of Preparation","Astrolabe","Red Mask","Pantograph","Whetstone","Nloth\u0027s Gift","Oddly Smooth Stone"],"acts_visited":["Exordium","TheCity"],"potions_floor_usage":[10,22],"damage_taken":[{"damage":0,"enemies":"Jaw Worm","floor":1,"turns":1},{"damage":0,"enemies":"Cultist","floor":3,"turns":1},{"damage":0,"enemies":"3 Sentries","floor":7,"turns":1},{"damage":7,"enemies":"Small Slimes","floor":8,"turns":3},{"damage":10,"enemies":"Gremlin Nob","floor":10,"turns":3},{"damage":0,"enemies":"Gremlin Gang","floor":12,"turns":3},{"damage":5,"enemies":"3 Louse","floor":14,"turns":2},{"damage":4,"enemies":"Slime Boss","floor":16,"turns":5},{"damage":0,"enemies":"3 Byrds","floor":18,"turns":4},{"damage":0,"enemies":"Masked Bandits","floor":22,"turns":3},{"damage":1,"enemies":"Slavers","floor":23,"turns":6},{"damage":2,"enemies":"Spheric Guardian","floor":27,"turns":5},{"damage":0,"enemies":"Snake Plant","floor":28,"turns":4},{"damage":0,"enemies":"Gremlin Leader","floor":31,"turns":5},{"damage":71,"enemies":"Collector","floor":33,"turns":9}],"seed_played":"-3171438040916974648","potions_obtained":[{"floor":1,"key":"ColorlessPotion"},{"floor":3,"key":"SteroidPotion"},{"floor":12,"key":"Fire Potion"},{"floor":18,"key":"AttackPotion"},{"floor":28,"key":"Ancient Potion"}],"is_trial":false,"path_per_floor":["M","?","M","?","$","R","E","M","T","E","?","M","R","M","R","B",null,"M","?","$","?","?","E","R","?","T","M","M","R","?","E","R","B"],"character_chosen":"THE_SILENT","items_purchased":["Adrenaline"],"campfire_rested":1,"item_purchase_floors":[20],"current_hp_per_floor":[59,59,59,59,59,59,59,52,52,42,22,22,41,36,36,32,58,58,58,58,52,52,51,51,51,51,49,49,49,49,49,49,0,0],"gold":189,"neow_bonus":"THREE_ENEMY_KILL","is_daily":false,"chose_seed":false,"campfire_upgraded":5,"win_rate":0.0,"timestamp":1609212752,"path_taken":["M","?","?","?","$","R","E","?","T","E","?","M","R","M","R","BOSS","M","?","$","?","?","E","R","?","T","M","M","R","?","E","R","BOSS"],"items_purchased_type":["Card"],"build_version":"2020-12-22","purchased_purges":1,"victory":false,"max_hp_per_floor":[66,66,66,66,66,66,66,66,66,66,66,66,66,66,66,66,66,66,66,66,66,66,66,66,66,66,66,66,66,66,66,66,66,66],"relic_stats":{"counters":[15,55],"Astrolabe":["Burst","Cloak And Dagger","After Image"],"Pantograph":17,"Prayer Wheel":6,"Bag of Preparation":[20],"Nloth\u0027s Gift":1,"Whetstone":["Strike_G","Slice"],"obtain_stats":[{"NeowsBlessing":0,"Astrolabe":17,"Oddly Smooth Stone":31,"Bag of Preparation":10,"Whetstone":26,"WarpedTongs":2,"Anchor":7,"CaptainsWheel":9,"Pantograph":23,"Prayer Wheel":4,"Red Mask":22,"Nloth\u0027s Gift":30,"Ring of the Snake":0},{"NeowsBlessing":0,"Astrolabe":8,"Oddly Smooth Stone":14,"Bag of Preparation":5,"Whetstone":11,"WarpedTongs":1,"Anchor":3,"CaptainsWheel":4,"Pantograph":11,"Prayer Wheel":2,"Red Mask":10,"Nloth\u0027s Gift":13,"Ring of the Snake":0},{"NeowsBlessing":0,"Astrolabe":19,"Oddly Smooth Stone":46,"Bag of Preparation":9,"Whetstone":32,"WarpedTongs":1,"Anchor":3,"CaptainsWheel":6,"Pantograph":32,"Prayer Wheel":2,"Red Mask":26,"Nloth\u0027s Gift":41,"Ring of the Snake":0}],"Ring of the Snake":[30],"WarpedTongs":[53]},"card_choices":[{"not_picked":["Masterful Stab","Underhanded Strike"],"picked":"Noxious Fumes","floor":1},{"not_picked":["Riddle With Holes","Predator"],"picked":"Acrobatics","floor":3},{"not_picked":["Choke","Endless Agony"],"picked":"Finisher","floor":7},{"not_picked":["Slice","Escape Plan"],"picked":"Terror","floor":8},{"not_picked":["Slice","Prepared"],"picked":"Blade Dance","floor":8},{"not_picked":["Eviscerate","Dagger Throw"],"picked":"Unload","floor":10},{"not_picked":["Deflect","Quick Slash"],"picked":"Cloak And Dagger","floor":12},{"not_picked":["Masterful Stab","Catalyst","Underhanded Strike"],"picked":"SKIP","floor":12},{"not_picked":["Calculated Gamble","Heel Hook"],"picked":"Backflip","floor":14},{"not_picked":["Underhanded Strike","Blade Dance","Setup"],"picked":"SKIP","floor":14},{"not_picked":["Glass Knife","Adrenaline"],"picked":"Die Die Die","floor":16},{"not_picked":["Blade Dance","Dodge and Roll"],"picked":"Slice","floor":18},{"not_picked":["Bane","Riddle With Holes"],"picked":"Glass Knife","floor":18},{"not_picked":["Distraction","Bouncing Flask"],"picked":"PiercingWail","floor":22},{"not_picked":["Crippling Poison","Flying Knee"],"picked":"Dash+1","floor":23},{"not_picked":["Deflect","Deadly Poison"],"picked":"After Image","floor":27},{"not_picked":["Finisher","Flying Knee"],"picked":"Blur","floor":27},{"not_picked":["Acrobatics","Dagger Spray"],"picked":"Finisher+1","floor":28},{"not_picked":["Cloak And Dagger","Bouncing Flask","Quick Slash"],"picked":"SKIP","floor":28},{"not_picked":["Choke","Venomology","Noxious Fumes"],"picked":"SKIP","floor":31}],"player_experience":704217,"relics_obtained":[{"floor":7,"key":"Anchor"},{"floor":9,"key":"CaptainsWheel"},{"floor":10,"key":"Bag of Preparation"},{"floor":22,"key":"Red Mask"},{"floor":23,"key":"Pantograph"},{"floor":26,"key":"Whetstone"},{"floor":31,"key":"Oddly Smooth Stone"}],"event_choices":[{"damage_healed":0,"gold_gain":0,"player_choice":"Rummage","damage_taken":0,"relics_obtained":["WarpedTongs"],"max_hp_gain":0,"max_hp_loss":0,"event_name":"Accursed Blacksmith","floor":2,"gold_loss":0,"cards_obtained":["Pain"]},{"damage_healed":0,"gold_gain":0,"player_choice":"Gave Potion","damage_taken":0,"relics_obtained":["Prayer Wheel"],"max_hp_gain":0,"max_hp_loss":0,"event_name":"WeMeetAgain","floor":4,"gold_loss":0},{"damage_healed":0,"gold_gain":0,"player_choice":"Entered Light","damage_taken":20,"max_hp_gain":0,"max_hp_loss":0,"event_name":"Shining Light","floor":11,"gold_loss":0,"cards_upgraded":["Unload","Strike_G"]},{"damage_healed":0,"gold_gain":0,"player_choice":"Read","damage_taken":0,"max_hp_gain":0,"max_hp_loss":0,"event_name":"The Library","floor":19,"gold_loss":0,"cards_obtained":["Backstab"]},{"damage_healed":0,"gold_gain":0,"player_choice":"Joined the Cult","damage_taken":6,"max_hp_gain":0,"max_hp_loss":0,"event_name":"Nest","floor":21,"gold_loss":0,"cards_obtained":["RitualDagger"]},{"damage_healed":0,"gold_gain":0,"player_choice":"Fought Bandits","damage_taken":0,"max_hp_gain":0,"max_hp_loss":0,"event_name":"Masked Bandits","floor":22,"gold_loss":0},{"damage_healed":0,"gold_gain":0,"player_choice":"Ignored","damage_taken":0,"max_hp_gain":0,"max_hp_loss":0,"event_name":"Ghosts","floor":25,"gold_loss":0},{"damage_healed":0,"gold_gain":0,"player_choice":"Traded Relic","damage_taken":0,"relics_obtained":["Nloth\u0027s Gift"],"max_hp_gain":0,"max_hp_loss":0,"event_name":"N\u0027loth","floor":30,"relics_lost":["NeowsBlessing"],"gold_loss":0}],"is_beta":false,"boss_relics":[{"not_picked":["Empty Cage","Calling Bell"],"picked":"Astrolabe"}],"items_purged_floors":[5],"is_endless":false,"potions_floor_spawned":[1,3,12,18,28,31],"killed_by":"Collector","ascension_level":20}}