{"host":"hi7fki77kkmhrce8","time":1609212669,"event":{"mods":["AchievementEnabler","Act Like it!","BaseMod","Beaked The Cultist","Colored Map","Colored Powertips","Downfall","Halation","Jedi Mod","Mad Scientist","Minty Spire (QoL Compilation)","Relic Stats","Replay The Spire","StSLib","SuperFastMode","The Construct","The Hierophant","The Servant 0.9.4"],"gold_per_floor":[112,130,143,143,493,525,718,718,718,745,745,765,783,91,91,91,91],"floor_reached":16,"playtime":594,"items_purged":["sneckomod:Bewildered"],"score":110,"play_id":"9afbea17-e20a-4860-84e0-b793dd20bb0b","local_time":"20201228223109","is_ascension_mode":false,"campfire_choices":[{"data":"Choke","floor":8,"key":"SMITH"},{"floor":11,"key":"REST"},{"floor":15,"key":"REST"}],"circlet_count":0,"master_deck":["Strike_G","Strike_G","Strike_G","Strike_G","Strike_G","Defend_G","Defend_G","Defend_G+1","Defend_G","Defend_G","Survivor","Neutralize","Cloak And Dagger","Choke+1","Acrobatics","Writhe","Hidden Blade","Hallucinations","Blade Dance","Sneak Up","Dodge and Roll","Endless Agony","Finisher+1","Hidden Blade+1","Footwork+1"],"relics":["Ring of the Snake","Ring of Greed","Ring of Panic","Golden Egg","Old Coin","Bottled Flame","Replay:PocketPolymizer","Letter Opener","jedi:shrinkray","Anchor","Strange Spoon"],"acts_visited":["Exordium"],"potions_floor_usage":[6],"damage_taken":[{"damage":3,"enemies":"Small Slimes","floor":1,"turns":3},{"damage":5,"enemies":"Jaw Worm","floor":2,"turns":5},{"damage":0,"enemies":"2 Louse","floor":3,"turns":3},{"damage":11,"enemies":"Gremlin Nob","floor":6,"turns":3},{"damage":34,"enemies":"Lagavulin","floor":10,"turns":6},{"damage":5,"enemies":"Looter","floor":12,"turns":3},{"damage":7,"enemies":"Blue Slaver","floor":13,"turns":3},{"damage":154,"enemies":"Fading Forest","floor":16,"turns":7}],"seed_played":"-7269973043199584095","potions_obtained":[{"floor":3,"key":"FearPotion"},{"floor":12,"key":"SkillPotion"},{"floor":13,"key":"Weak Potion"}],"is_trial":false,"path_per_floor":["M","M","M","?","?","E","?","R","T","E","R","M","M","$","R","B"],"character_chosen":"THE_SILENT","items_purchased":["jedi:shrinkray","Anchor","Strange Spoon","Finisher","Hidden Blade","Footwork"],"campfire_rested":2,"item_purchase_floors":[14,14,14,14,14,14],"current_hp_per_floor":[74,69,69,69,69,58,58,58,58,24,47,42,35,35,58,0,0],"gold":91,"neow_bonus":"TEN_PERCENT_HP_BONUS","is_daily":false,"chose_seed":false,"campfire_upgraded":1,"win_rate":0.0,"timestamp":1609212669,"path_taken":["M","M","M","?","?","E","?","R","T","E","R","M","M","$","R","BOSS"],"items_purchased_type":["Relic","Relic","Relic","Card","Card","Card"],"build_version":"2020-12-22","purchased_purges":1,"victory":false,"max_hp_per_floor":[77,77,77,77,77,77,77,77,77,77,77,77,77,77,77,77,77],"relic_stats":{"Strange Spoon":[9],"counters":[8,33],"Letter Opener":[25],"obtain_stats":[{"Golden Egg":5,"Strange Spoon":14,"Bottled Flame":6,"Anchor":14,"Replay:PocketPolymizer":9,"Ring of Greed":5,"Letter Opener":10,"Ring of Panic":5,"Ring of the Snake":0,"Old Coin":5,"jedi:shrinkray":14},{"Golden Egg":3,"Strange Spoon":7,"Bottled Flame":4,"Anchor":7,"Replay:PocketPolymizer":4,"Ring of Greed":3,"Letter Opener":5,"Ring of Panic":3,"Ring of the Snake":0,"Old Coin":3,"jedi:shrinkray":7},{"Golden Egg":11,"Strange Spoon":26,"Bottled Flame":14,"Anchor":26,"Replay:PocketPolymizer":14,"Ring of Greed":11,"Letter Opener":20,"Ring of Panic":11,"Ring of the Snake":0,"Old Coin":11,"jedi:shrinkray":26}],"Ring of the Snake":[16]},"card_choices":[{"not_picked":["ReplayTheSpireMod:The Works","Deadly Poison"],"picked":"Cloak And Dagger","floor":1},{"not_picked":["Eviscerate","Replay:Poison Smokescreen"],"picked":"Choke","floor":2},{"not_picked":["Underhanded Strike","All Out Attack"],"picked":"Acrobatics","floor":3},{"not_picked":["Finisher","Toxin Wave"],"picked":"Hidden Blade","floor":6},{"not_picked":["Flying Knee","Expertise"],"picked":"Blade Dance","floor":7},{"not_picked":["Deadly Poison","Glass Knife"],"picked":"Sneak Up","floor":10},{"not_picked":["Underhanded Strike","Toxin Wave"],"picked":"Dodge and Roll","floor":12},{"not_picked":["Cloak And Dagger","jedi:pocketpoison"],"picked":"Endless Agony","floor":13}],"player_experience":144703,"relics_obtained":[{"floor":5,"key":"Ring of Greed"},{"floor":5,"key":"Ring of Panic"},{"floor":5,"key":"Golden Egg"},{"floor":5,"key":"Old Coin"},{"floor":6,"key":"Bottled Flame"},{"floor":9,"key":"Replay:PocketPolymizer"},{"floor":10,"key":"Letter Opener"}],"event_choices":[],"is_beta":false,"boss_relics":[],"items_purged_floors":[14],"is_endless":false,"potions_floor_spawned":[3,12,13],"killed_by":"Fading Forest","ascension_level":0}}