{"host":"J","time":1609260231,"event":{"mods":["AchievementEnabler","BaseMod","Block Reminder","Highlight Path","Minty Spire (QoL Compilation)","Permanent Neow","Quick Restart","Relic Stats","UnlockEverythingMod"],"gold_per_floor":[212,212,232,382,70,70,70],"floor_reached":6,"playtime":755,"items_purged":["Doubt"],"score":68,"play_id":"971dd46a-1e63-4bf9-a98e-1be486b2aa15","local_time":"20201229174351","is_ascension_mode":true,"campfire_choices":[],"circlet_count":0,"master_deck":["AscendersBane","Strike_B","Strike_B","Strike_B","Strike_B","Defend_B","Defend_B","Defend_B","Defend_B","Zap","Dualcast","Barrage","Static Discharge","Capacitor"],"relics":["Cracked Core","Ancient Tea Set","PreservedInsect"],"acts_visited":["Exordium"],"potions_floor_usage":[],"damage_taken":[{"damage":1,"enemies":"Cultist","floor":1,"turns":3},{"damage":2,"enemies":"2 Louse","floor":3,"turns":2},{"damage":39,"enemies":"Gremlin Nob","floor":6,"turns":3}],"seed_played":"6713668752890414431","potions_obtained":[],"is_trial":false,"path_per_floor":["M","?","M","?","$","E"],"character_chosen":"DEFECT","items_purchased":["PreservedInsect","Capacitor"],"campfire_rested":0,"item_purchase_floors":[5,5],"current_hp_per_floor":[63,37,35,35,35,0,0],"gold":70,"neow_bonus":"HUNDRED_GOLD","is_daily":false,"chose_seed":false,"campfire_upgraded":0,"win_rate":0.0,"timestamp":1609260231,"path_taken":["M","?","M","?","$","E"],"items_purchased_type":["Relic","Card"],"build_version":"2020-12-18","purchased_purges":1,"victory":false,"max_hp_per_floor":[71,71,71,71,71,71,71],"relic_stats":{"counters":[3,8],"PreservedInsect":23,"obtain_stats":[{"PreservedInsect":5,"Cracked Core":0,"Ancient Tea Set":2},{"PreservedInsect":2,"Cracked Core":0,"Ancient Tea Set":1},{"PreservedInsect":5,"Cracked Core":0,"Ancient Tea Set":3}]},"card_choices":[{"not_picked":["Leap","Coolheaded"],"picked":"Barrage","floor":1},{"not_picked":["Darkness","Steam"],"picked":"Static Discharge","floor":3}],"player_experience":211742,"relics_obtained":[],"event_choices":[{"damage_healed":0,"gold_gain":0,"player_choice":"Success","damage_taken":26,"relics_obtained":["Ancient Tea Set"],"max_hp_gain":0,"max_hp_loss":0,"event_name":"Scrap Ooze","floor":2,"gold_loss":0},{"damage_healed":0,"gold_gain":150,"player_choice":"AGREE","damage_taken":0,"max_hp_gain":0,"max_hp_loss":0,"event_name":"Liars Game","floor":4,"gold_loss":0,"cards_obtained":["Doubt"]}],"is_beta":true,"boss_relics":[],"items_purged_floors":[5],"is_endless":false,"potions_floor_spawned":[],"killed_by":"Gremlin Nob","ascension_level":20}}