{"host":"uud874cul3w3k2ia","time":1609228273,"event":{"mods":["BaseMod","Block Reminder","Colored Map","Colored Powertips","Highlight Path","Infinite Spire","Minty Spire (QoL Compilation)","Permanent Neow","Quick Restart","Replay The Spire","StSLib"],"gold_per_floor":[116,116,191,247,264,264,8,8,8,8,24,36,36,47,47,145,145,156,169,94,9,9,38,38,38,111,126,126,144,162,86,86,86,86],"floor_reached":33,"playtime":1160,"items_purged":["ReplayTheSpireMod:Splinters"],"score":255,"play_id":"4971833f-266e-4341-8a4f-6004b04dc5c9","local_time":"20201229025113","is_ascension_mode":false,"campfire_choices":[{"data":"Iron Wave","floor":6.0,"key":"SMITH"},{"data":"ReplayTheSpireMod:Limb From Limb","floor":8.0,"key":"SMITH"},{"floor":10.0,"key":"REST"},{"data":"Immolate","floor":13.0,"key":"SMITH"},{"data":"infinitespire:Execution","floor":25.0,"key":"SMITH"},{"floor":28.0,"key":"REST"}],"circlet_count":0,"master_deck":["Strike_R","Strike_R","Strike_R","Defend_R","Defend_R","Defend_R","Defend_R","Bash","Limit Break+1","Heavy Blade","Ghostly Armor+1","Iron Wave+1","ReplayTheSpireMod:Limb From Limb+1","Immolate+1","Replay:Undeath\u0027s Touch","Seeing Red","Demon Form","Replay:Undeath\u0027s Touch","infinitespire:Execution+1","Replay:Undeath\u0027s Touch","Iron Wave+1","infinitespire:OneForAll"],"relics":["Burning Blood","Blood Vial","Ginger","SlaversCollar","Darkstone Periapt","Calipers"],"acts_visited":["Exordium","TheCity"],"potions_floor_usage":[33],"damage_taken":[{"damage":0.0,"enemies":"Small Slimes","floor":1.0,"turns":3.0},{"damage":4.0,"enemies":"Jaw Worm","floor":5.0,"turns":4.0},{"damage":1.0,"enemies":"2 Louse","floor":11.0,"turns":3.0},{"damage":0.0,"enemies":"Looter","floor":12.0,"turns":2.0},{"damage":2.0,"enemies":"Blue Slaver","floor":14.0,"turns":3.0},{"damage":66.0,"enemies":"Hexaghost","floor":16.0,"turns":10.0},{"damage":18.0,"enemies":"2 Thieves","floor":18.0,"turns":3.0},{"damage":17.0,"enemies":"Shell Parasite","floor":19.0,"turns":8.0},{"damage":34.0,"enemies":"Nightmare","floor":23.0,"turns":6.0},{"damage":31.0,"enemies":"3 Cultists","floor":27.0,"turns":5.0},{"damage":24.0,"enemies":"Centurion and Healer","floor":29.0,"turns":4.0},{"damage":32.0,"enemies":"Snake Plant","floor":30.0,"turns":3.0},{"damage":51,"enemies":"Automaton","floor":33,"turns":6}],"seed_played":"5839666947866527567","potions_obtained":[{"floor":4.0,"key":"FairyPotion"},{"floor":4.0,"key":"BlessingOfTheForge"},{"floor":4.0,"key":"Dexterity Potion"},{"floor":11.0,"key":"Ancient Potion"},{"floor":27.0,"key":"LiquidBronze"},{"floor":30.0,"key":"Elixir"}],"is_trial":false,"path_per_floor":["M","?","?","?","M","R","$","R","T","R","M","M","R","M","R_BF","B",null,"M","M","?","?","?","NM","$","R","T","M","R","M","M","$","R_BF","B"],"character_chosen":"IRONCLAD","items_purchased":["Blood Vial","ReplayTheSpireMod:Limb From Limb","DuplicationPotion"],"campfire_rested":2,"item_purchase_floors":[7,7,31],"current_hp_per_floor":[62,62,51,51,53,53,53,53,53,77,80,80,80,80,80,20,80,68,59,59,59,59,33,33,33,33,10,34,18,23,23,47,0,0],"gold":86,"neow_bonus":"THREE_RARE_CARDS","is_daily":false,"chose_seed":false,"campfire_upgraded":4,"win_rate":0.0,"timestamp":1609228273,"path_taken":["M","?","?","?","M","R","$","R","T","R","M","M","R","M","R_BF","BOSS","M","M","?","?","?","NM","?","R","T","M","R","M","M","$","R_BF","BOSS"],"items_purchased_type":["Relic","Card","Potion"],"build_version":"2020-12-22","purchased_purges":1,"victory":false,"max_hp_per_floor":[80,80,80,80,80,80,80,80,80,80,80,80,80,80,80,80,80,80,80,80,80,80,80,80,80,80,80,80,80,80,80,80,80,80],"card_choices":[{"not_picked":["Feed","Berserk"],"picked":"Limit Break","floor":0.0},{"not_picked":["Flex","Body Slam"],"picked":"Heavy Blade","floor":1.0},{"not_picked":["Twin Strike","Clash"],"picked":"Iron Wave","floor":4.0},{"not_picked":["Perfected Strike","True Grit","Flex"],"picked":"SKIP","floor":5.0},{"not_picked":["Battle Trance","ReplayTheSpireMod:Stacked"],"picked":"Immolate","floor":11.0},{"not_picked":["ReplayTheSpireMod:Corrosion Curse","Rupture"],"picked":"Replay:Undeath\u0027s Touch","floor":12.0},{"not_picked":["Disarm","Headbutt"],"picked":"Seeing Red","floor":14.0},{"not_picked":["Replay:Many Hands","Feed"],"picked":"Demon Form","floor":16.0},{"not_picked":["Cleave","ReplayTheSpireMod:Muscle Training","True Grit"],"picked":"SKIP","floor":18.0},{"not_picked":["Shrug It Off","Thunderclap+1"],"picked":"Replay:Undeath\u0027s Touch","floor":19.0},{"not_picked":["ReplayTheSpireMod:Black Plague","infinitespire:Menacing"],"picked":"infinitespire:Execution","floor":23.0},{"not_picked":["Headbutt","Flex"],"picked":"Replay:Undeath\u0027s Touch","floor":23.0},{"not_picked":["ReplayTheSpireMod:Stacked+1","Clothesline+1"],"picked":"Iron Wave+1","floor":27.0},{"not_picked":["Warcry+1","Cleave+1"],"picked":"infinitespire:OneForAll","floor":29.0},{"not_picked":["Headbutt","Intimidate+1","Second Wind"],"picked":"SKIP","floor":30.0}],"player_experience":75011,"relics_obtained":[{"floor":9.0,"key":"Ginger"},{"floor":23.0,"key":"Calipers"}],"event_choices":[{"damage_healed":0.0,"max_hp_gain":0.0,"max_hp_loss":0.0,"gold_gain":75.0,"event_name":"World of Goop","player_choice":"Gather Gold","floor":3.0,"gold_loss":0.0,"damage_taken":11.0},{"cards_removed":["Evolve"],"damage_healed":0.0,"max_hp_gain":0.0,"max_hp_loss":0.0,"gold_gain":0.0,"event_name":"Beggar","player_choice":"Gave Gold","floor":20.0,"gold_loss":75.0,"damage_taken":0.0},{"damage_healed":0.0,"max_hp_gain":0.0,"max_hp_loss":0.0,"gold_gain":0.0,"event_name":"Addict","player_choice":"Obtained Relic","floor":21.0,"gold_loss":85.0,"damage_taken":0.0,"relics_obtained":["Darkstone Periapt"]}],"is_beta":false,"boss_relics":[{"not_picked":["Painkiller Herb","Velvet Choker"],"picked":"SlaversCollar"}],"items_purged_floors":[7],"is_endless":false,"potions_floor_spawned":[11,12,27,30],"killed_by":"Automaton","ascension_level":0}}