{"host":"ayh4nqhr0ddw4ozv","time":1609211758,"event":{"mods":["BaseMod","Minty Spire (QoL Compilation)","Relic Stats","Robot Space Explorer","StSLib"],"gold_per_floor":[114,189,205,15,35,63,63,63,63,37,37,70,70,81,81,81,81],"floor_reached":16,"playtime":718,"items_purged":[],"score":182,"play_id":"ed27f7f9-cd7b-4f11-9594-eaf6cead60dc","local_time":"20201228191558","is_ascension_mode":true,"campfire_choices":[{"data":"RobotSpaceExplorer:Blitz","floor":7,"key":"SMITH"},{"floor":11,"key":"REST"},{"data":"1","floor":13,"key":"LIFT"},{"data":"2","floor":15,"key":"LIFT"}],"circlet_count":0,"master_deck":["AscendersBane","RobotSpaceExplorer:Strike","RobotSpaceExplorer:Strike","RobotSpaceExplorer:Strike","RobotSpaceExplorer:Strike","RobotSpaceExplorer:Defend","RobotSpaceExplorer:Defend","RobotSpaceExplorer:Defend","RobotSpaceExplorer:Scan","RobotSpaceExplorer:MiniLasers","Master of Strategy","RobotSpaceExplorer:FreezingShield","RobotSpaceExplorer:SurgingShield","RobotSpaceExplorer:Blitz+1","RobotSpaceExplorer:ShockKick","RobotSpaceExplorer:JunkDive","RobotSpaceExplorer:RigExplosive"],"relics":["RobotSpaceExplorer:RoboCore","Membership Card","Girya","The Courier","Bag of Marbles"],"acts_visited":["Exordium"],"potions_floor_usage":[6,12,12,16,16],"damage_taken":[{"damage":0,"enemies":"Jaw Worm","floor":1,"turns":6},{"damage":0,"enemies":"2 Louse","floor":3,"turns":4},{"damage":0,"enemies":"Small Slimes","floor":5,"turns":4},{"damage":23,"enemies":"Lagavulin","floor":6,"turns":6},{"damage":12,"enemies":"Exordium Thugs","floor":10,"turns":5},{"damage":5,"enemies":"Gremlin Nob","floor":12,"turns":5},{"damage":0,"enemies":"Blue Slaver","floor":14,"turns":3},{"damage":35,"enemies":"The Guardian","floor":16,"turns":16}],"seed_played":"5695440448671742551","potions_obtained":[{"floor":6,"key":"Weak Potion"},{"floor":10,"key":"PowerPotion"},{"floor":12,"key":"Fruit Juice"}],"is_trial":false,"path_per_floor":["M","?","M","$","M","E","R","?","T","M","R","E","R","M","R","B"],"character_chosen":"RobotSpaceExplorer","items_purchased":["Membership Card","RobotSpaceExplorer:PlasmaFlask"],"campfire_rested":1,"item_purchase_floors":[4,4],"current_hp_per_floor":[68,57,57,57,57,34,34,27,27,15,35,30,30,30,30,0,0],"gold":81,"neow_bonus":"RANDOM_COLORLESS_2","is_daily":false,"chose_seed":false,"campfire_upgraded":1,"win_rate":0.0,"timestamp":1609211758,"path_taken":["M","?","M","$","M","E","R","?","T","M","R","E","R","M","R","BOSS"],"items_purchased_type":["Relic","Potion"],"build_version":"2020-12-22","purchased_purges":0,"victory":false,"max_hp_per_floor":[68,68,68,68,68,68,68,68,68,68,68,68,68,68,68,73,73],"relic_stats":{"counters":[8,49],"obtain_stats":[{"Girya":6,"RobotSpaceExplorer:RoboCore":0,"The Courier":9,"Bag of Marbles":12,"Membership Card":4},{"Girya":4,"RobotSpaceExplorer:RoboCore":0,"The Courier":4,"Bag of Marbles":6,"Membership Card":2},{"Girya":20,"RobotSpaceExplorer:RoboCore":0,"The Courier":20,"Bag of Marbles":30,"Membership Card":10}]},"card_choices":[{"not_picked":["The Bomb","Secret Technique"],"picked":"Master of Strategy","floor":0},{"not_picked":["RobotSpaceExplorer:FreezeRay","RobotSpaceExplorer:Discharger"],"picked":"RobotSpaceExplorer:FreezingShield","floor":1},{"not_picked":["RobotSpaceExplorer:JunkDive","RobotSpaceExplorer:ShockKick"],"picked":"RobotSpaceExplorer:SurgingShield","floor":3},{"not_picked":["RobotSpaceExplorer:FranticSearch","RobotSpaceExplorer:TurboDodge"],"picked":"RobotSpaceExplorer:Blitz","floor":5},{"not_picked":["RobotSpaceExplorer:DoubleBlock","RobotSpaceExplorer:SurgingStrike"],"picked":"RobotSpaceExplorer:ShockKick","floor":6},{"not_picked":["RobotSpaceExplorer:Reload","RobotSpaceExplorer:Probe","RobotSpaceExplorer:SlimeMissile"],"picked":"SKIP","floor":10},{"not_picked":["RobotSpaceExplorer:SurgingStrike","RobotSpaceExplorer:Jetpack"],"picked":"RobotSpaceExplorer:JunkDive","floor":12},{"not_picked":["RobotSpaceExplorer:Pulsar","RobotSpaceExplorer:ShovelStrike"],"picked":"RobotSpaceExplorer:RigExplosive","floor":14}],"player_experience":264336,"relics_obtained":[{"floor":6,"key":"Girya"},{"floor":9,"key":"The Courier"},{"floor":12,"key":"Bag of Marbles"}],"event_choices":[{"damage_healed":0,"gold_gain":75,"player_choice":"Gather Gold","damage_taken":11,"max_hp_gain":0,"max_hp_loss":0,"event_name":"World of Goop","floor":2,"gold_loss":0},{"cards_removed":["RobotSpaceExplorer:Defend"],"damage_healed":0,"gold_gain":0,"player_choice":"Card Removal","damage_taken":7,"max_hp_gain":0,"max_hp_loss":0,"event_name":"Golden Wing","floor":8,"gold_loss":0}],"is_beta":false,"boss_relics":[],"items_purged_floors":[],"is_endless":false,"potions_floor_spawned":[6,10,12],"killed_by":"The Guardian","ascension_level":13}}