{"host":"vumwfieg2b2mnrfl","time":1609203829,"event":{"mods":["AchievementEnabler","BaseMod","Minty Spire (QoL Compilation)","Rare Cards Sparkle","Relic Stats"],"gold_per_floor":[117,135,135,147,167,202,229,241,279,310,322,360,383,395,395],"floor_reached":14,"playtime":536,"items_purged":[],"score":172,"play_id":"adba98cd-35b8-4f24-b983-7953c10c3b6a","local_time":"20201228190349","is_ascension_mode":true,"campfire_choices":[{"floor":11,"key":"REST"}],"circlet_count":0,"master_deck":["AscendersBane","Strike_G","Strike_G","Strike_G","Strike_G","Strike_G","Defend_G","Defend_G","Defend_G","Defend_G+1","Defend_G","Survivor","Neutralize","Poisoned Stab","Dagger Throw","Regret","Leg Sweep","Poisoned Stab","Escape Plan+1","PiercingWail","Normality","Deadly Poison"],"relics":["Cursed Key","Mercury Hourglass","MawBank","Pen Nib","War Paint"],"acts_visited":["Exordium"],"potions_floor_usage":[14],"damage_taken":[{"damage":4.0,"enemies":"2 Louse","floor":1.0,"turns":3.0},{"damage":0.0,"enemies":"Jaw Worm","floor":2.0,"turns":5.0},{"damage":0.0,"enemies":"Cultist","floor":4.0,"turns":3.0},{"damage":4.0,"enemies":"Large Slime","floor":5.0,"turns":5.0},{"damage":33.0,"enemies":"3 Sentries","floor":6.0,"turns":8.0},{"damage":4.0,"enemies":"2 Fungi Beasts","floor":7.0,"turns":3.0},{"damage":6,"enemies":"Exordium Wildlife","floor":10,"turns":3},{"damage":15,"enemies":"Lagavulin","floor":12,"turns":8},{"damage":0,"enemies":"Exordium Thugs","floor":13,"turns":3},{"damage":25,"enemies":"Gremlin Nob","floor":14,"turns":4}],"seed_played":"-8120509536137181358","potions_obtained":[{"floor":1.0,"key":"Weak Potion"},{"floor":5.0,"key":"EssenceOfSteel"},{"floor":12,"key":"AttackPotion"}],"is_trial":false,"path_per_floor":["M","M","?","M","M","E","M","?","T","M","R","E","M","E"],"character_chosen":"THE_SILENT","items_purchased":[],"campfire_rested":1,"item_purchase_floors":[],"current_hp_per_floor":[59,59,59,59,55,22,18,18,18,12,33,18,18,0,0],"gold":395,"neow_bonus":"BOSS_RELIC","is_daily":false,"chose_seed":false,"campfire_upgraded":0,"win_rate":0.0,"timestamp":1609203829,"path_taken":["M","M","?","M","M","E","M","?","T","?","R","E","M","E"],"items_purchased_type":[],"build_version":"2020-12-22","purchased_purges":0,"victory":false,"max_hp_per_floor":[70,70,70,70,70,70,70,70,70,70,70,70,70,70,70],"relic_stats":{"counters":[10,44],"Pen Nib":[3],"War Paint":["Escape Plan","Defend_G"],"Cursed Key":1,"MawBank":96,"obtain_stats":[{"Pen Nib":9,"War Paint":12,"Cursed Key":0,"MawBank":6,"Ring of the Snake":0,"Mercury Hourglass":3},{"Pen Nib":6,"War Paint":8,"Cursed Key":0,"MawBank":5,"Ring of the Snake":0,"Mercury Hourglass":2},{"Pen Nib":26,"War Paint":37,"Cursed Key":0,"MawBank":23,"Ring of the Snake":0,"Mercury Hourglass":8}],"Mercury Hourglass":[147]},"card_choices":[{"not_picked":["Setup","Slice"],"picked":"Poisoned Stab","floor":1.0},{"not_picked":["Calculated Gamble","Underhanded Strike"],"picked":"Dagger Throw","floor":2.0},{"not_picked":["Outmaneuver","Bane"],"picked":"Leg Sweep","floor":4.0},{"not_picked":["Deflect","Dagger Throw"],"picked":"Poisoned Stab","floor":5.0},{"not_picked":["PiercingWail","Endless Agony"],"picked":"Escape Plan","floor":6.0},{"not_picked":["Bullet Time","Flying Knee"],"picked":"PiercingWail","floor":7.0},{"not_picked":["Masterful Stab","Deflect"],"picked":"Deadly Poison","floor":10},{"not_picked":["Flying Knee","Sucker Punch","Tactician"],"picked":"SKIP","floor":12},{"not_picked":["Skewer","Blade Dance","Deflect"],"picked":"SKIP","floor":13}],"player_experience":325873,"relics_obtained":[{"floor":6.0,"key":"MawBank"},{"floor":9,"key":"Pen Nib"},{"floor":12,"key":"War Paint"}],"event_choices":[{"damage_healed":0.0,"max_hp_gain":0.0,"max_hp_loss":0.0,"gold_gain":0.0,"event_name":"Big Fish","player_choice":"Box","floor":3.0,"gold_loss":0.0,"damage_taken":0.0,"relics_obtained":["Mercury Hourglass"],"cards_obtained":["Regret"]},{"damage_healed":0,"gold_gain":0,"player_choice":"Leave","damage_taken":0,"max_hp_gain":0,"max_hp_loss":0,"event_name":"FaceTrader","floor":8,"gold_loss":0}],"is_beta":false,"boss_relics":[],"items_purged_floors":[],"is_endless":false,"potions_floor_spawned":[1,5,10,12],"killed_by":"Gremlin Nob","ascension_level":13}}