{"host":"8w54i48wcuneocjq","time":1609273757,"event":{"mods":["2.2 Compatiblity","AchievementEnabler","BaseMod","DeckTracker","Minty Spire (QoL Compilation)","Random Character Button","Rare Cards Sparkle"],"gold_per_floor":[118,131,56,66,66,101,101,1,1,12,12,31,31,31,31,132,132,149,163,78,78,92,92,42,42,65,65,30,47,47,66,66,161,161,173,173,173],"floor_reached":36,"playtime":1386,"items_purged":["Defend_P","Strike_P"],"score":364,"play_id":"89487fd1-0c5c-417a-bb9d-9fa5123aeaa4","local_time":"20201229212917","is_ascension_mode":false,"campfire_choices":[{"floor":7,"key":"REST"},{"floor":11,"key":"REST"},{"data":"Establishment","floor":15,"key":"SMITH"},{"data":"MasterReality","floor":23,"key":"SMITH"},{"data":"Pain","floor":27,"key":"PURGE"},{"data":"BattleHymn","floor":30,"key":"SMITH"},{"floor":32,"key":"REST"}],"circlet_count":0,"master_deck":["Strike_P+1","Strike_P+1","Strike_P","Defend_P","Defend_P","Defend_P+1","Eruption+1","Vigilance+1","ThirdEye","Consecrate","ReachHeaven","Protect","Establishment+1","MasterReality+1","Writhe","BattleHymn+1","SandsOfTime","LessonLearned"],"relics":["PureWater","NeowsBlessing","Bird Faced Urn","Peace Pipe","Cursed Key","Ornamental Fan","Lantern","War Paint"],"acts_visited":["Exordium","TheCity","TheBeyond"],"potions_floor_usage":[16,25,33,33,36],"damage_taken":[{"damage":0,"enemies":"Cultist","floor":1,"turns":1},{"damage":0,"enemies":"Small Slimes","floor":2,"turns":1},{"damage":0,"enemies":"Jaw Worm","floor":4,"turns":1},{"damage":53,"enemies":"Lagavulin","floor":6,"turns":9},{"damage":6,"enemies":"3 Louse","floor":10,"turns":3},{"damage":7,"enemies":"2 Fungi Beasts","floor":12,"turns":3},{"damage":18,"enemies":"The Guardian","floor":16,"turns":9},{"damage":7,"enemies":"Shell Parasite","floor":18,"turns":4},{"damage":10,"enemies":"Spheric Guardian","floor":19,"turns":4},{"damage":21,"enemies":"3 Cultists","floor":22,"turns":6},{"damage":0,"enemies":"Centurion and Healer","floor":25,"turns":1},{"damage":9,"enemies":"Sentry and Sphere","floor":29,"turns":4},{"damage":10,"enemies":"Chosen and Byrds","floor":31,"turns":5},{"damage":52,"enemies":"Champ","floor":33,"turns":10},{"damage":35,"enemies":"Orb Walker","floor":35,"turns":6},{"damage":47,"enemies":"3 Darklings","floor":36,"turns":3}],"seed_played":"-7965486060864207747","potions_obtained":[{"floor":1,"key":"BlessingOfTheForge"},{"floor":4,"key":"SkillPotion"},{"floor":16,"key":"SmokeBomb"},{"floor":19,"key":"LiquidMemories"},{"floor":31,"key":"Weak Potion"}],"is_trial":false,"path_per_floor":["M","M","$","M","?","E","R","$","T","M","R","M","?","?","R","B",null,"M","M","?","?","M","R","?","M","T","R","$","M","R","M","R","B",null,"M","M"],"character_chosen":"WATCHER","items_purchased":["BattleHymn"],"campfire_rested":3,"item_purchase_floors":[28],"current_hp_per_floor":[72,72,72,72,72,19,40,40,40,34,55,48,72,58,58,42,72,65,59,59,59,42,42,42,42,42,42,42,39,39,35,56,10,72,37,0,0],"gold":173,"neow_bonus":"THREE_ENEMY_KILL","is_daily":false,"chose_seed":false,"campfire_upgraded":3,"win_rate":0.0,"timestamp":1609273757,"path_taken":["M","?","$","M","?","E","R","$","T","M","R","M","?","?","R","BOSS","M","M","?","?","M","R","?","M","T","R","$","?","R","M","R","BOSS","M","M"],"items_purchased_type":["Card"],"build_version":"2020-12-22","purchased_purges":2,"victory":false,"max_hp_per_floor":[72,72,72,72,72,72,72,72,72,72,72,72,72,72,72,72,72,72,72,72,72,72,72,72,72,72,72,72,72,72,72,72,72,72,72,72,72],"card_choices":[{"not_picked":["Adaptation","Protect"],"picked":"ThirdEye","floor":1},{"not_picked":["FlurryOfBlows","Adaptation","Vengeance"],"picked":"SKIP","floor":2},{"not_picked":["BowlingBash","Weave"],"picked":"Consecrate","floor":4},{"not_picked":["SignatureMove","ClearTheMind"],"picked":"ReachHeaven","floor":6},{"not_picked":["InnerPeace","Vengeance"],"picked":"Protect","floor":10},{"not_picked":["ClearTheMind","BowlingBash"],"picked":"Establishment","floor":12},{"not_picked":["ConjureBlade","Brilliance"],"picked":"MasterReality","floor":16},{"not_picked":["CrushJoints","FlyingSleeves","EmptyBody"],"picked":"SKIP","floor":18},{"not_picked":["CutThroughFate","EmptyMind+1","Pray"],"picked":"SKIP","floor":19},{"not_picked":["EmptyBody","CrushJoints","SashWhip"],"picked":"SKIP","floor":22},{"not_picked":["PathToVictory","ClearTheMind"],"picked":"SandsOfTime","floor":29},{"not_picked":["ConjureBlade","SashWhip","SignatureMove+1"],"picked":"SKIP","floor":31},{"not_picked":["DeusExMachina","Vault"],"picked":"LessonLearned","floor":33},{"not_picked":["Halt+1","Pray+1","FlyingSleeves"],"picked":"SKIP","floor":35}],"player_experience":9490,"relics_obtained":[{"floor":6,"key":"Bird Faced Urn"},{"floor":9,"key":"Peace Pipe"},{"floor":26,"key":"War Paint"}],"event_choices":[{"damage_healed":0,"gold_gain":0,"player_choice":"Grow","damage_taken":0,"max_hp_gain":0,"max_hp_loss":0,"event_name":"Living Wall","floor":5,"gold_loss":0,"cards_upgraded":["Eruption"]},{"damage_healed":24,"gold_gain":0,"player_choice":"Banana","damage_taken":0,"max_hp_gain":0,"max_hp_loss":0,"event_name":"Big Fish","floor":13,"gold_loss":0},{"damage_healed":0,"gold_gain":0,"player_choice":"Entered Light","damage_taken":14,"max_hp_gain":0,"max_hp_loss":0,"event_name":"Shining Light","floor":14,"gold_loss":0,"cards_upgraded":["Strike_P","Strike_P"]},{"damage_healed":0,"gold_gain":0,"player_choice":"Obtained Relic","damage_taken":0,"relics_obtained":["Ornamental Fan"],"max_hp_gain":0,"max_hp_loss":0,"event_name":"Addict","floor":20,"gold_loss":85},{"damage_healed":0,"gold_gain":0,"player_choice":"Opened","damage_taken":0,"relics_obtained":["Lantern"],"max_hp_gain":0,"max_hp_loss":0,"event_name":"The Mausoleum","floor":21,"gold_loss":0,"cards_obtained":["Writhe"]},{"damage_healed":0,"gold_gain":0,"player_choice":"Bet on Owner","damage_taken":0,"max_hp_gain":0,"max_hp_loss":0,"event_name":"The Joust","floor":24,"gold_loss":50}],"is_beta":false,"boss_relics":[{"not_picked":["Coffee Dripper","VioletLotus"],"picked":"Cursed Key"},{"not_picked":["Astrolabe","Sozu","Velvet Choker"]}],"items_purged_floors":[3,8],"is_endless":false,"potions_floor_spawned":[1,4,16,19,31],"killed_by":"3 Darklings","ascension_level":0}}