{"host":"nukjzc0ca34w6eem","time":1609232688,"event":{"mods":["2.2 Compatiblity","AchievementEnabler","BaseMod","Colored Powertips","Downfall","Minty Spire (QoL Compilation)","StSLib"],"gold_per_floor":[99,99,99,99,99,114,137,151,163,193,193,228,228,240,253,354,354,354,373,373,140,160,160,212,212,244,244,394,459,469,499,511,613,663,663,682,695,708,756,756,756,773,773,548,568,603,621,202,220,220,220,251,25,25,25],"floor_reached":56,"playtime":4481,"items_purged":["Slimebound:Defend_Slimebound","Slimebound:Tackle","Slimebound:Strike_Slimebound"],"score":1823,"play_id":"30f9d085-6818-45ef-a6ff-65006c3a9972","local_time":"20201229010448","is_ascension_mode":true,"campfire_choices":[{"data":"Slimebound:Split","floor":1.0,"key":"SMITH"},{"data":"Slimebound:HauntingLick","floor":13.0,"key":"SMITH"},{"data":"Slimebound:CorrosiveSpit","floor":18.0,"key":"SMITH"},{"data":"Slimebound:Grow","floor":23.0,"key":"SMITH"},{"data":"Slimebound:LivingWall","floor":25.0,"key":"SMITH"},{"floor":27,"key":"RECALL"},{"data":"Slimebound:RejuvenatingLick","floor":35,"key":"SMITH"},{"data":"Slimebound:AcidTongue","floor":40,"key":"SMITH"},{"data":"Slimebound:Darklings","floor":44,"key":"SMITH"},{"data":"Slimebound:WasteNot","floor":54,"key":"SMITH"}],"circlet_count":0,"master_deck":["Slimebound:Defend_Slimebound","Slimebound:Split+1","Slimebound:CorrosiveSpit+1","Slimebound:PressTheAttack","Slimebound:SplitLeeching","Slimebound:Schlurp","Slimebound:LeechingTouch","Slimebound:RollThrough","Slimebound:HauntingLick+1","Slimebound:OozeBath","Slimebound:Repurpose+1","Slimebound:SplitMire","Slimebound:OneTwoCombo","Slimebound:GoopSpray+1","Slimebound:ComboTackle+1","Slimebound:SplitBruiser+1","Slimebound:Grow+1","Slimebound:LivingWall+1","Slimebound:AcidTongue+1","Slimebound:OozeBath","Slimebound:SplitMire","Slimebound:HungryTackle","Slimebound:OneTwoCombo","Slimebound:SamplingLick+1","Slimebound:SplitMire+1","Slimebound:LevelUp","Slimebound:SplitAcid","Slimebound:LevelUp+1","Slimebound:OneTwoCombo+1","Slimebound:RejuvenatingLick+1","Slimebound:SplitLeeching+1","Slimebound:TongueLash+1","Slimebound:Darklings+1","Slimebound:Recollect","Slimebound:SlimeTap","Slimebound:SlimeBarrage+1","Slimebound:WasteNot+1","Slimebound:Darklings+1","Slimebound:SplitMire"],"relics":["Slimebound:AbsorbEndCombat","downfall:HeartsMalice","Calipers","Slimebound:MaxSlimesRelic","Letter Opener","Astrolabe","Orrery","Bag of Preparation","Bottled Lightning","Lantern","Molten Egg 2","Tiny House","CaptainsWheel","downfall:HeartBlessingRed","downfall:HeartBlessingGreen","downfall:HeartBlessingBlue","Oddly Smooth Stone","Strawberry","Guardian:BottledAnomaly","Happy Flower","DollysMirror"],"acts_visited":["Exordium","TheCity","TheBeyond","TheEnding"],"potions_floor_usage":[26,37,42,52,55,55,55],"damage_taken":[{"damage":0.0,"enemies":"Jaw Worm","floor":2.0,"turns":1.0},{"damage":0.0,"enemies":"Cultist","floor":3.0,"turns":1.0},{"damage":0.0,"enemies":"Small Slimes","floor":4.0,"turns":1.0},{"damage":31.0,"enemies":"Exordium Thugs","floor":6.0,"turns":4.0},{"damage":12.0,"enemies":"Large Slime","floor":8.0,"turns":5.0},{"damage":19.0,"enemies":"Exordium Wildlife","floor":9.0,"turns":3.0},{"damage":25.0,"enemies":"Lagavulin","floor":10.0,"turns":5.0},{"damage":34.0,"enemies":"Gremlin Nob","floor":12.0,"turns":4.0},{"damage":8.0,"enemies":"2 Fungi Beasts","floor":14.0,"turns":2.0},{"damage":9.0,"enemies":"Blue Slaver","floor":15.0,"turns":2.0},{"damage":25.0,"enemies":"downfall:Watcher","floor":16.0,"turns":6.0},{"damage":26.0,"enemies":"Chosen","floor":19.0,"turns":3.0},{"damage":28.0,"enemies":"downfall:FleeingMerchant","floor":21.0,"turns":4.0},{"damage":18.0,"enemies":"Centurion and Healer","floor":22.0,"turns":2.0},{"damage":16,"enemies":"Book of Stabbing","floor":26,"turns":3},{"damage":28,"enemies":"downfall:FleeingMerchant","floor":29,"turns":3},{"damage":18,"enemies":"Cultist and Chosen","floor":30,"turns":2},{"damage":16,"enemies":"Slavers","floor":31,"turns":3},{"damage":8,"enemies":"Snake Plant","floor":32,"turns":1},{"damage":59,"enemies":"downfall:Ironclad","floor":33,"turns":3},{"damage":11,"enemies":"Orb Walker","floor":36,"turns":1},{"damage":16,"enemies":"3 Darklings","floor":37,"turns":2},{"damage":46,"enemies":"Transient","floor":38,"turns":5},{"damage":40,"enemies":"2 Orb Walkers","floor":39,"turns":2},{"damage":20,"enemies":"Writhing Mass","floor":42,"turns":3},{"damage":12,"enemies":"4 Shapes","floor":45,"turns":2},{"damage":32,"enemies":"Giant Head","floor":46,"turns":4},{"damage":12,"enemies":"Sphere and 2 Shapes","floor":47,"turns":1},{"damage":16,"enemies":"Jaw Worm Horde","floor":49,"turns":2},{"damage":24,"enemies":"downfall:Defect","floor":50,"turns":3},{"damage":41,"enemies":"downfall:CharBossMerchant","floor":52,"turns":3},{"damage":114,"enemies":"downfall:NeowBoss","floor":55,"turns":16}],"seed_played":"-6525423532648881976","potions_obtained":[{"floor":6.0,"key":"LiquidMemories"},{"floor":9.0,"key":"PowerPotion"},{"floor":12.0,"key":"EssenceOfSteel"},{"floor":14.0,"key":"DuplicationPotion"},{"floor":19.0,"key":"Explosive Potion"},{"floor":30,"key":"Dexterity Potion"},{"floor":31,"key":"DistilledChaos"},{"floor":34,"key":"Slimebound:SpawnSlimePotion"},{"floor":37,"key":"SteroidPotion"},{"floor":45,"key":"SkillPotion"},{"floor":49,"key":"ColorlessPotion"}],"is_trial":false,"path_per_floor":["R","M","M","M","?","M","T","M","M","E","T","E","R","M","M","B",null,"R","M","?","$","M","R","T","R","E","R","?","$","M","E","M","B",null,"R","M","M","M","?","R","T","M","?","R","M","E","M","$","M","B",null,"E","$","R","B",null],"character_chosen":"SLIMEBOUND","items_purchased":["Orrery","Lantern","Strawberry","Guardian:BottledAnomaly","PowerPotion","DollysMirror","Slimebound:SplitMire"],"campfire_rested":0,"item_purchase_floors":[21,29,48,48,53,53,53],"current_hp_per_floor":[54,54,54,54,54,43,43,53,56,51,51,39,39,43,46,57,59,59,60,60,56,56,56,56,56,60,60,60,60,60,60,60,37,59,59,65,65,65,51,51,51,63,63,73,75,75,75,82,82,80,82,80,80,80,80],"gold":25,"neow_bonus":"THREE_ENEMY_KILL","is_daily":false,"chose_seed":false,"campfire_upgraded":9,"win_rate":0.0,"timestamp":1609232688,"path_taken":["R","M","M","M","?","M","T","M","?","E","?","E","R","?","M","BOSS","R","?","?","$","M","R","T","R","E","R","?","$","?","E","M","BOSS","R","M","M","M","?","R","T","M","?","R","M","E","M","?","M","BOSS","E","$","R","BOSS"],"items_purchased_type":["Relic","Relic","Relic","Relic","Potion","Relic","Card"],"build_version":"2020-12-22","purchased_purges":3,"victory":true,"max_hp_per_floor":[60,60,60,60,60,60,60,60,60,60,60,60,60,60,60,60,60,60,60,60,60,60,60,60,60,60,60,60,60,60,60,60,60,65,65,65,65,65,65,65,65,65,65,75,75,75,75,82,82,82,82,82,82,82,82],"card_choices":[{"not_picked":["Slimebound:LeechEnergy","Slimebound:SlimeSpikes"],"picked":"Slimebound:PressTheAttack","floor":2.0},{"not_picked":["Slimebound:ItLooksTasty","Slimebound:SplitAcid"],"picked":"Slimebound:SplitLeeching","floor":3.0},{"not_picked":["Slimebound:SplitAcid","Slimebound:RainOfGoop"],"picked":"Slimebound:Schlurp","floor":4.0},{"not_picked":["Slimebound:ProtectTheBoss","Slimebound:LeechEnergy"],"picked":"Slimebound:LeechingTouch","floor":6.0},{"not_picked":["Slimebound:LeechingTouch","Slimebound:Chomp"],"picked":"Slimebound:RollThrough","floor":8.0},{"not_picked":["Slimebound:SamplingLick","Slimebound:SplitLeeching"],"picked":"Slimebound:HauntingLick","floor":9.0},{"not_picked":["Slimebound:LeechingTouch","Slimebound:SplitAcid"],"picked":"Slimebound:OozeBath","floor":10.0},{"not_picked":["Slimebound:SplitLeeching","Slimebound:ViciousTackle","Slimebound:SlimeTap"],"picked":"SKIP","floor":12.0},{"not_picked":["Slimebound:Schlurp","Slimebound:PressTheAttack"],"picked":"Slimebound:Repurpose","floor":14.0},{"not_picked":["Slimebound:ItLooksTasty","Slimebound:SamplingLick"],"picked":"Slimebound:SplitMire","floor":15.0},{"not_picked":["Slimebound:OozeBath","Slimebound:Teamwork"],"picked":"Slimebound:OneTwoCombo","floor":16.0},{"not_picked":["Slimebound:ComboTackle+1","Slimebound:PressTheAttack"],"picked":"Slimebound:Grow","floor":19.0},{"not_picked":["Slimebound:Dissolve","Slimebound:SamplingLick"],"picked":"Slimebound:LivingWall","floor":21.0},{"not_picked":["Slimebound:LivingWall+1","Slimebound:HungryTackle"],"picked":"Slimebound:AcidTongue","floor":21.0},{"not_picked":["Slimebound:PressTheAttack+1","Slimebound:GrowthPunch+1"],"picked":"Slimebound:OozeBath","floor":21.0},{"not_picked":["Slimebound:LeechingTouch","Slimebound:RollThrough"],"picked":"Slimebound:SplitMire","floor":21.0},{"not_picked":["Slimebound:LeechEnergy","Slimebound:FinishingTackle"],"picked":"Slimebound:HungryTackle","floor":21.0},{"not_picked":["Slimebound:SamplingLick","Slimebound:ViciousTackle+1"],"picked":"Slimebound:OneTwoCombo","floor":21.0},{"not_picked":["Slimebound:SplitMire+1","Slimebound:SplitBruiser"],"picked":"Slimebound:SamplingLick+1","floor":22.0},{"not_picked":["Slimebound:LivingWall+1","Slimebound:SplitBruiser"],"picked":"Slimebound:SplitMire+1","floor":26},{"not_picked":["Slimebound:LeechEnergy+1","Slimebound:PressTheAttack+1","Slimebound:GrowthPunch"],"picked":"SKIP","floor":29},{"not_picked":["Slimebound:LeechingTouch","Slimebound:SlimeSpikes"],"picked":"Slimebound:LevelUp","floor":30},{"not_picked":["Slimebound:FormOfPuddle","Slimebound:Nibble+1"],"picked":"Slimebound:SplitAcid","floor":31},{"not_picked":["Slimebound:LeechEnergy+1","Slimebound:Teamwork"],"picked":"Slimebound:LevelUp+1","floor":32},{"not_picked":["Slimebound:CheckThePlaybook","Slimebound:Overexert"],"picked":"Slimebound:OneTwoCombo+1","floor":33},{"not_picked":["Slimebound:Dissolve+1","Slimebound:LeechingTouch+1"],"picked":"Slimebound:RejuvenatingLick","floor":34},{"not_picked":["Slimebound:Gluttony","Slimebound:LeechingTouch+1","Slimebound:LivingWall"],"picked":"SKIP","floor":36},{"not_picked":["Slimebound:RollThrough+1","Slimebound:ItLooksTasty+1"],"picked":"Slimebound:SplitLeeching+1","floor":37},{"not_picked":["Slimebound:GoopSpray+1","Slimebound:SplitLeeching","Slimebound:BestDefense+1"],"picked":"SKIP","floor":38},{"not_picked":["Slimebound:SplitBruiser","Slimebound:PressTheAttack+1"],"picked":"Slimebound:TongueLash+1","floor":39},{"not_picked":["Slimebound:CheckThePlaybook","Slimebound:GoopSpray","Slimebound:FinishingTackle+1"],"picked":"SKIP","floor":42},{"not_picked":["Slimebound:FinishingTackle+1","Slimebound:LeechEnergy+1"],"picked":"Slimebound:Recollect","floor":45},{"not_picked":["Slimebound:PressTheAttack+1","Slimebound:FirmFortitude+1"],"picked":"Slimebound:SlimeTap","floor":46},{"not_picked":["Slimebound:HungryTackle+1","Slimebound:SlimeSpikes","Slimebound:SplitMire"],"picked":"SKIP","floor":47},{"not_picked":["Slimebound:SlimeSpikes+1","Slimebound:LeechingTouch+1"],"picked":"Slimebound:SlimeBarrage+1","floor":49},{"not_picked":["Slimebound:SplitMire","Slimebound:LeechEnergy+1"],"picked":"Slimebound:WasteNot","floor":52}],"player_experience":469507,"relics_obtained":[{"floor":7.0,"key":"hexamod:BolsterEngine"},{"floor":10.0,"key":"Calipers"},{"floor":11.0,"key":"Slimebound:MaxSlimesRelic"},{"floor":12.0,"key":"Letter Opener"},{"floor":24.0,"key":"Bag of Preparation"},{"floor":26,"key":"Bottled Lightning"},{"floor":31,"key":"Molten Egg 2"},{"floor":39,"key":"CaptainsWheel"},{"floor":46,"key":"Oddly Smooth Stone"},{"floor":52,"key":"Happy Flower"}],"event_choices":[{"cards_removed":["Slimebound:Strike_Slimebound"],"damage_healed":0.0,"max_hp_gain":0.0,"max_hp_loss":0.0,"gold_gain":0.0,"event_name":"Bonfire Elementals","player_choice":"Offered Basic","floor":5.0,"gold_loss":0.0,"damage_taken":0.0},{"damage_healed":0.0,"max_hp_gain":0.0,"max_hp_loss":0.0,"gold_gain":0.0,"event_name":"Ghosts","player_choice":"Ignored","floor":20.0,"gold_loss":0.0,"damage_taken":0.0},{"damage_healed":0,"gold_gain":0,"player_choice":"Fight","damage_taken":0,"max_hp_gain":0,"max_hp_loss":0,"event_name":"Mysterious Sphere","floor":39,"gold_loss":0}],"is_beta":false,"boss_relics":[{"not_picked":["Calling Bell","SacredBark"],"picked":"Astrolabe"},{"not_picked":["Runic Dome","Cursed Key"],"picked":"Tiny House"}],"items_purged_floors":[21,29,48],"is_endless":false,"potions_floor_spawned":[6,9,12,14,19,30,31,32,36,37,45,49],"ascension_level":8}}