{"host":"1tl36azeqm6yhdgj","time":1609279585,"event":{"mods":["AchievementEnabler","BaseMod","Minty Spire (QoL Compilation)","StSLib","The IronCluck","everything is the same but u backflip on backflip"],"gold_per_floor":[118,118,178,228,74,74,124,17,17,50,50,0,68,81,81,81,81],"floor_reached":16,"playtime":346,"items_purged":["Injury","Strike_R"],"score":191,"play_id":"76303212-2739-4505-b8ef-b519ce407fd6","local_time":"20201229170625","is_ascension_mode":true,"campfire_choices":[{"floor":6.0,"key":"RECALL"},{"data":"Flex","floor":11.0,"key":"SMITH"},{"data":"Inflame","floor":15.0,"key":"SMITH"}],"circlet_count":0,"master_deck":["AscendersBane","Strike_R","Strike_R","Strike_R","Defend_R","Defend_R","Defend_R","Defend_R","Bash","Reaper","Flex+1","Dropkick","Inflame+1","PanicButton","Pummel","Cleave","Shrug It Off"],"relics":["Burning Blood","SsserpentHead","Golden Idol","Kunai","Bottled Lightning"],"acts_visited":["Exordium"],"potions_floor_usage":[16],"damage_taken":[{"damage":14.0,"enemies":"Jaw Worm","floor":1.0,"turns":4.0},{"damage":6.0,"enemies":"Cultist","floor":3.0,"turns":3.0},{"damage":46.0,"enemies":"Lagavulin","floor":10.0,"turns":9.0},{"damage":4.0,"enemies":"Small Slimes","floor":13.0,"turns":3.0},{"damage":0.0,"enemies":"2 Fungi Beasts","floor":14.0,"turns":3.0},{"damage":60,"enemies":"Hexaghost","floor":16,"turns":9}],"seed_played":"5192108547970266563","potions_obtained":[{"floor":10.0,"key":"Fire Potion"},{"floor":14.0,"key":"FearPotion"}],"is_trial":false,"path_per_floor":["M","?","M","?","$","R","?","$","T","E","R","$","M","M","R","B"],"character_chosen":"IRONCLAD","items_purchased":["Inflame","PanicButton"],"campfire_rested":0,"item_purchase_floors":[5,8],"current_hp_per_floor":[66,66,66,66,66,66,59,59,59,25,25,25,35,45,45,0,0],"gold":81,"neow_bonus":"ONE_RANDOM_RARE_CARD","is_daily":false,"chose_seed":false,"campfire_upgraded":2,"win_rate":0.0,"timestamp":1609279585,"path_taken":["M","?","?","?","$","R","?","$","T","E","R","?","?","M","R","BOSS"],"items_purchased_type":["Card","Card"],"build_version":"2020-12-22","purchased_purges":2,"victory":false,"max_hp_per_floor":[75,75,75,75,75,75,75,75,75,75,75,75,75,75,75,75,75],"card_choices":[{"not_picked":["Clothesline","Battle Trance"],"picked":"Flex","floor":1.0},{"not_picked":["Heavy Blade","Body Slam"],"picked":"Dropkick","floor":3.0},{"not_picked":["Anger","Seeing Red"],"picked":"Pummel","floor":10.0},{"not_picked":["Clash","Berserk"],"picked":"Cleave","floor":13.0},{"not_picked":["Perfected Strike","Heavy Blade"],"picked":"Shrug It Off","floor":14.0}],"player_experience":1996644,"relics_obtained":[{"floor":9.0,"key":"Kunai"},{"floor":10.0,"key":"Bottled Lightning"}],"event_choices":[{"damage_healed":0.0,"max_hp_gain":0.0,"max_hp_loss":0.0,"gold_gain":0.0,"event_name":"FaceTrader","player_choice":"Trade","floor":2.0,"gold_loss":0.0,"damage_taken":0.0,"relics_obtained":["SsserpentHead"]},{"damage_healed":0.0,"max_hp_gain":0.0,"max_hp_loss":0.0,"gold_gain":0.0,"event_name":"Golden Idol","player_choice":"Take Wound","floor":4.0,"gold_loss":0.0,"damage_taken":0.0,"relics_obtained":["Golden Idol"],"cards_obtained":["Injury"]},{"cards_removed":["Strike_R"],"damage_healed":0.0,"max_hp_gain":0.0,"max_hp_loss":0.0,"gold_gain":0.0,"event_name":"Golden Wing","player_choice":"Card Removal","floor":7.0,"gold_loss":0.0,"damage_taken":7.0}],"is_beta":false,"boss_relics":[],"items_purged_floors":[5,12],"is_endless":false,"potions_floor_spawned":[10,14],"killed_by":"Hexaghost","ascension_level":19}}