{"host":"Qube","time":1609283440,"event":{"mods":["AchievementEnabler","BaseMod","Colored Powertips","Minty Spire (QoL Compilation)","Quick Restart","Random Character Button"],"gold_per_floor":[114,39,59,0,16,49,62,62,85,85,85],"floor_reached":10,"playtime":254,"items_purged":[],"score":122,"play_id":"538db106-bc91-456e-83a1-473e92b62b77","local_time":"20201229151040","is_ascension_mode":true,"campfire_choices":[{"data":"SignatureMove","floor":8.0,"key":"SMITH"}],"circlet_count":0,"master_deck":["AscendersBane","Strike_P","Strike_P","Strike_P","Defend_P","Defend_P","Defend_P","Defend_P","Eruption","Vigilance","SignatureMove+1","FlurryOfBlows","Consecrate","WaveOfTheHand","Evaluate"],"relics":["PureWater","NeowsBlessing","Lantern","Bronze Scales","Dream Catcher"],"acts_visited":["Exordium"],"potions_floor_usage":[],"damage_taken":[{"damage":0.0,"enemies":"Jaw Worm","floor":1.0,"turns":1.0},{"damage":0.0,"enemies":"Small Slimes","floor":3.0,"turns":1.0},{"damage":0.0,"enemies":"Cultist","floor":5.0,"turns":1.0},{"damage":10.0,"enemies":"3 Sentries","floor":6.0,"turns":3.0},{"damage":7.0,"enemies":"Exordium Thugs","floor":7.0,"turns":3.0},{"damage":33,"enemies":"Gremlin Nob","floor":10,"turns":4}],"seed_played":"-5528379797810227429","potions_obtained":[{"floor":3.0,"key":"Regen Potion"},{"floor":5.0,"key":"SteroidPotion"}],"is_trial":false,"path_per_floor":["M","?","M","?","M","E","M","R","T","E"],"character_chosen":"WATCHER","items_purchased":[],"campfire_rested":0,"item_purchase_floors":[],"current_hp_per_floor":[61,61,61,61,61,51,44,44,44,11,11],"gold":85,"neow_bonus":"THREE_ENEMY_KILL","is_daily":false,"chose_seed":false,"campfire_upgraded":1,"win_rate":0.0,"timestamp":1609283440,"path_taken":["M","?","M","?","?","E","M","R","T","E"],"items_purchased_type":[],"build_version":"2020-12-18","purchased_purges":0,"victory":false,"max_hp_per_floor":[68,68,68,68,68,68,68,68,68,68,68],"card_choices":[{"not_picked":["Prostrate","CrushJoints"],"picked":"SignatureMove","floor":1.0},{"not_picked":["FlyingSleeves","FollowUp"],"picked":"FlurryOfBlows","floor":3.0},{"not_picked":["ClearTheMind","WaveOfTheHand"],"picked":"Consecrate","floor":5.0},{"not_picked":["ThirdEye","Tantrum"],"picked":"WaveOfTheHand","floor":6.0},{"not_picked":["SandsOfTime","EmptyFist"],"picked":"Evaluate","floor":7.0}],"player_experience":734808,"relics_obtained":[{"floor":6.0,"key":"Bronze Scales"},{"floor":9.0,"key":"Dream Catcher"}],"event_choices":[{"cards_removed":["Strike_P"],"damage_healed":0.0,"max_hp_gain":0.0,"max_hp_loss":0.0,"gold_gain":0.0,"event_name":"The Cleric","player_choice":"Card Removal","floor":2.0,"gold_loss":75.0,"damage_taken":0.0},{"damage_healed":0.0,"max_hp_gain":0.0,"max_hp_loss":0.0,"gold_gain":0.0,"event_name":"WeMeetAgain","player_choice":"Paid Gold","floor":4.0,"gold_loss":59.0,"damage_taken":0.0,"relics_obtained":["Lantern"]}],"is_beta":true,"boss_relics":[],"items_purged_floors":[],"is_endless":false,"potions_floor_spawned":[3,5],"killed_by":"Gremlin Nob","ascension_level":16}}