{"host":"873t0y8ybyo38pfq","time":1609267999,"event":{"mods":["BaseMod","Bestiary","Colored Map","Colored Powertips","Highlight Path","Minty Spire (QoL Compilation)","Quick Restart","RNG Fix","Rare Cards Sparkle","Relic Stats","StSLib"],"gold_per_floor":[110,260,74,74,149,149,149,149,149,74,89,133,133,158,158,254,254,270,270,170,170],"floor_reached":20,"playtime":288,"items_purged":["Doubt"],"score":336,"play_id":"0367af35-533d-4d3a-8d1a-e8c964dbf35c","local_time":"20201229135319","is_ascension_mode":true,"campfire_choices":[{"floor":6,"key":"REST"},{"data":"Noxious Fumes","floor":7,"key":"SMITH"},{"data":"Neutralize","floor":8,"key":"SMITH"},{"data":"Bouncing Flask","floor":15,"key":"SMITH"}],"circlet_count":0,"master_deck":["AscendersBane","Strike_G","Defend_G","Defend_G","Defend_G","Defend_G","Defend_G","Survivor","Neutralize+1","Blade Dance","Noxious Fumes+1","Dagger Spray","Bouncing Flask+1","Decay","Footwork","A Thousand Cuts","Calculated Gamble+1","Quick Slash+1","Endless Agony+1","Outmaneuver"],"relics":["Ring of the Snake","WingedGreaves","Golden Idol","StrikeDummy","Tingsha","Astrolabe","Happy Flower"],"acts_visited":["Exordium","TheCity"],"potions_floor_usage":[12,16],"damage_taken":[{"damage":6,"enemies":"Cultist","floor":1,"turns":4},{"damage":3,"enemies":"Jaw Worm","floor":11,"turns":4},{"damage":6,"enemies":"Gremlin Nob","floor":12,"turns":3},{"damage":3,"enemies":"Small Slimes","floor":14,"turns":3},{"damage":7,"enemies":"Hexaghost","floor":16,"turns":7},{"damage":29,"enemies":"3 Byrds","floor":18,"turns":4},{"damage":32,"enemies":"2 Thieves","floor":20,"turns":3}],"seed_played":"-7757457274697147815","potions_obtained":[{"floor":1,"key":"Strength Potion"},{"floor":14,"key":"SkillPotion"}],"is_trial":false,"path_per_floor":["M","?","$","?","?","R","R","R","T","?","M","E","?","M","R","B",null,"M","?","M"],"character_chosen":"THE_SILENT","items_purchased":["Noxious Fumes","Dagger Spray"],"campfire_rested":1,"item_purchase_floors":[3,3],"current_hp_per_floor":[38,38,38,38,27,45,45,45,45,45,42,36,36,33,33,26,52,23,23,0,0],"gold":170,"neow_bonus":"ONE_RARE_RELIC","is_daily":false,"chose_seed":false,"campfire_upgraded":3,"win_rate":0.0,"timestamp":1609267999,"path_taken":["M","?","$","?","?","R","R","R","T","?","?","E","?","M","R","BOSS","M","?","M"],"items_purchased_type":["Card","Card"],"build_version":"2020-12-22","purchased_purges":1,"victory":false,"max_hp_per_floor":[66,66,66,60,60,60,60,60,60,60,60,60,60,60,60,60,60,60,60,60,60],"relic_stats":{"Happy Flower":[1],"counters":[7,28],"Golden Idol":39,"Astrolabe":["Calculated Gamble","Quick Slash","Endless Agony"],"Tingsha":[33],"obtain_stats":[{"Happy Flower":19,"Golden Idol":4,"Astrolabe":17,"Tingsha":12,"WingedGreaves":0,"StrikeDummy":9,"Ring of the Snake":0},{"Happy Flower":6,"Golden Idol":1,"Astrolabe":5,"Tingsha":3,"WingedGreaves":0,"StrikeDummy":1,"Ring of the Snake":0},{"Happy Flower":25,"Golden Idol":4,"Astrolabe":21,"Tingsha":11,"WingedGreaves":0,"StrikeDummy":4,"Ring of the Snake":0}],"Ring of the Snake":[14]},"card_choices":[{"not_picked":["Heel Hook","Slice"],"picked":"Blade Dance","floor":1},{"not_picked":["PiercingWail","Catalyst"],"picked":"Bouncing Flask","floor":11},{"not_picked":["Poisoned Stab","Masterful Stab","Slice"],"picked":"SKIP","floor":12},{"not_picked":["Poisoned Stab","Escape Plan"],"picked":"Footwork","floor":14},{"not_picked":["Grand Finale","Unload"],"picked":"A Thousand Cuts","floor":16},{"not_picked":["Prepared","Distraction"],"picked":"Outmaneuver","floor":18}],"player_experience":1397363,"relics_obtained":[{"floor":9,"key":"StrikeDummy"},{"floor":12,"key":"Tingsha"},{"floor":19,"key":"Happy Flower"}],"event_choices":[{"damage_healed":0,"gold_gain":150,"player_choice":"AGREE","damage_taken":0,"max_hp_gain":0,"max_hp_loss":0,"event_name":"Liars Game","floor":2,"gold_loss":0,"cards_obtained":["Doubt"]},{"damage_healed":0,"gold_gain":0,"player_choice":"Lose Max HP","damage_taken":0,"relics_obtained":["Golden Idol"],"max_hp_gain":0,"max_hp_loss":6,"event_name":"Golden Idol","floor":4,"gold_loss":0},{"damage_healed":0,"gold_gain":75,"player_choice":"Gather Gold","damage_taken":11,"max_hp_gain":0,"max_hp_loss":0,"event_name":"World of Goop","floor":5,"gold_loss":0},{"cards_removed":["Strike_G"],"damage_healed":0,"gold_gain":0,"player_choice":"Card Removal","damage_taken":0,"max_hp_gain":0,"max_hp_loss":0,"event_name":"The Cleric","floor":10,"gold_loss":75},{"damage_healed":0,"gold_gain":0,"player_choice":"Cursed","damage_taken":0,"max_hp_gain":0,"max_hp_loss":0,"event_name":"Wheel of Change","floor":13,"gold_loss":0,"cards_obtained":["Decay"]},{"damage_healed":0,"gold_gain":0,"player_choice":"Relic","damage_taken":0,"max_hp_gain":0,"max_hp_loss":0,"event_name":"Wheel of Change","floor":19,"gold_loss":0}],"is_beta":false,"boss_relics":[{"not_picked":["Busted Crown","Runic Pyramid"],"picked":"Astrolabe"}],"items_purged_floors":[3],"is_endless":false,"potions_floor_spawned":[1,14],"killed_by":"2 Thieves","ascension_level":20}}