{"host":"2461dio7vetlq1z3","time":1609228076,"event":{"mods":["2.2 Compatiblity","AchievementEnabler","Aspiration","BaseMod","Better Third Choice","Friendly Minions","Hermit","Marisa????????","Minty Spire (QoL Compilation)","Relic Stats","Spicy Shops","StSLib","Waifu the Spire"],"gold_per_floor":[112,124,136,136,211,244,224,224,250,273,32,32,71,89,89,185,185,205,223,243,268,282,282,282,282],"floor_reached":24,"playtime":839,"items_purged":["Strike_P"],"score":410,"play_id":"0a0155dc-3729-434f-acbf-fe0047d0a142","local_time":"20201229084756","is_ascension_mode":true,"campfire_choices":[{"floor":8,"key":"REST"},{"data":"Wallop","floor":12,"key":"SMITH"},{"data":"CrushJoints","floor":15,"key":"SMITH"},{"data":"TalkToTheHand","floor":23,"key":"SMITH"}],"circlet_count":0,"master_deck":["AscendersBane","Strike_P","Strike_P","Defend_P","Defend_P","Eruption","Vigilance","Halt","LikeWater","CrushJoints+1","Conclude","Consecrate","Wallop+1","LikeWater","Tantrum","DeceiveReality","ConjureBlade","LikeWater+1","ForeignInfluence+1","SashWhip+1","Wireheading","TalkToTheHand+1","TalkToTheHand","FlurryOfBlows"],"relics":["PureWater","Golden Idol","Ancient Tea Set","Anchor","Strawberry","Astrolabe"],"acts_visited":["Exordium","TheCity"],"potions_floor_usage":[6,16,16,22,24],"damage_taken":[{"damage":7,"enemies":"2 Louse","floor":1,"turns":2},{"damage":0,"enemies":"Small Slimes","floor":2,"turns":2},{"damage":1,"enemies":"Cultist","floor":3,"turns":5},{"damage":47,"enemies":"Gremlin Nob","floor":6,"turns":5},{"damage":0,"enemies":"Looter","floor":10,"turns":2},{"damage":5,"enemies":"Lagavulin","floor":13,"turns":6},{"damage":0,"enemies":"3 Louse","floor":14,"turns":1},{"damage":8,"enemies":"Hexaghost","floor":16,"turns":7},{"damage":13,"enemies":"3 Byrds","floor":18,"turns":3},{"damage":0,"enemies":"Chosen","floor":19,"turns":3},{"damage":0,"enemies":"Snecko","floor":20,"turns":2},{"damage":7,"enemies":"Sentry and Sphere","floor":21,"turns":5},{"damage":5,"enemies":"Shelled Parasite and Fungi","floor":22,"turns":5},{"damage":58,"enemies":"Slavers","floor":24,"turns":5}],"seed_played":"2877957147173213445","potions_obtained":[{"floor":3,"key":"FearPotion"},{"floor":6,"key":"Explosive Potion"},{"floor":7,"key":"LiquidMemories"},{"floor":18,"key":"Weak Potion"},{"floor":19,"key":"SkillPotion"},{"floor":20,"key":"FearPotion"}],"is_trial":false,"path_per_floor":["M","M","M","?","?","E","?","R","T","M","$","R","E","M","R","B",null,"M","M","M","M","M","R","E"],"character_chosen":"WATCHER","items_purchased":["Wallop","LikeWater"],"campfire_rested":1,"item_purchase_floors":[11,11],"current_hp_per_floor":[60,60,59,59,48,1,1,21,21,21,21,21,23,23,23,15,59,46,46,46,39,34,34,0,0],"gold":282,"neow_bonus":"TEN_PERCENT_HP_BONUS","is_daily":false,"chose_seed":false,"campfire_upgraded":3,"win_rate":0.0,"timestamp":1609228076,"path_taken":["M","M","M","?","?","E","?","R","T","M","$","R","E","?","R","BOSS","M","M","M","M","M","R","E"],"items_purchased_type":["Card","Card"],"build_version":"2020-12-22","purchased_purges":1,"victory":false,"max_hp_per_floor":[74,74,74,67,67,67,67,67,67,67,67,67,74,74,74,74,74,74,74,74,74,74,74,74,74],"relic_stats":{"counters":[14,53],"Golden Idol":63,"Astrolabe":["LikeWater","ForeignInfluence","SashWhip"],"obtain_stats":[{"Anchor":9,"Golden Idol":4,"Strawberry":13,"Astrolabe":17,"PureWater":0,"Ancient Tea Set":6},{"Anchor":4,"Golden Idol":3,"Strawberry":6,"Astrolabe":8,"PureWater":0,"Ancient Tea Set":4},{"Anchor":14,"Golden Idol":9,"Strawberry":22,"Astrolabe":30,"PureWater":0,"Ancient Tea Set":14}]},"card_choices":[{"not_picked":["Protect","InnerPeace"],"picked":"Halt","floor":1},{"not_picked":["Nirvana","Sanctity"],"picked":"LikeWater","floor":2},{"not_picked":["Evaluate","EmptyMind"],"picked":"CrushJoints","floor":3},{"not_picked":["ConjureBlade","BowlingBash"],"picked":"Conclude","floor":6},{"not_picked":["Vengeance","Pray"],"picked":"Consecrate","floor":10},{"not_picked":["JustLucky","FlyingSleeves"],"picked":"Tantrum","floor":13},{"not_picked":["FlyingSleeves","Prostrate"],"picked":"DeceiveReality","floor":14},{"not_picked":["Establishment","SpiritShield"],"picked":"ConjureBlade","floor":16},{"not_picked":["CutThroughFate","Consecrate"],"picked":"Wireheading","floor":18},{"not_picked":["ThirdEye","JustLucky"],"picked":"TalkToTheHand","floor":19},{"not_picked":["FlyingSleeves","FollowUp","ForeignInfluence"],"picked":"SKIP","floor":20},{"not_picked":["Perseverance","Sanctity"],"picked":"TalkToTheHand","floor":21},{"not_picked":["SandsOfTime","JustLucky"],"picked":"FlurryOfBlows","floor":22}],"player_experience":1086830,"relics_obtained":[{"floor":6,"key":"Ancient Tea Set"},{"floor":9,"key":"Anchor"},{"floor":13,"key":"Strawberry"}],"event_choices":[{"damage_healed":0,"gold_gain":0,"player_choice":"Lose Max HP","damage_taken":0,"relics_obtained":["Golden Idol"],"max_hp_gain":0,"max_hp_loss":7,"event_name":"Golden Idol","floor":4,"gold_loss":0},{"damage_healed":0,"gold_gain":75,"player_choice":"Gold","damage_taken":11,"max_hp_gain":0,"max_hp_loss":0,"event_name":"betterThird:BetterGoop","floor":5,"gold_loss":0},{"damage_healed":0,"gold_gain":0,"player_choice":"Bought 1 Potion","damage_taken":0,"max_hp_gain":0,"max_hp_loss":0,"event_name":"The Woman in Blue","floor":7,"gold_loss":0}],"is_beta":false,"boss_relics":[{"not_picked":["Tiny House","aspiration:RitualDagger"],"picked":"Astrolabe"}],"items_purged_floors":[11],"is_endless":false,"potions_floor_spawned":[3,6,13,18,19,20],"killed_by":"Slavers","ascension_level":19}}