{"host":"ya94u95moedzeoqz","time":1609229060,"event":{"mods":["2.2 Compatiblity","Abigail Mod","Act Like it!","Aspiration","BaseMod","Better Altar","Better Match","Better Note","Better Sensory Stone","Better Skull","BetterRewards","ChefMod","Energized Spire","Filter the Spire","GifTheSpireLib","Infinite Spire","KinomotoSakuraMod(????)","Lobotomy","LobotomyExtend","Luminous","Minty Spire (QoL Compilation)","Permanent Neow","Railgun Mod","Replay The Spire","Spicy Shops","StSLib","The Alterego","The Fake Hero","The Florist","The Forsaken","The Juggle","The Marked","The Senshi","TheArtist","TheSwordswoman","TheVelvet","Yuri Mod"],"gold_per_floor":[113,74,85,115,150,150,195,195,195,227,227,109,155,155,155,276,276,311,311,346,346,346,346,391,391,466,466,466,526,597,597,597,717,717,753,767,767,805,836,911,911,947,995,1094,1133,23,71,104,104,124],"floor_reached":51,"playtime":6555,"items_purged":[],"score":712,"play_id":"2fcdbd96-aaf8-4e6f-924c-855288ba893c","local_time":"20201229030420","daily_mods":["Specialized","Heirloom"],"is_ascension_mode":false,"campfire_choices":[{"data":"yuri:StealPen","floor":6.0,"key":"SMITH"},{"data":"theMarked:MagicAdept","floor":8.0,"key":"SMITH"},{"data":"TheRailgun:Magnetic_Movement","floor":15.0,"key":"SMITH"},{"data":"yuri:Virus","floor":23.0,"key":"SMITH"},{"data":"luka_mod:SmallBody","floor":25.0,"key":"SMITH"},{"data":"TheRailgun:Magnetic_Flight","floor":27.0,"key":"SMITH"},{"data":"alterego_mod:PainIsPleasure","floor":32.0,"key":"SMITH"},{"data":"alterego_mod:Valkyrie","floor":41,"key":"SMITH"},{"data":"Mayhem","floor":49,"key":"SMITH"}],"circlet_count":0,"master_deck":["theMarked:SoldierOfQuellstein","yuri:MPose","yuri:MPose","yuri:MPose","yuri:MPose","yuri:MPose","theMarked:Indomitable","alterego_mod:Mirror+1","yuri:StealPen+1","alterego_mod:Bounce","yuri:DejaVu","theMarked:MagicAdept+1","alterego_mod:Bounce","TheRailgun:Magnetic_Movement+1","luka_mod:GuardTraining","yuri:Virus+1","alterego_mod:Undulate","yuri:DisableStrike","luka_mod:SmallBody+1","TheRailgun:Sister_Network","theMarked:Snap","TheRailgun:Magnetic_Flight+1","alterego_mod:PainIsPleasure+1","theMarked:Polarize","alterego_mod:Skirt","blazmod:PerennialBeauty","alterego_mod:Bounce","alterego_mod:SakuraFive","yuri:yuriQuickStrike","theMarked:EmpowerWeapon+1","alterego_mod:Valkyrie+1","theMarked:ComboAttacks","alterego_mod:Undulate+1","theMarked:Reabsorb","theMarked:ResourceFulStrike+1","alterego_mod:Support+1","theMarked:MagicAdept+1","TheRailgun:Iron_Dust_Sword+1","theMarked:RogueSparks","luka_mod:SuperAttack","Mayhem+1","alterego_mod:TrickOrTreatment","Parasite"],"relics":["theMarked:ArtifactOfAir","Thread and Needle","LetterFromLob","Pet Ghost","Replay:Bottled Flurry","infinitespire:Broken Mirror","Replay:Grab Bag","ChewingGum","theForsaken:PaleLantern","aspiration:RunicSpoon","Pandora\u0027s Box","aspiration:Nostalgia","Luminous:MirrorRelic","aspiration:Lifesprig","Onion Ring","aspiration:Nostalgia","yuri:yuriKnife","aspiration:Nostalgia","Sizzling Blood","Philosopher\u0027s Stone","theSenshi:SailorFukuRelic","infinitespire:Lucky Rock","Oddly Smooth Stone","Pantograph","Incense Burner","Lee\u0027s Waffle","HornCleat"],"acts_visited":["Exordium","TheCity","TheBeyond"],"potions_floor_usage":[42,42,50],"damage_taken":[{"damage":0.0,"enemies":"2 Louse","floor":1.0,"turns":4.0},{"damage":0.0,"enemies":"Small Slimes","floor":3.0,"turns":4.0},{"damage":0.0,"enemies":"Jaw Worm","floor":4.0,"turns":4.0},{"damage":0.0,"enemies":"Looter","floor":5.0,"turns":4.0},{"damage":0.0,"enemies":"3 Sentries","floor":7.0,"turns":8.0},{"damage":1.0,"enemies":"Exordium Thugs","floor":10.0,"turns":4.0},{"damage":11.0,"enemies":"Gremlin Nob","floor":13.0,"turns":4.0},{"damage":13.0,"enemies":"Slime Boss","floor":16.0,"turns":10.0},{"damage":7.0,"enemies":"2 Thieves","floor":18.0,"turns":3.0},{"damage":5.0,"enemies":"Chosen","floor":20.0,"turns":4.0},{"damage":9.0,"enemies":"Gremlin Leader","floor":24.0,"turns":5.0},{"damage":3.0,"enemies":"Snake Plant","floor":29.0,"turns":6.0},{"damage":1.0,"enemies":"Centurion and Healer","floor":30.0,"turns":6.0},{"damage":8.0,"enemies":"Champ","floor":33.0,"turns":6.0},{"damage":0,"enemies":"3 Darklings","floor":35,"turns":5},{"damage":7,"enemies":"3 Shapes","floor":36,"turns":4},{"damage":2,"enemies":"Sphere and 2 Shapes","floor":38,"turns":4},{"damage":1,"enemies":"4 Shapes","floor":39,"turns":5},{"damage":0,"enemies":"R_Hoarder","floor":40,"turns":8},{"damage":1,"enemies":"Maw","floor":42,"turns":7},{"damage":0,"enemies":"Transient","floor":45,"turns":5},{"damage":16,"enemies":"Giant Head","floor":47,"turns":9},{"damage":0,"enemies":"Writhing Mass","floor":48,"turns":4},{"damage":9,"enemies":"Awakened One","floor":50,"turns":8}],"seed_played":"1985821580707615121","potions_obtained":[{"floor":3.0,"key":"Adrenaline Potion"},{"floor":10.0,"key":"Fire Potion"},{"floor":13.0,"key":"Flashbang"},{"floor":16.0,"key":"theMarked:ChargePotion"},{"floor":18.0,"key":"Fire Potion"},{"floor":20.0,"key":"Swift Potion"},{"floor":24.0,"key":"infinitespire:BlackPotion"},{"floor":35,"key":"Reflective Coating"},{"floor":36,"key":"Dexterity Potion"},{"floor":40,"key":"ColorlessPotion"},{"floor":48,"key":"Cursed Concoction"}],"is_trial":true,"path_per_floor":["M","$","M","M","M","R","E","R","T","M","?","$","E","?","R","B",null,"M","?","M","?","WH","R","E","R","T","R","WH","M","M","WH","R","B",null,"M","M","?","M","M","E","R","M","T","?","M","$","E","M","R","B",null],"character_chosen":"THE_DEFAULT","items_purchased":["alterego_mod:Mirror+1","TheRailgun:Magnetic_Movement","theMarked:RogueSparks","luka_mod:SuperAttack","Mayhem","Pantograph","Incense Burner","Lee\u0027s Waffle"],"campfire_rested":0,"item_purchase_floors":[2,12,46,46,46,46,46,46],"current_hp_per_floor":[70,70,70,70,70,70,70,70,70,69,69,69,58,58,58,45,70,63,63,58,58,58,58,49,49,49,49,49,53,52,56,56,52,74,74,74,74,74,74,74,74,74,74,74,74,81,81,81,81,81],"gold":124,"neow_bonus":"NOSTALGIA","is_daily":false,"chose_seed":false,"campfire_upgraded":9,"win_rate":0.0,"timestamp":1609229060,"path_taken":["M","$","M","M","M","R","E","R","T","M","?","$","E","?","R","BOSS","M","?","M","?","WH","R","E","R","T","R","WH","M","M","WH","R","BOSS","M","M","?","M","?","E","R","M","T","?","M","$","E","M","R","BOSS"],"items_purchased_type":["Card","Card","Card","Card","Card","Relic","Relic","Relic"],"build_version":"2020-12-22","purchased_purges":0,"victory":true,"max_hp_per_floor":[70,70,70,70,70,70,70,70,70,70,70,70,70,70,70,70,70,70,70,70,70,70,70,70,70,70,70,70,70,70,74,74,74,74,74,74,74,74,74,74,74,74,74,74,74,81,81,81,81,81],"card_choices":[{"not_picked":["theMarked:Frustration","TheRailgun:Thunderbolt"],"picked":"theMarked:Indomitable","floor":1.0},{"not_picked":["luka_mod:BladeOfRagingFire","luka_mod:HeroicStrike"],"picked":"yuri:StealPen","floor":3.0},{"not_picked":["theMarked:TwofoldDefense","TheRailgun:Electrical_Fire"],"picked":"alterego_mod:Bounce","floor":4.0},{"not_picked":["theMarked:BanishingStrike","theMarked:Electrocute"],"picked":"yuri:DejaVu","floor":5.0},{"not_picked":["TheRailgun:Thundershock","alterego_mod:Schoolgirl"],"picked":"theMarked:MagicAdept","floor":7.0},{"not_picked":["luka_mod:Sara","yuri:Stalk"],"picked":"alterego_mod:Bounce","floor":10.0},{"not_picked":["alterego_mod:SakuraFive","yuri:TPose"],"picked":"luka_mod:GuardTraining","floor":13.0},{"not_picked":["alterego_mod:PainIsPleasure","yuri:GhostForm"],"picked":"yuri:Virus","floor":16.0},{"not_picked":["TheRailgun:Charge","yuri:GlitchedStrike"],"picked":"alterego_mod:Skirt","floor":18.0},{"not_picked":["luka_mod:BladeOfHowlingWind","alterego_mod:DeftHands+1"],"picked":"alterego_mod:Bounce","floor":20.0},{"not_picked":["luka_mod:Sensitive","alterego_mod:Maid+1","TheRailgun:Token_Collection"],"picked":"SKIP","floor":24.0},{"not_picked":["theMarked:RepellingDischarge","luka_mod:Overexert"],"picked":"yuri:yuriQuickStrike","floor":29.0},{"not_picked":["TheRailgun:Gekota_Phone","luka_mod:Gnome"],"picked":"theMarked:EmpowerWeapon+1","floor":30.0},{"not_picked":["luka_mod:NinefoldRakshasa","yuri:GhostForm"],"picked":"alterego_mod:Valkyrie","floor":33.0},{"not_picked":["yuri:DebugCard+1","TheRailgun:Thunderbolt+1","luka_mod:Request"],"picked":"SKIP","floor":35},{"not_picked":["alterego_mod:Complex","luka_mod:IliasesJudgement+1"],"picked":"theMarked:ComboAttacks","floor":36},{"not_picked":["theMarked:HeightenedSenses","luka_mod:DemonSkullBeheading+1"],"picked":"alterego_mod:Undulate+1","floor":38},{"not_picked":["alterego_mod:SuperDuperMasochism+1","yuri:yuriHeavyStrike+1"],"picked":"theMarked:Reabsorb","floor":39},{"not_picked":["theMarked:TwofoldDefense","alterego_mod:HighServant","TheRailgun:Crack+1"],"picked":"SKIP","floor":40},{"not_picked":["theMarked:WastefulDefense+1","theMarked:Parkour+1"],"picked":"theMarked:ResourceFulStrike+1","floor":42},{"not_picked":["luka_mod:EarthRumblingDecapitation+1","luka_mod:DemonSkullBeheading+1"],"picked":"alterego_mod:Support+1","floor":44},{"not_picked":["theMarked:Opportunist","alterego_mod:Schoolgirl"],"picked":"theMarked:MagicAdept+1","floor":44},{"not_picked":["luka_mod:HeroicStrike+1","luka_mod:GuardedStrike"],"picked":"TheRailgun:Iron_Dust_Sword+1","floor":45},{"not_picked":["alterego_mod:RidiculouslyBig+1","alterego_mod:Lingerie+1"],"picked":"alterego_mod:TrickOrTreatment","floor":47},{"not_picked":["alterego_mod:Cycle+1","luka_mod:SereneDemonSword+1","TheRailgun:Thunderjolt"],"picked":"SKIP","floor":48}],"player_experience":504433,"relics_obtained":[{"floor":1.0,"key":"LetterFromLob"},{"floor":7.0,"key":"Pet Ghost"},{"floor":9.0,"key":"Replay:Bottled Flurry"},{"floor":13.0,"key":"infinitespire:Broken Mirror"},{"floor":24.0,"key":"aspiration:Lifesprig"},{"floor":26.0,"key":"Onion Ring"},{"floor":40,"key":"theSenshi:SailorFukuRelic"},{"floor":43,"key":"infinitespire:Lucky Rock"},{"floor":44,"key":"Oddly Smooth Stone"},{"floor":47,"key":"HornCleat"}],"event_choices":[{"damage_healed":0.0,"max_hp_gain":0.0,"max_hp_loss":0.0,"gold_gain":0.0,"event_name":"Liars Game","player_choice":"Ignored","floor":11.0,"gold_loss":0.0,"damage_taken":0.0},{"cards_removed":["yuri:JumpScare"],"damage_healed":0.0,"max_hp_gain":0.0,"max_hp_loss":0.0,"gold_gain":0.0,"event_name":"betterNote:BetterNote","player_choice":"Take \u0026 Give","floor":19.0,"gold_loss":0.0,"damage_taken":0.0,"cards_obtained":["blazmod:PerennialBeauty"]},{"damage_healed":0.0,"max_hp_gain":0.0,"max_hp_loss":0.0,"gold_gain":0.0,"cards_transformed":["yuri:JumpScare"],"event_name":"Transmorgrifier","player_choice":"Transformed","floor":21.0,"gold_loss":0.0,"damage_taken":0.0,"cards_obtained":["alterego_mod:SakuraFive"]},{"damage_healed":0,"gold_gain":0,"player_choice":"Ignored","damage_taken":0,"max_hp_gain":0,"max_hp_loss":0,"event_name":"SecretPortal","floor":37,"gold_loss":0}],"is_beta":false,"boss_relics":[{"not_picked":["Calling Bell","aspiration:IroncladSkillbook"],"picked":"Replay:Grab Bag"},{"not_picked":["energizedSpire:StickyHand","energizedSpire:HugeHouse"],"picked":"ChewingGum"},{"not_picked":["Coffee Dripper","Cursed Key"],"picked":"theForsaken:PaleLantern"},{"not_picked":["aspiration:RitualDagger","Ring of Chaos"],"picked":"aspiration:RunicSpoon"},{"not_picked":["ReplayTheSpireMod:SealedPack","aspiration:SecretTechniqueScroll"],"picked":"Pandora\u0027s Box"},{"not_picked":["infinitespire:Cupcake","Busted Crown"],"picked":"Philosopher\u0027s Stone"}],"items_purged_floors":[],"is_endless":false,"potions_floor_spawned":[3,10,13,16,18,20,24,35,36,39,40,48],"ascension_level":0}}