{"host":"963ykkbusvcbqwtq","time":1609250522,"event":{"mods":["2.2 Compatiblity","AchievementEnabler","Arknights The Spire","BaseMod","Colored Map","GifTheSpireLib","GungeonMod","Lobotomy","Luminous","Minty Spire (QoL Compilation)","StSLib","SuperFastMode","The Bug Knight"],"gold_per_floor":[119,119,132,132,146,146,71,84,164,192,192,15,15,15,15,119,119,129,57,57,71,71,71],"floor_reached":22,"playtime":780,"items_purged":["DemoMod:Strike_Huntress","DemoMod:Defend_Huntress"],"score":184,"play_id":"fb83c090-e5bb-49a2-8e2c-8ff4387aaafa","local_time":"20201229230202","is_ascension_mode":false,"campfire_choices":[{"data":"DemoMod:StickyCrossBow","floor":6.0,"key":"SMITH"},{"floor":11.0,"key":"REST"},{"floor":15.0,"key":"REST"}],"circlet_count":0,"master_deck":["DemoMod:Strike_Huntress+1","DemoMod:Strike_Huntress+1","DemoMod:Defend_Huntress","DemoMod:Defend_Huntress","DemoMod:Defend_Huntress","DemoMod:Roll","DemoMod:ManualReload","DemoMod:RustySidearm","DemoMod:CrossBow","DemoMod:Eureka","DemoMod:StickyCrossBow+1","DemoMod:DarkMarker","DemoMod:BattleInHaste","DemoMod:TableSutra","DemoMod:ConditionalReflex","DemoMod:FullFirepower","QueenOfHatred","DemoMod:PracticeMakesPerfect"],"relics":["DemoMod:Dog","CogitoBucket","DemoMod:DecoyRelic","Girya","SkinProphecy","InkBottle","DemoMod:Test1","PreservedInsect","Ring of the Snake"],"acts_visited":["Exordium","TheCity"],"potions_floor_usage":[22],"damage_taken":[{"damage":9.0,"enemies":"Cultist","floor":1.0,"turns":4.0},{"damage":7.0,"enemies":"Small Slimes","floor":3.0,"turns":4.0},{"damage":5.0,"enemies":"Jaw Worm","floor":5.0,"turns":2.0},{"damage":13.0,"enemies":"2 Fungi Beasts","floor":8.0,"turns":5.0},{"damage":17.0,"enemies":"Lagavulin","floor":10.0,"turns":6.0},{"damage":17.0,"enemies":"Exordium Wildlife","floor":13.0,"turns":4.0},{"damage":11.0,"enemies":"The Guardian","floor":16.0,"turns":9.0},{"damage":15.0,"enemies":"2 Thieves","floor":18.0,"turns":4.0},{"damage":8,"enemies":"Shell Parasite","floor":21,"turns":3},{"damage":39,"enemies":"Shelled Parasite and Fungi","floor":22,"turns":4}],"seed_played":"-8497316188730880625","potions_obtained":[{"floor":5.0,"key":"SkillPotion"},{"floor":13.0,"key":"Energy Potion"},{"floor":21,"key":"DuplicationPotion"}],"is_trial":false,"path_per_floor":["M","?","M","?","M","R","$","M","T","E","R","$","M","T","R","B",null,"M","$","?","M","M"],"character_chosen":"HUNTRESS","items_purchased":["DemoMod:TableSutra","PreservedInsect","DemoMod:PracticeMakesPerfect"],"campfire_rested":2,"item_purchase_floors":[12,19,19],"current_hp_per_floor":[61,47,40,40,35,35,35,22,22,5,26,26,9,9,30,15,72,53,53,53,41,0,0],"gold":71,"neow_bonus":"","is_daily":false,"chose_seed":false,"campfire_upgraded":1,"win_rate":0.0,"timestamp":1609250522,"path_taken":["M","?","M","?","M","R","$","M","T","E","R","$","M","?","R","BOSS","M","$","?","M","M"],"items_purchased_type":["Card","Relic","Card"],"build_version":"2020-12-22","purchased_purges":2,"victory":false,"max_hp_per_floor":[70,70,70,70,70,70,70,70,70,70,70,70,70,70,70,72,72,74,74,74,76,78,78],"card_choices":[{"not_picked":["FairyFestival","Wellcheers","SingingMachine"],"picked":"Singing Bowl","floor":1.0},{"not_picked":["DemoMod:CursedBullets","DemoMod:MachoBrace","DemoMod:AbyssalTentacle"],"picked":"SKIP","floor":1.0},{"not_picked":["Bloodbath","Scarecrow","Murderer"],"picked":"Singing Bowl","floor":3.0},{"not_picked":["DemoMod:DoubleSwitch","DemoMod:Ejector"],"picked":"DemoMod:Eureka","floor":3.0},{"not_picked":["FairyFestival","ShyLook","Porccubus"],"picked":"Singing Bowl","floor":5.0},{"not_picked":["DemoMod:DarkMarker","DemoMod:HardPowerCard"],"picked":"DemoMod:StickyCrossBow","floor":5.0},{"not_picked":["VoidDream","DreamingCurrent","FieryBird"],"picked":"Singing Bowl","floor":8.0},{"not_picked":["DemoMod:StickyCrossBow","DemoMod:PotionOfGunFriendShip"],"picked":"DemoMod:DarkMarker","floor":8.0},{"not_picked":["UniverseFragment","QueenBee","WallGazer"],"picked":"Singing Bowl","floor":10.0},{"not_picked":["DemoMod:MachoBrace","DemoMod:BoxingGlove"],"picked":"DemoMod:BattleInHaste","floor":10.0},{"not_picked":["Laetitia","Woodsman","MeatLantern"],"picked":"Singing Bowl","floor":13.0},{"not_picked":["DemoMod:HardPowerCard","DemoMod:AC15"],"picked":"DemoMod:ConditionalReflex","floor":13.0},{"not_picked":["PunishingBird","DreamingCurrent","GalaxyChild"],"picked":"Singing Bowl","floor":16.0},{"not_picked":["DemoMod:Eureka","DemoMod:Desperate"],"picked":"DemoMod:FullFirepower","floor":16.0},{"not_picked":["CherryBlossoms","SpiderBud","OldLady"],"picked":"Singing Bowl","floor":18.0},{"not_picked":["SilentOrchestra","Variant"],"picked":"QueenOfHatred","floor":18.0},{"not_picked":["DemoMod:ConditionalReflex","DemoMod:SAA","DemoMod:StickyCrossBow+1"],"picked":"SKIP","floor":18.0},{"not_picked":["LaLuna","MeatLantern","Freischutz"],"picked":"Singing Bowl","floor":21},{"not_picked":["DemoMod:CombinedRifle","DemoMod:MachoBrace+1","DemoMod:Camera+1"],"picked":"SKIP","floor":21}],"player_experience":194054,"relics_obtained":[{"floor":9.0,"key":"DemoMod:DecoyRelic"},{"floor":10.0,"key":"Girya"},{"floor":14.0,"key":"InkBottle"}],"event_choices":[{"damage_healed":0.0,"max_hp_gain":0.0,"max_hp_loss":0.0,"gold_gain":0.0,"event_name":"Shining Light","player_choice":"Entered Light","floor":2.0,"gold_loss":0.0,"damage_taken":14.0,"cards_upgraded":["DemoMod:Strike_Huntress","DemoMod:Strike_Huntress"]}],"is_beta":false,"boss_relics":[{"not_picked":["Coffee Dripper","Pandora\u0027s Box"],"picked":"DemoMod:Test1"}],"items_purged_floors":[7,12],"is_endless":false,"potions_floor_spawned":[5,13,21],"killed_by":"Shelled Parasite and Fungi","ascension_level":0}}