{"host":"i0avyit1s6jb1siw","time":1609279745,"event":{"mods":["BaseMod","DeckTracker","Dota2Spire","Highlight Path","Minty Spire (QoL Compilation)","Quick Restart","Replay The Spire","StSLib","SuperFastMode"],"gold_per_floor":[361,59,59,59,59,59,84,117,117,117,136,160,90,90,90,90,90],"floor_reached":16,"playtime":266,"items_purged":["Strike_G"],"score":196,"play_id":"6d630620-54b9-4669-91e4-dffd86c7dc45","local_time":"20201229230905","is_ascension_mode":true,"campfire_choices":[{"data":"Apotheosis","floor":6,"key":"SMITH"},{"floor":10,"key":"REST"},{"floor":15,"key":"REST"}],"circlet_count":0,"master_deck":["AscendersBane","Strike_G","Strike_G+1","Strike_G+1","Strike_G","Defend_G","Defend_G","Defend_G","Defend_G","Defend_G","Survivor","Neutralize","Apotheosis+1","Noxious Fumes","Noxious Fumes+1","Replay:Bag of Tricks","Fluid Movement"],"relics":["Ring of the Snake","Golden Idol","Whetstone","Letter Opener","The Courier"],"acts_visited":[],"potions_floor_usage":[12],"damage_taken":[{"damage":17,"enemies":"Small Slimes","floor":1,"turns":5},{"damage":0,"enemies":"2 Louse","floor":7,"turns":5},{"damage":13,"enemies":"3 Sentries","floor":8,"turns":7},{"damage":1,"enemies":"Cultist","floor":11,"turns":5},{"damage":34,"enemies":"Gremlin Gang","floor":12,"turns":5},{"damage":37,"enemies":"Slime Boss","floor":16,"turns":10}],"seed_played":"8027671415171656935","potions_obtained":[{"floor":11,"key":"Dota2Spire:HealingSalve"}],"is_trial":false,"path_per_floor":["M","$","?","?","?","R","M","E","T","R","M","M","?","T","R","B"],"character_chosen":"THE_SILENT","items_purchased":["Apotheosis","Noxious Fumes"],"campfire_rested":2,"item_purchase_floors":[2,2],"current_hp_per_floor":[42,42,42,42,42,42,42,29,29,45,44,19,19,19,35,0,0],"gold":90,"neow_bonus":"TWO_FIFTY_GOLD","is_daily":false,"chose_seed":false,"campfire_upgraded":1,"win_rate":0.0,"timestamp":1609279745,"path_taken":["M","$","?","?","?","R","M","E","T","R","M","M","?","?","R","BOSS"],"items_purchased_type":["Card","Card"],"build_version":"2020-12-22","purchased_purges":1,"victory":false,"max_hp_per_floor":[60,60,54,54,54,54,54,54,54,54,54,54,54,54,54,54,54],"card_choices":[{"not_picked":["PiercingWail","Backflip"],"picked":"Dagger Throw","floor":1},{"not_picked":["Toxin Wave","Infinite Blades","Eviscerate"],"picked":"SKIP","floor":7},{"not_picked":["Deflect","Heel Hook"],"picked":"Replay:Bag of Tricks","floor":8},{"not_picked":["Deadly Poison","Underhanded Strike"],"picked":"Fluid Movement","floor":11},{"not_picked":["Dagger Spray","Quick Slash","Endless Agony"],"picked":"SKIP","floor":12}],"player_experience":2137302,"relics_obtained":[{"floor":8,"key":"Whetstone"},{"floor":9,"key":"Letter Opener"},{"floor":14,"key":"The Courier"}],"event_choices":[{"damage_healed":0,"gold_gain":0,"player_choice":"Lose Max HP","damage_taken":0,"relics_obtained":["Golden Idol"],"max_hp_gain":0,"max_hp_loss":6,"event_name":"Golden Idol","floor":3,"gold_loss":0},{"damage_healed":0,"gold_gain":0,"player_choice":"Left Gold","damage_taken":0,"max_hp_gain":0,"max_hp_loss":0,"event_name":"World of Goop","floor":13,"gold_loss":70}],"is_beta":false,"boss_relics":[],"items_purged_floors":[2],"is_endless":false,"potions_floor_spawned":[11],"killed_by":"Slime Boss","ascension_level":20}}