{"host":"873t0y8ybyo38pfq","time":1609249548,"event":{"mods":["BaseMod","Bestiary","Colored Map","Colored Powertips","Highlight Path","Minty Spire (QoL Compilation)","Quick Restart","RNG Fix","Rare Cards Sparkle","Relic Stats","StSLib"],"gold_per_floor":[118,17,28,178,178,178,208,221,221,221,221,221,24,40,40,114,114,133,20,35,35,35],"floor_reached":21,"playtime":821,"items_purged":["Normality"],"score":354,"play_id":"4a3d176b-d2bf-42d0-9f4f-cce5e2120620","local_time":"20201229084548","is_ascension_mode":true,"campfire_choices":[{"data":"Neutralize","floor":6,"key":"SMITH"},{"data":"Skewer","floor":11,"key":"SMITH"},{"floor":12,"key":"REST"},{"floor":15,"key":"REST"}],"circlet_count":0,"master_deck":["AscendersBane","Strike_G","Strike_G","Strike_G","Strike_G","Strike_G","Defend_G","Defend_G","Defend_G","Defend_G","Defend_G","Survivor","Neutralize+1","Dash","Backflip","Deflect","Skewer+1","Calculated Gamble","Footwork","Acrobatics","Backflip","Corpse Explosion","Outmaneuver","PiercingWail"],"relics":["Ring of the Snake","WingedGreaves","Gremlin Horn","HoveringKite"],"acts_visited":["Exordium","TheCity"],"potions_floor_usage":[7,13,16,16,20],"damage_taken":[{"damage":17,"enemies":"Jaw Worm","floor":1,"turns":8},{"damage":0,"enemies":"2 Louse","floor":3,"turns":2},{"damage":33,"enemies":"3 Sentries","floor":7,"turns":16},{"damage":0,"enemies":"Cultist","floor":8,"turns":4},{"damage":0,"enemies":"3 Louse","floor":14,"turns":3},{"damage":51,"enemies":"Slime Boss","floor":16,"turns":21},{"damage":24,"enemies":"Spheric Guardian","floor":18,"turns":7},{"damage":15,"enemies":"Chosen","floor":20,"turns":7},{"damage":18,"enemies":"Snecko","floor":21,"turns":6}],"seed_played":"2386491692432038492","potions_obtained":[{"floor":1,"key":"SteroidPotion"},{"floor":10,"key":"SmokeBomb"},{"floor":10,"key":"Fruit Juice"},{"floor":14,"key":"GamblersBrew"},{"floor":18,"key":"Strength Potion"}],"is_trial":false,"path_per_floor":["M","$","M","?","?","R","E","M","T","?","R","R","$","M","R","B",null,"M","$","M","M"],"character_chosen":"THE_SILENT","items_purchased":["Backflip","Footwork","LiquidMemories","Acrobatics","Outmaneuver","Fire Potion"],"campfire_rested":2,"item_purchase_floors":[2,13,13,13,19,19],"current_hp_per_floor":[42,42,42,42,42,42,9,9,9,9,9,28,33,33,54,3,54,30,30,15,0,0],"gold":35,"neow_bonus":"ONE_RARE_RELIC","is_daily":false,"chose_seed":false,"campfire_upgraded":2,"win_rate":0.0,"timestamp":1609249548,"path_taken":["M","$","?","?","?","R","E","M","T","?","R","R","$","?","R","BOSS","M","$","M","M"],"items_purchased_type":["Card","Card","Potion","Card","Card","Potion"],"build_version":"2020-12-22","purchased_purges":1,"victory":false,"max_hp_per_floor":[66,66,66,66,66,66,66,66,66,66,66,66,71,71,71,71,71,71,71,71,71,71],"relic_stats":{"Gremlin Horn":[5,5],"counters":[9,74],"HoveringKite":[7],"obtain_stats":[{"Gremlin Horn":7,"HoveringKite":17,"WingedGreaves":0,"Ring of the Snake":0},{"Gremlin Horn":3,"HoveringKite":6,"WingedGreaves":0,"Ring of the Snake":0},{"Gremlin Horn":26,"HoveringKite":54,"WingedGreaves":0,"Ring of the Snake":0}],"Ring of the Snake":[18]},"card_choices":[{"not_picked":["Flying Knee","Infinite Blades"],"picked":"Dash","floor":1},{"not_picked":["Prepared","Sucker Punch"],"picked":"Deflect","floor":3},{"not_picked":["Heel Hook","Poisoned Stab"],"picked":"Skewer","floor":7},{"not_picked":["Burst","Deflect"],"picked":"Calculated Gamble","floor":8},{"not_picked":["Dagger Throw","Dodge and Roll"],"picked":"Backflip","floor":14},{"not_picked":["Glass Knife","Malaise"],"picked":"Corpse Explosion","floor":16},{"not_picked":["Slice","Blade Dance","Backflip"],"picked":"SKIP","floor":18},{"not_picked":["Flechettes","Blade Dance"],"picked":"PiercingWail","floor":20}],"player_experience":1393592,"relics_obtained":[{"floor":7,"key":"Gremlin Horn"}],"event_choices":[{"damage_healed":0,"gold_gain":150,"player_choice":"AGREE","damage_taken":0,"max_hp_gain":0,"max_hp_loss":0,"event_name":"Liars Game","floor":4,"gold_loss":0,"cards_obtained":["Doubt"]},{"cards_removed":["Doubt"],"damage_healed":0,"gold_gain":0,"player_choice":"Removed Curses","damage_taken":0,"max_hp_gain":0,"max_hp_loss":0,"event_name":"Fountain of Cleansing","floor":5,"gold_loss":0},{"damage_healed":0,"gold_gain":0,"player_choice":"Got Potions","damage_taken":0,"max_hp_gain":0,"max_hp_loss":0,"event_name":"Lab","floor":10,"gold_loss":0}],"is_beta":false,"boss_relics":[{"not_picked":["Fusion Hammer","Black Star"],"picked":"HoveringKite"}],"items_purged_floors":[2],"is_endless":false,"potions_floor_spawned":[1,14,18],"killed_by":"Snecko","ascension_level":20}}