{"host":"zxkjcgzis4pm3za5","time":1609269993,"event":{"mods":["AchievementEnabler","BaseMod","Colored Map","Colored Powertips","Minty Spire (QoL Compilation)","Quick Restart","RNG Fix","Random Character Button","StSLib"],"gold_per_floor":[112,130,130,147,162,196,196,231,255,255,265,282,282,315,315,415,415,431,431,441,441,38,73,73,92,92,92,120,120,134,160,160,270,270,293,313,333,233,253,292,319,328,397,397,425,449,449,486,486,486,486,486,28,71,71,71],"floor_reached":55,"playtime":2278,"items_purged":["Strike_B","Strike_B","Strike_B"],"score":1331,"play_id":"1e12ffb3-29be-42dc-882d-17073880b707","local_time":"20201230005633","is_ascension_mode":true,"campfire_choices":[{"data":"Beam Cell","floor":7.0,"key":"SMITH"},{"data":"Go for the Eyes","floor":10.0,"key":"SMITH"},{"data":"Streamline","floor":13.0,"key":"SMITH"},{"data":"Zap","floor":15.0,"key":"SMITH"},{"floor":24.0,"key":"REST"},{"data":"Biased Cognition","floor":27.0,"key":"SMITH"},{"data":"Dualcast","floor":29.0,"key":"SMITH"},{"floor":32.0,"key":"REST"},{"floor":44.0,"key":"REST"},{"floor":47.0,"key":"RECALL"},{"floor":49.0,"key":"REST"},{"floor":52.0,"key":"REST"}],"circlet_count":0,"master_deck":["AscendersBane","Defend_B","Defend_B","Defend_B","Defend_B","Zap+1","Dualcast+1","All For One","Sweeping Beam","Beam Cell+1","Streamline+1","Go for the Eyes+1","Steam","Leap","BootSequence","Undo","Reboot","Biased Cognition+1","Coolheaded","Ball Lightning","Multi-Cast","Gash+1","Stack+1","Gash","Core Surge","Rebound+1","Glacier","Double Energy+1","Compile Driver","Storm+1","Rainbow","Fusion+1","Consume+1","Loop+1","Gash+1"],"relics":["Cracked Core","Mercury Hourglass","Sundial","Potion Belt","Anchor","Symbiotic Virus","Black Star","Enchiridion","Toolbox","Oddly Smooth Stone","Mango","Shuriken","MealTicket","Toy Ornithopter","CeramicFish","Calipers","Fusion Hammer","Boot","Dead Branch","DataDisk","Bronze Scales","Smiling Mask","Frozen Egg 2","Letter Opener","Ornamental Fan","Bag of Preparation"],"acts_visited":["TheCity","TheBeyond","TheEnding"],"potions_floor_usage":[55,55,55],"damage_taken":[{"damage":0.0,"enemies":"Cultist","floor":1.0,"turns":4.0},{"damage":0.0,"enemies":"Small Slimes","floor":2.0,"turns":3.0},{"damage":0.0,"enemies":"2 Louse","floor":4.0,"turns":1.0},{"damage":12.0,"enemies":"Exordium Thugs","floor":5.0,"turns":3.0},{"damage":16.0,"enemies":"Gremlin Nob","floor":6.0,"turns":3.0},{"damage":0.0,"enemies":"3 Sentries","floor":8.0,"turns":4.0},{"damage":0.0,"enemies":"Looter","floor":11.0,"turns":2.0},{"damage":0.0,"enemies":"2 Fungi Beasts","floor":12.0,"turns":2.0},{"damage":5.0,"enemies":"Lagavulin","floor":14.0,"turns":6.0},{"damage":13.0,"enemies":"Slime Boss","floor":16.0,"turns":8.0},{"damage":0.0,"enemies":"Chosen","floor":18.0,"turns":4.0},{"damage":5.0,"enemies":"Spheric Guardian","floor":20.0,"turns":5.0},{"damage":4.0,"enemies":"Book of Stabbing","floor":23.0,"turns":4.0},{"damage":6.0,"enemies":"Centurion and Healer","floor":25.0,"turns":4.0},{"damage":2.0,"enemies":"Slavers","floor":28.0,"turns":3.0},{"damage":0.0,"enemies":"Snecko","floor":30.0,"turns":4.0},{"damage":8.0,"enemies":"Gremlin Leader","floor":31.0,"turns":7.0},{"damage":13.0,"enemies":"Champ","floor":33.0,"turns":9.0},{"damage":13.0,"enemies":"3 Darklings","floor":35.0,"turns":4.0},{"damage":0.0,"enemies":"3 Shapes","floor":36.0,"turns":4.0},{"damage":0.0,"enemies":"Spire Growth","floor":37.0,"turns":4.0},{"damage":0.0,"enemies":"4 Shapes","floor":39.0,"turns":5.0},{"damage":22.0,"enemies":"Reptomancer","floor":40.0,"turns":3.0},{"damage":44.0,"enemies":"Writhing Mass","floor":41.0,"turns":5.0},{"damage":13.0,"enemies":"Nemesis","floor":45.0,"turns":6.0},{"damage":20.0,"enemies":"Jaw Worm Horde","floor":46.0,"turns":2.0},{"damage":0.0,"enemies":"Giant Head","floor":48.0,"turns":7.0},{"damage":53.0,"enemies":"Time Eater","floor":50.0,"turns":12.0},{"damage":70.0,"enemies":"Shield and Spear","floor":54.0,"turns":4.0},{"damage":72,"enemies":"The Heart","floor":55,"turns":3}],"seed_played":"-611292529285729722","potions_obtained":[{"floor":2.0,"key":"Explosive Potion"},{"floor":5.0,"key":"SpeedPotion"},{"floor":6.0,"key":"PotionOfCapacity"},{"floor":12.0,"key":"Block Potion"},{"floor":14.0,"key":"FocusPotion"},{"floor":25.0,"key":"FocusPotion"},{"floor":30.0,"key":"PowerPotion"},{"floor":31.0,"key":"Explosive Potion"},{"floor":33.0,"key":"Energy Potion"},{"floor":36.0,"key":"SkillPotion"},{"floor":40.0,"key":"Regen Potion"},{"floor":41.0,"key":"Weak Potion"},{"floor":45.0,"key":"Regen Potion"}],"is_trial":false,"path_per_floor":["M","M","?","M","M","E","R","E","T","R","M","M","R","E","R","B",null,"M","?","M","?","$","E","R","M","T","R","E","R","M","E","R","B",null,"M","M","M","$","M","E","M","?","T","R","E","M","R","E","R","B",null,"R","$","E","B"],"character_chosen":"DEFECT","items_purchased":["Ball Lightning","Toolbox","Fire Potion","Block Potion","FocusPotion","Ancient Potion","Strength Potion","Loop+1","Letter Opener"],"campfire_rested":5,"item_purchase_floors":[22,22,22,22,22,53,53,53,53],"current_hp_per_floor":[68,68,68,68,56,40,40,40,40,40,40,40,40,35,35,22,57,57,45,40,24,24,34,60,54,54,54,52,52,52,44,70,62,81,73,73,78,87,87,65,35,35,35,61,53,47,47,47,73,25,72,87,87,22,0,0],"gold":71,"neow_bonus":"THREE_RARE_CARDS","is_daily":false,"chose_seed":false,"campfire_upgraded":6,"win_rate":0.0,"timestamp":1609269993,"path_taken":["M","M","?","?","?","E","R","E","T","R","M","M","R","E","R","BOSS","M","?","?","?","$","E","R","M","T","R","E","R","M","E","R","BOSS","M","M","M","$","M","E","M","?","T","R","E","M","R","E","R","BOSS","R","$","E","BOSS"],"items_purchased_type":["Card","Relic","Potion","Potion","Potion","Potion","Potion","Card","Relic"],"build_version":"2020-12-22","purchased_purges":3,"victory":false,"max_hp_per_floor":[68,68,68,68,68,68,68,68,68,68,68,68,68,68,68,68,68,68,73,73,73,73,87,87,87,87,87,87,87,87,87,87,87,87,87,87,87,87,87,87,87,87,87,87,87,87,87,87,87,87,87,87,87,87,87,87],"card_choices":[{"not_picked":["Hyperbeam","Multi-Cast"],"picked":"All For One","floor":0.0},{"not_picked":["Hologram","Chaos"],"picked":"Sweeping Beam","floor":1.0},{"not_picked":["Hologram","Barrage"],"picked":"Beam Cell","floor":2.0},{"not_picked":["Fusion","Skim"],"picked":"Streamline","floor":4.0},{"not_picked":["Meteor Strike","Coolheaded"],"picked":"Go for the Eyes","floor":5.0},{"not_picked":["Compile Driver","Barrage"],"picked":"Steam","floor":6.0},{"not_picked":["Beam Cell","Cold Snap"],"picked":"Leap","floor":8.0},{"not_picked":["Leap","Glacier"],"picked":"BootSequence","floor":11.0},{"not_picked":["Go for the Eyes","Double Energy"],"picked":"Undo","floor":12.0},{"not_picked":["Stack","Streamline"],"picked":"Reboot","floor":14.0},{"not_picked":["Reboot","Creative AI"],"picked":"Biased Cognition","floor":16.0},{"not_picked":["Capacitor+1","Go for the Eyes"],"picked":"Coolheaded","floor":18.0},{"not_picked":["Sweeping Beam","Cold Snap","Streamline"],"picked":"SKIP","floor":20.0},{"not_picked":["Conserve Battery","Streamline"],"picked":"Multi-Cast","floor":23.0},{"not_picked":["Steam","Beam Cell"],"picked":"Gash+1","floor":25.0},{"not_picked":["Creative AI","Turbo"],"picked":"Stack+1","floor":28.0},{"not_picked":["Rebound","Beam Cell+1"],"picked":"Gash","floor":30.0},{"not_picked":["Rebound","Doom and Gloom","Barrage"],"picked":"SKIP","floor":31.0},{"not_picked":["Biased Cognition","Machine Learning"],"picked":"Core Surge","floor":33.0},{"not_picked":["Auto Shields","Leap+1"],"picked":"Rebound+1","floor":35.0},{"not_picked":["Conserve Battery","Beam Cell+1"],"picked":"Glacier","floor":36.0},{"not_picked":["Ball Lightning","Coolheaded","Barrage"],"picked":"SKIP","floor":37.0},{"not_picked":["Streamline","White Noise+1"],"picked":"Double Energy+1","floor":39.0},{"not_picked":["Fusion","Barrage"],"picked":"Compile Driver","floor":40.0},{"not_picked":["Aggregate","Sweeping Beam+1"],"picked":"Storm+1","floor":41.0},{"not_picked":["Stack","Coolheaded","Undo+1"],"picked":"SKIP","floor":45.0},{"not_picked":["Scrape+1","Ball Lightning"],"picked":"Fusion+1","floor":46.0},{"not_picked":["Storm+1","Blizzard+1"],"picked":"Consume+1","floor":48.0},{"not_picked":["Rainbow","Reprogram"],"picked":"Gash+1","floor":54.0}],"player_experience":156792,"relics_obtained":[{"floor":6.0,"key":"Sundial"},{"floor":8.0,"key":"Potion Belt"},{"floor":9.0,"key":"Anchor"},{"floor":14.0,"key":"Symbiotic Virus"},{"floor":21.0,"key":"Enchiridion"},{"floor":23.0,"key":"Oddly Smooth Stone"},{"floor":23.0,"key":"Mango"},{"floor":26.0,"key":"Shuriken"},{"floor":28.0,"key":"MealTicket"},{"floor":28.0,"key":"Toy Ornithopter"},{"floor":31.0,"key":"CeramicFish"},{"floor":31.0,"key":"Calipers"},{"floor":40.0,"key":"Boot"},{"floor":40.0,"key":"Dead Branch"},{"floor":45.0,"key":"DataDisk"},{"floor":45.0,"key":"Bronze Scales"},{"floor":48.0,"key":"Smiling Mask"},{"floor":48.0,"key":"Frozen Egg 2"},{"floor":54.0,"key":"Ornamental Fan"},{"floor":54.0,"key":"Bag of Preparation"}],"event_choices":[{"damage_healed":0.0,"max_hp_gain":0.0,"max_hp_loss":0.0,"gold_gain":0.0,"event_name":"WeMeetAgain","player_choice":"Gave Potion","floor":3.0,"gold_loss":0.0,"damage_taken":0.0,"relics_obtained":["Mercury Hourglass"]},{"damage_healed":0.0,"max_hp_gain":5.0,"max_hp_loss":0.0,"gold_gain":0.0,"event_name":"Forgotten Altar","player_choice":"Shed Blood","floor":19.0,"gold_loss":0.0,"damage_taken":17.0},{"damage_healed":0.0,"max_hp_gain":0.0,"max_hp_loss":0.0,"gold_gain":0.0,"event_name":"Cursed Tome","player_choice":"Obtained Book","floor":21.0,"gold_loss":0.0,"damage_taken":16.0},{"damage_healed":0.0,"max_hp_gain":0.0,"max_hp_loss":0.0,"gold_gain":0.0,"cards_transformed":["Strike_B"],"event_name":"Transmorgrifier","player_choice":"Transformed","floor":42.0,"gold_loss":0.0,"damage_taken":0.0,"cards_obtained":["Rainbow"]}],"is_beta":false,"boss_relics":[{"not_picked":["Velvet Choker","FrozenCore"],"picked":"Black Star"},{"not_picked":["Runic Dome","Pandora\u0027s Box"],"picked":"Fusion Hammer"}],"items_purged_floors":[22,38,53],"is_endless":false,"potions_floor_spawned":[2,5,6,12,14,25,30,31,33,36,40,41,45],"killed_by":"The Heart","ascension_level":10}}