{"host":"0ydzwspkajt4brzd","time":1609203723,"event":{"mods":["AchievementEnabler","BaseMod","Colored Map","DeckTracker","Googly Eyes","Highlight Path","Minty Spire (QoL Compilation)","Quick Restart","Random Character Button","Rare Cards Sparkle"],"gold_per_floor":[115,5,24,24,39,39,52,52,52,86,86,103,103,129,129,234,234,247,13,30,30,49,49,74,74,124,156,56,74,94,113,113,208,208,222,222,233,233,243,243,261,272,321,321,334,334,368,385,385,385],"floor_reached":51,"playtime":2914,"items_purged":["Strike_R","Strike_R","Defend_R"],"score":929,"play_id":"c703bf14-b2b8-4bde-b42d-bec64fca15af","local_time":"20201228170203","is_ascension_mode":true,"campfire_choices":[{"data":"Bash","floor":6.0,"key":"SMITH"},{"data":"Hemokinesis","floor":8.0,"key":"SMITH"},{"data":"Searing Blow","floor":11.0,"key":"SMITH"},{"data":"Searing Blow+1","floor":13.0,"key":"SMITH"},{"data":"Searing Blow+2","floor":15.0,"key":"SMITH"},{"data":"Limit Break","floor":23,"key":"SMITH"},{"data":"Mayhem","floor":25,"key":"SMITH"},{"data":"Barricade","floor":32,"key":"SMITH"},{"data":"Searing Blow+4","floor":40,"key":"SMITH"},{"data":"Body Slam","floor":44,"key":"SMITH"},{"data":"Searing Blow+5","floor":46,"key":"SMITH"},{"data":"Searing Blow+6","floor":49,"key":"SMITH"}],"circlet_count":0,"master_deck":["Defend_R","Defend_R","Defend_R","Bash+1","Hemokinesis+1","Headbutt","Searing Blow+7","Iron Wave","Impervious","Pommel Strike+1","Mayhem+1","Bite","Bite","Bite","Bite","Bite","Limit Break+1","Shrug It Off","Barricade+1","Impervious","Flex","Body Slam+1","Entrench+1","Body Slam+1"],"relics":["Burning Blood","Gremlin Horn","The Courier","Dream Catcher","Coffee Dripper","Kunai","Red Skull","Red Mask","Sozu","Frozen Egg 2"],"acts_visited":["Exordium","TheCity","TheBeyond"],"potions_floor_usage":[18,33,50],"damage_taken":[{"damage":13.0,"enemies":"Jaw Worm","floor":1.0,"turns":4.0},{"damage":1.0,"enemies":"Cultist","floor":3.0,"turns":3.0},{"damage":8.0,"enemies":"Small Slimes","floor":5.0,"turns":5.0},{"damage":4.0,"enemies":"Looter","floor":7.0,"turns":4.0},{"damage":24.0,"enemies":"3 Sentries","floor":10.0,"turns":8.0},{"damage":19.0,"enemies":"Exordium Thugs","floor":12.0,"turns":3.0},{"damage":16,"enemies":"Slime Boss","floor":16,"turns":7},{"damage":4,"enemies":"Spheric Guardian","floor":18,"turns":3},{"damage":4,"enemies":"Chosen","floor":20,"turns":3},{"damage":19,"enemies":"Snake Plant","floor":22,"turns":3},{"damage":89,"enemies":"Book of Stabbing","floor":24,"turns":7},{"damage":5,"enemies":"Masked Bandits","floor":27,"turns":4},{"damage":24,"enemies":"Sentry and Sphere","floor":29,"turns":6},{"damage":8,"enemies":"Centurion and Healer","floor":30,"turns":5},{"damage":12,"enemies":"Snake Plant","floor":31,"turns":5},{"damage":51,"enemies":"Champ","floor":33,"turns":13},{"damage":5,"enemies":"Orb Walker","floor":35,"turns":3},{"damage":9,"enemies":"3 Darklings","floor":37,"turns":6},{"damage":4,"enemies":"Jaw Worm Horde","floor":39,"turns":5},{"damage":9,"enemies":"4 Shapes","floor":41,"turns":6},{"damage":22,"enemies":"Spire Growth","floor":42,"turns":3},{"damage":2,"enemies":"Maw","floor":45,"turns":8},{"damage":10,"enemies":"Giant Head","floor":47,"turns":7},{"damage":0,"enemies":"Sphere and 2 Shapes","floor":48,"turns":5},{"damage":42,"enemies":"Awakened One","floor":50,"turns":7}],"seed_played":"-2291541722296177071","potions_obtained":[{"floor":1.0,"key":"GamblersBrew"},{"floor":5.0,"key":"Ancient Potion"},{"floor":10.0,"key":"AttackPotion"},{"floor":16,"key":"DistilledChaos"},{"floor":18,"key":"FairyPotion"},{"floor":24,"key":"Weak Potion"},{"floor":27,"key":"Weak Potion"}],"is_trial":false,"path_per_floor":["M","$","M","?","M","R","M","R","T","E","R","M","R","T","R","B",null,"M","$","M","?","M","R","E","R","T","?","$","M","M","M","R","B",null,"M","?","M","?","M","R","M","M","T","R","M","R","E","M","R","B",null],"character_chosen":"IRONCLAD","items_purchased":["Hemokinesis","Mayhem"],"campfire_rested":0,"item_purchase_floors":[2,19],"current_hp_per_floor":[60,60,65,56,54,54,56,56,56,38,38,25,25,25,25,15,76,78,78,80,67,56,56,28,28,28,45,45,45,61,67,67,39,60,65,64,64,64,64,64,64,48,48,48,64,64,64,64,64,42],"gold":385,"neow_bonus":"TWENTY_PERCENT_HP_BONUS","is_daily":false,"chose_seed":false,"campfire_upgraded":12,"win_rate":0.0,"timestamp":1609203723,"path_taken":["M","$","M","?","?","R","M","R","T","E","R","M","R","?","R","BOSS","M","$","M","?","M","R","E","R","T","?","$","M","M","M","R","BOSS","M","?","M","?","M","R","M","M","T","R","M","R","E","M","R","BOSS"],"items_purchased_type":["Card","Card"],"build_version":"2020-12-22","purchased_purges":3,"victory":true,"max_hp_per_floor":[96,96,96,96,96,96,96,96,96,96,96,96,96,96,96,96,96,96,96,96,67,67,67,67,67,67,67,67,67,67,67,67,67,67,67,64,64,64,64,64,64,64,64,64,64,64,64,64,64,64],"card_choices":[{"not_picked":["Bloodletting","Rupture","Wild Strike"],"picked":"SKIP","floor":1.0},{"not_picked":["Rage","Sever Soul","Anger"],"picked":"SKIP","floor":3.0},{"not_picked":["Intimidate","Thunderclap"],"picked":"Headbutt","floor":5.0},{"not_picked":["Reaper","Headbutt","Pummel"],"picked":"SKIP","floor":7.0},{"not_picked":["Exhume","Havoc"],"picked":"Searing Blow","floor":10.0},{"not_picked":["Seeing Red","Armaments"],"picked":"Iron Wave","floor":12.0},{"not_picked":["Corruption","Berserk"],"picked":"Impervious","floor":16},{"not_picked":["Sword Boomerang","Combust+1"],"picked":"Pommel Strike+1","floor":18},{"not_picked":["Entrench","Anger","Heavy Blade"],"picked":"SKIP","floor":20},{"not_picked":["Armaments","Anger"],"picked":"Limit Break","floor":22},{"not_picked":["Fiend Fire","Pummel+1"],"picked":"Shrug It Off","floor":24},{"not_picked":["Warcry","Heavy Blade","Pommel Strike+1"],"picked":"SKIP","floor":29},{"not_picked":["Pommel Strike","Shrug It Off","Body Slam+1"],"picked":"SKIP","floor":30},{"not_picked":["Perfected Strike","Sever Soul"],"picked":"Barricade","floor":31},{"not_picked":["Demon Form","Feed"],"picked":"Impervious","floor":33},{"not_picked":["Power Through","True Grit+1","Armaments+1"],"picked":"SKIP","floor":35},{"not_picked":["Cleave+1","Hemokinesis"],"picked":"Flex","floor":37},{"not_picked":["Bloodletting+1","Sword Boomerang","Warcry"],"picked":"SKIP","floor":39},{"not_picked":["Sever Soul","Seeing Red+1"],"picked":"Body Slam","floor":41},{"not_picked":["Pummel+1","Infernal Blade+1","Headbutt"],"picked":"SKIP","floor":42},{"not_picked":["Fire Breathing+1","Intimidate","Shrug It Off+1"],"picked":"SKIP","floor":45},{"not_picked":["Dark Embrace+1","Power Through"],"picked":"Entrench+1","floor":47},{"not_picked":["Sentinel+1","Shrug It Off+1"],"picked":"Body Slam+1","floor":48}],"player_experience":337592,"relics_obtained":[{"floor":9.0,"key":"Gremlin Horn"},{"floor":10.0,"key":"The Courier"},{"floor":14.0,"key":"Dream Catcher"},{"floor":24,"key":"Kunai"},{"floor":26,"key":"Red Skull"},{"floor":27,"key":"Red Mask"},{"floor":47,"key":"Frozen Egg 2"}],"event_choices":[{"damage_healed":0.0,"max_hp_gain":0.0,"max_hp_loss":0.0,"gold_gain":0.0,"event_name":"Wheel of Change","player_choice":"Damaged","floor":4.0,"gold_loss":0.0,"damage_taken":9.0},{"damage_healed":0,"gold_gain":0,"player_choice":"Became a vampire","damage_taken":0,"max_hp_gain":0,"max_hp_loss":29,"event_name":"Vampires","floor":21,"gold_loss":0,"cards_obtained":["Bite","Bite","Bite","Bite","Bite"]},{"damage_healed":0,"gold_gain":0,"player_choice":"Fought Bandits","damage_taken":0,"max_hp_gain":0,"max_hp_loss":0,"event_name":"Masked Bandits","floor":27,"gold_loss":0},{"damage_healed":0,"gold_gain":0,"player_choice":"Max HP","damage_taken":0,"max_hp_gain":0,"max_hp_loss":3,"event_name":"Winding Halls","floor":36,"gold_loss":0},{"damage_healed":0,"gold_gain":0,"player_choice":"Upgraded","damage_taken":0,"max_hp_gain":0,"max_hp_loss":0,"event_name":"Upgrade Shrine","floor":38,"gold_loss":0,"cards_upgraded":["Searing Blow"]}],"is_beta":false,"boss_relics":[{"not_picked":["Pandora\u0027s Box","Empty Cage"],"picked":"Coffee Dripper"},{"not_picked":["Runic Dome","Astrolabe"],"picked":"Sozu"}],"items_purged_floors":[2,19,28],"is_endless":false,"potions_floor_spawned":[1,5,10,16,18,24,27,30,39,41,48],"ascension_level":6}}