{"host":"1eo5f82aifdzd7pr","time":1609246763,"event":{"mods":["AchievementEnabler","BaseMod","Colored Map","Colored Powertips","DeckTracker","Minty Spire (QoL Compilation)","SuperFastMode","The Servant 0.9.4"],"gold_per_floor":[13,31,51,104,115,115,115,158,237,252,232,232,263,286,286,412,412,427,468,207,228,253,253,288,288,334,357,357,371,396,521,521,650,650,663,996,1047,1047,1047,1079,1079,1110,1133,1133,1159,1171,130,145,145,145,145,145,20,48,48],"floor_reached":56,"playtime":4965,"items_purged":["Defend_S","Writhe","Strike_S"],"score":1928,"play_id":"e649542e-aa21-4b46-83c3-d31b1f9992a9","local_time":"20201229145923","is_ascension_mode":true,"campfire_choices":[{"data":"Defy","floor":6,"key":"SMITH"},{"data":"Barrier","floor":12,"key":"SMITH"},{"floor":15,"key":"REST"},{"data":"Exchange","floor":23,"key":"SMITH"},{"data":"BottledTime","floor":28,"key":"SMITH"},{"data":"ShatteredReality","floor":32,"key":"SMITH"},{"floor":41,"key":"RECALL"},{"data":"FlawlessForm","floor":44,"key":"SMITH"},{"data":"Moonlight","floor":49,"key":"SMITH"},{"data":"Sadistic Nature","floor":52,"key":"SMITH"}],"circlet_count":0,"master_deck":["Strike_S","Strike_S","Defend_S","Defend_S","KidneyShot","Exchange+1","Moonlight+1","Defy+1","ShatteredReality+1","BottledTime+1","Barrier+1","TimeTheft","InstantArmor","SilverMatrix","Contraction+1","Rewind+1","Master of Strategy","MoonPhase+1","Rearm+1","SurpressingFire+1","Dilation+1","FlawlessForm+1","TimeTheft+1","Violence+1","MoonPhase+1","BottledTime+1","StarChef","Sadistic Nature+1","SilverBlades+1","Duplication+1","DualDimension+1"],"relics":["SplendidAttire","Vajra","Letter Opener","Shuriken","Ancient Tea Set","SlaversCollar","Red Mask","Toxic Egg 2","Prayer Wheel","PreservedInsect","Dead Branch","Sundial","Bird Faced Urn","Lantern","Pen Nib","Broom","Lee\u0027s Waffle","MealTicket","StoneCalendar","Kunai"],"acts_visited":["Exordium","TheCity","TheBeyond","TheEnding"],"potions_floor_usage":[8,8,19,19,31,33,46,54,54,54,54,55],"damage_taken":[{"damage":0,"enemies":"Cultist","floor":1,"turns":4},{"damage":5,"enemies":"2 Louse","floor":2,"turns":2},{"damage":8,"enemies":"Small Slimes","floor":3,"turns":4},{"damage":0,"enemies":"Looter","floor":5,"turns":2},{"damage":5,"enemies":"3 Sentries","floor":8,"turns":8},{"damage":4,"enemies":"Exordium Wildlife","floor":10,"turns":2},{"damage":12,"enemies":"Gremlin Nob","floor":13,"turns":4},{"damage":7,"enemies":"3 Louse","floor":14,"turns":3},{"damage":0,"enemies":"The Guardian","floor":16,"turns":14},{"damage":0,"enemies":"2 Thieves","floor":18,"turns":4},{"damage":7,"enemies":"Masked Bandits","floor":19,"turns":6},{"damage":0,"enemies":"3 Byrds","floor":21,"turns":4},{"damage":0,"enemies":"Shelled Parasite and Fungi","floor":22,"turns":9},{"damage":0,"enemies":"Gremlin Leader","floor":24,"turns":8},{"damage":5,"enemies":"Centurion and Healer","floor":27,"turns":9},{"damage":0,"enemies":"Snake Plant","floor":29,"turns":4},{"damage":0,"enemies":"Cultist and Chosen","floor":30,"turns":5},{"damage":0,"enemies":"Colosseum Slavers","floor":31,"turns":3},{"damage":7,"enemies":"Colosseum Nobs","floor":31,"turns":5},{"damage":0,"enemies":"Champ","floor":33,"turns":4},{"damage":0,"enemies":"Orb Walker","floor":35,"turns":2},{"damage":0,"enemies":"2 Orb Walkers","floor":37,"turns":6},{"damage":0,"enemies":"Giant Head","floor":40,"turns":5},{"damage":0,"enemies":"Reptomancer","floor":42,"turns":3},{"damage":0,"enemies":"Nemesis","floor":45,"turns":3},{"damage":11,"enemies":"3 Shapes","floor":46,"turns":5},{"damage":0,"enemies":"Maw","floor":48,"turns":7},{"damage":36,"enemies":"Donu and Deca","floor":50,"turns":7},{"damage":37,"enemies":"Shield and Spear","floor":54,"turns":6},{"damage":14,"enemies":"The Heart","floor":55,"turns":9}],"seed_played":"-5062495585371623484","potions_obtained":[{"floor":1,"key":"DuplicationPotion"},{"floor":3,"key":"GamblersBrew"},{"floor":10,"key":"Energy Potion"},{"floor":11,"key":"Ancient Potion"},{"floor":14,"key":"FearPotion"},{"floor":18,"key":"Regen Potion"},{"floor":24,"key":"Energy Potion"},{"floor":27,"key":"Swift Potion"},{"floor":29,"key":"EntropicBrew"},{"floor":31,"key":"SteroidPotion"},{"floor":40,"key":"Weak Potion"},{"floor":46,"key":"Fruit Juice"}],"is_trial":false,"path_per_floor":["M","M","M","T","M","R","?","E","T","M","?","R","E","M","R","B",null,"M","?","$","M","M","R","E","?","T","M","R","M","M","?","R","B",null,"M","?","?","?","?","E","R","E","T","R","E","M","$","M","R","B",null,"R","$","E","B",null],"character_chosen":"THE_SERVANT","items_purchased":["Master of Strategy","Lee\u0027s Waffle","MealTicket","StoneCalendar","Dexterity Potion","StarChef","Sadistic Nature"],"campfire_rested":1,"item_purchase_floors":[20,47,47,47,47,47,47],"current_hp_per_floor":[59,54,46,46,46,46,46,41,41,37,37,37,25,18,36,36,54,54,47,47,47,47,47,47,47,47,42,42,42,42,49,49,49,57,57,57,57,57,57,57,57,57,57,57,57,53,69,69,69,43,63,63,69,42,52],"gold":48,"neow_bonus":"REMOVE_TWO","is_daily":false,"chose_seed":false,"campfire_upgraded":8,"win_rate":0.0,"timestamp":1609246763,"path_taken":["M","M","M","?","?","R","?","E","T","M","?","R","E","M","R","BOSS","M","?","$","M","M","R","E","?","T","M","R","M","M","?","R","BOSS","M","?","?","?","?","E","R","E","T","R","E","M","$","M","R","BOSS","R","$","E","BOSS"],"items_purchased_type":["Card","Relic","Relic","Relic","Potion","Card","Card"],"build_version":"2020-12-22","purchased_purges":3,"victory":true,"max_hp_per_floor":[65,65,65,65,65,65,60,60,60,60,60,60,60,60,60,60,60,60,60,60,60,60,60,60,60,60,60,60,60,60,60,60,60,60,60,60,60,60,57,57,57,57,57,57,57,62,69,69,69,69,69,69,69,69,69],"card_choices":[{"not_picked":["Misdirection","InstantArmor"],"picked":"Moonlight","floor":1},{"not_picked":["ReturningBlade","Manipulate","FastForward"],"picked":"SKIP","floor":2},{"not_picked":["ShatteredReality","DoubleEdge"],"picked":"Defy","floor":3},{"not_picked":["Defy","BottledTime"],"picked":"ShatteredReality","floor":5},{"not_picked":["RealityMarble","Reset"],"picked":"BottledTime","floor":8},{"not_picked":["Ricochet","Snipe"],"picked":"Barrier","floor":10},{"not_picked":["Rearm","Starlight"],"picked":"TimeTheft","floor":13},{"not_picked":["TimeWarp","Ricochet"],"picked":"InstantArmor","floor":14},{"not_picked":["SoulSculpture","Duplication"],"picked":"SilverMatrix","floor":16},{"not_picked":["BestPractice+1","MoonPhase"],"picked":"Contraction+1","floor":18},{"not_picked":["Spin","Ricochet"],"picked":"Rewind+1","floor":19},{"not_picked":["DoubleEdge+1","Potential","Alleviate+1"],"picked":"SKIP","floor":21},{"not_picked":["Defy","PendulumOfEternity"],"picked":"MoonPhase+1","floor":22},{"not_picked":["MoonPhase","ReturningBlade+1","StarChef"],"picked":"SKIP","floor":24},{"not_picked":["Manipulate+1","DoubleEdge"],"picked":"Rearm+1","floor":27},{"not_picked":["Rearm+1","Revamp+1","FastForward+1"],"picked":"SKIP","floor":27},{"not_picked":["TimeWarp","Desolation","Replace+1"],"picked":"SKIP","floor":29},{"not_picked":["ReturningBlade","Unruled","Ricochet"],"picked":"SKIP","floor":29},{"not_picked":["TimeWarp","FastForward+1"],"picked":"SurpressingFire+1","floor":30},{"not_picked":["Rearm+1","Starlight+1","Rewind+1"],"picked":"SKIP","floor":30},{"not_picked":["FastForward+1","Revamp+1"],"picked":"Dilation+1","floor":31},{"not_picked":["Duplication+1","Embodiment"],"picked":"FlawlessForm","floor":33},{"not_picked":["Ricochet+1","TimeWarp+1"],"picked":"TimeTheft+1","floor":35},{"not_picked":["Ricochet+1","FanOfKnives+1","Defy+1"],"picked":"SKIP","floor":35},{"not_picked":["Secret Weapon+1","Bandage Up+1"],"picked":"Violence+1","floor":38},{"not_picked":["Starlight+1","DualDimension+1","Gouge"],"picked":"SKIP","floor":40},{"not_picked":["SpecialFormula+1","BottledTime+1"],"picked":"MoonPhase+1","floor":42},{"not_picked":["Starlight+1","ReturningBlade","RealityMarble"],"picked":"SKIP","floor":45},{"not_picked":["Replace+1","ShatteredReality"],"picked":"BottledTime+1","floor":46},{"not_picked":["Potential+1","Contraction+1","Moonlight+1"],"picked":"SKIP","floor":46},{"not_picked":["Replace+1","Defy+1"],"picked":"SilverBlades+1","floor":48},{"not_picked":["BestPractice","TimeWarp"],"picked":"Duplication+1","floor":48},{"not_picked":["TimeWarp+1","MoonPhase"],"picked":"DualDimension+1","floor":54}],"player_experience":742070,"relics_obtained":[{"floor":4,"key":"Vajra"},{"floor":8,"key":"Letter Opener"},{"floor":9,"key":"Shuriken"},{"floor":13,"key":"Ancient Tea Set"},{"floor":19,"key":"Red Mask"},{"floor":24,"key":"Toxic Egg 2"},{"floor":26,"key":"PreservedInsect"},{"floor":31,"key":"Dead Branch"},{"floor":31,"key":"Sundial"},{"floor":37,"key":"Bird Faced Urn"},{"floor":40,"key":"Lantern"},{"floor":42,"key":"Pen Nib"},{"floor":45,"key":"Broom"},{"floor":54,"key":"Kunai"}],"event_choices":[{"damage_healed":0,"gold_gain":0,"player_choice":"Lose Max HP","damage_taken":0,"relics_obtained":["Golden Idol"],"max_hp_gain":0,"max_hp_loss":5,"event_name":"Golden Idol","floor":7,"gold_loss":0},{"damage_healed":0,"gold_gain":0,"player_choice":"Bought 1 Potion","damage_taken":0,"max_hp_gain":0,"max_hp_loss":0,"event_name":"The Woman in Blue","floor":11,"gold_loss":0},{"damage_healed":0,"gold_gain":0,"player_choice":"Fought Bandits","damage_taken":0,"max_hp_gain":0,"max_hp_loss":0,"event_name":"Masked Bandits","floor":19,"gold_loss":0},{"damage_healed":0,"gold_gain":0,"player_choice":"Opened","damage_taken":0,"relics_obtained":["Prayer Wheel"],"max_hp_gain":0,"max_hp_loss":0,"event_name":"The Mausoleum","floor":25,"gold_loss":0,"cards_obtained":["Writhe"]},{"damage_healed":0,"gold_gain":0,"player_choice":"Fight","damage_taken":0,"max_hp_gain":0,"max_hp_loss":0,"event_name":"Colosseum","floor":31,"gold_loss":0},{"damage_healed":0,"gold_gain":0,"player_choice":"Fought Nobs","damage_taken":0,"max_hp_gain":0,"max_hp_loss":0,"event_name":"Colosseum","floor":31,"gold_loss":0},{"damage_healed":0,"gold_gain":333,"player_choice":"Gave Idol","damage_taken":0,"max_hp_gain":0,"max_hp_loss":0,"event_name":"The Moai Head","floor":36,"relics_lost":["Golden Idol"],"gold_loss":0},{"damage_healed":0,"gold_gain":0,"player_choice":"Fight","damage_taken":0,"max_hp_gain":0,"max_hp_loss":0,"event_name":"Mysterious Sphere","floor":37,"gold_loss":0},{"damage_healed":0,"gold_gain":0,"player_choice":"Memory 1","damage_taken":0,"max_hp_gain":0,"max_hp_loss":0,"event_name":"SensoryStone","floor":38,"gold_loss":0},{"damage_healed":0,"gold_gain":0,"player_choice":"Max HP","damage_taken":0,"max_hp_gain":0,"max_hp_loss":3,"event_name":"Winding Halls","floor":39,"gold_loss":0}],"is_beta":false,"boss_relics":[{"not_picked":["Philosopher\u0027s Stone","Busted Crown"],"picked":"SlaversCollar"},{"not_picked":["Runic Dome","SacredBark"],"picked":"SplendidAttire"}],"items_purged_floors":[20,47,53],"is_endless":false,"potions_floor_spawned":[1,3,10,14,18,24,27,29,31,31,40,42,45,46,48],"ascension_level":9}}