{"host":"zig6x0mxqzam82fb","time":1609275498,"event":{"mods":["BaseMod","Block Reminder","Colored Map","Colored Powertips","Marisa????????","Minty Spire (QoL Compilation)","Relic Stats","StSLib","The Cursed","The Marked","Waifu the Spire"],"gold_per_floor":[115,115,134,159,139,155,191,206,277,311,327,366,385,0,0,129,129,154,154,169,268,288,322,105,105,105,105,120,120,133,164,164,292,292,317,342,361,361,14,14,14,35,108,108,171,184,225,225,225,225],"floor_reached":51,"playtime":5917,"items_purged":["TheCursedMod:Defend_TheCursed"],"score":839,"play_id":"35343284-bfac-415e-a6c0-267a3cc9f017","local_time":"20201229155818","is_ascension_mode":false,"campfire_choices":[{"data":"TheCursedMod:ReleasedKnowledge","floor":15.0,"key":"SMITH"},{"data":"TheCursedMod:CollectTribute","floor":25.0,"key":"SMITH"},{"data":"TheCursedMod:NeowsMight","floor":27.0,"key":"SMITH"},{"data":"TheCursedMod:RapidMovement","floor":29.0,"key":"SMITH"},{"floor":32,"key":"REST"},{"data":"Panache","floor":40,"key":"SMITH"},{"floor":44,"key":"RECALL"},{"data":"TheCursedMod:Neurasthenia","floor":49,"key":"SMITH"}],"circlet_count":0,"master_deck":["TheCursedMod:Strike_TheCursed","TheCursedMod:Defend_TheCursed","TheCursedMod:Defend_TheCursed","TheCursedMod:Defend_TheCursed","TheCursedMod:CursedWand","TheCursedMod:CleanUpWorkshop","TheCursedMod:Dregs","TheCursedMod:CursedStaff","Injury","TheCursedMod:CursedMace","TheCursedMod:BlessingInDisguise","TheCursedMod:SmokeScreen","TheCursedMod:CursedSpellbook","TheCursedMod:ReleasedStrength","TheCursedMod:BloodBarrier","TheCursedMod:NeowsMight+1","TheCursedMod:CircleOfFlame","TheCursedMod:RapidMovement+1","TheCursedMod:ReleasedKnowledge+1","TheCursedMod:CollectTribute+1","TheCursedMod:TacticalStrike+1","TheCursedMod:CursedArmor+1","TheCursedMod:StunningStrike+1","TheCursedMod:HellsGateOpen+1","TheCursedMod:ReleasedKnowledge+1","TheCursedMod:FleshFromBone","TheCursedMod:LuckyCharm","TheCursedMod:DemonSword","TheCursedMod:RapidMovement","TheCursedMod:Obscuration","TheCursedMod:RapidMovement+1","TheCursedMod:ShockAndAwe","TheCursedMod:Stigma+1","TheCursedMod:Wield+1","Parasite","TheCursedMod:CircleOfCorruption","Panache+1","TheCursedMod:Neurasthenia+1","TheCursedMod:Neurasthenia","Wraith"],"relics":["TheCursedMod:BlackMagic101","Golden Idol","Mercury Hourglass","HornCleat","TheCursedMod:MagicCandle","PreservedInsect","TheCursedMod:SoulVessel","Astrolabe","Akabeko","Pear","StrikeDummy","Philosopher\u0027s Stone","Oddly Smooth Stone","Eternal Feather","Thread and Needle","Mango"],"acts_visited":["Exordium","TheCity","TheBeyond"],"potions_floor_usage":[50,50,50],"damage_taken":[{"damage":2.0,"enemies":"Jaw Worm","floor":1.0,"turns":4.0},{"damage":3.0,"enemies":"Small Slimes","floor":3.0,"turns":3.0},{"damage":0.0,"enemies":"Cultist","floor":4.0,"turns":2.0},{"damage":0.0,"enemies":"Exordium Wildlife","floor":6.0,"turns":3.0},{"damage":0.0,"enemies":"Gremlin Nob","floor":7.0,"turns":3.0},{"damage":8.0,"enemies":"Large Slime","floor":8.0,"turns":5.0},{"damage":13.0,"enemies":"3 Sentries","floor":10.0,"turns":6.0},{"damage":2.0,"enemies":"Exordium Thugs","floor":11.0,"turns":4.0},{"damage":0.0,"enemies":"Gremlin Nob","floor":12.0,"turns":3.0},{"damage":0.0,"enemies":"Lots of Slimes","floor":13.0,"turns":2.0},{"damage":16.0,"enemies":"Slime Boss","floor":16.0,"turns":7.0},{"damage":10.0,"enemies":"3 Byrds","floor":18.0,"turns":5.0},{"damage":0.0,"enemies":"Chosen","floor":20.0,"turns":3.0},{"damage":5.0,"enemies":"3 Cultists","floor":22.0,"turns":5.0},{"damage":20.0,"enemies":"Gremlin Leader","floor":23.0,"turns":5.0},{"damage":10.0,"enemies":"Centurion and Healer","floor":28.0,"turns":5.0},{"damage":1.0,"enemies":"Snake Plant","floor":30.0,"turns":3.0},{"damage":32.0,"enemies":"Slavers","floor":31.0,"turns":5.0},{"damage":18,"enemies":"Collector","floor":33,"turns":10},{"damage":6,"enemies":"3 Darklings","floor":35,"turns":4},{"damage":11,"enemies":"Orb Walker","floor":36,"turns":2},{"damage":0,"enemies":"Writhing Mass","floor":37,"turns":4},{"damage":0,"enemies":"4 Shapes","floor":42,"turns":3},{"damage":16,"enemies":"2 Orb Walkers","floor":45,"turns":5},{"damage":9,"enemies":"Transient","floor":46,"turns":5},{"damage":13,"enemies":"Reptomancer","floor":47,"turns":5},{"damage":25,"enemies":"Awakened One","floor":50,"turns":10}],"seed_played":"6032084125422644201","potions_obtained":[{"floor":1.0,"key":"Fruit Juice"},{"floor":4.0,"key":"SneckoOil"},{"floor":5.0,"key":"LiquidBronze"},{"floor":6.0,"key":"Swift Potion"},{"floor":10.0,"key":"LiquidMemories"},{"floor":18.0,"key":"Fruit Juice"},{"floor":23.0,"key":"PowerPotion"},{"floor":28.0,"key":"Strength Potion"},{"floor":30.0,"key":"Swift Potion"},{"floor":35,"key":"Block Potion"},{"floor":42,"key":"SkillPotion"}],"is_trial":false,"path_per_floor":["M","?","M","M","?","M","E","M","T","E","M","E","M","$","R","B",null,"M","?","M","?","M","E","$","R","T","R","M","R","M","E","R","B",null,"M","M","M","?","$","R","$","M","T","R","?","M","E","?","R","B",null],"character_chosen":"THE_CURSED","items_purchased":["TheCursedMod:SoulVessel","TheCursedMod:ReleasedKnowledge","TheCursedMod:DemonSword","Panache","Oddly Smooth Stone"],"campfire_rested":1,"item_purchase_floors":[14,14,24,39,39],"current_hp_per_floor":[85,85,82,82,82,82,82,74,74,61,59,59,59,59,59,50,87,87,87,89,89,92,76,76,76,86,86,85,85,88,64,94,97,102,102,92,102,102,102,102,102,102,102,102,95,93,100,100,116,116],"gold":225,"neow_bonus":"TEN_PERCENT_HP_BONUS","is_daily":false,"chose_seed":false,"campfire_upgraded":6,"win_rate":0.0,"timestamp":1609275498,"path_taken":["M","?","M","M","?","M","E","M","T","E","?","E","M","$","R","BOSS","M","?","M","?","?","E","?","R","T","R","M","R","M","E","R","BOSS","M","M","M","?","$","R","?","?","T","R","?","M","E","?","R","BOSS"],"items_purchased_type":["Relic","Card","Card","Card","Relic"],"build_version":"2020-12-22","purchased_purges":1,"victory":true,"max_hp_per_floor":[87,87,87,87,87,87,87,87,87,87,87,87,87,87,87,87,87,92,92,92,92,92,92,92,92,102,102,102,102,102,102,102,102,102,102,102,102,102,102,102,102,102,102,102,102,102,116,116,116,116],"relic_stats":{"counters":[27,120],"Golden Idol":193,"Astrolabe":["TheCursedMod:TacticalStrike","TheCursedMod:CursedArmor","TheCursedMod:StunningStrike"],"Eternal Feather":16,"PreservedInsect":143,"obtain_stats":[{"TheCursedMod:BlackMagic101":0,"Pear":26,"Golden Idol":2,"Astrolabe":17,"Oddly Smooth Stone":39,"Eternal Feather":43,"Thread and Needle":45,"Mango":47,"PreservedInsect":12,"TheCursedMod:MagicCandle":10,"Akabeko":23,"Mercury Hourglass":7,"HornCleat":9,"Philosopher\u0027s Stone":34,"StrikeDummy":31,"TheCursedMod:SoulVessel":14},{"TheCursedMod:BlackMagic101":0,"Pear":15,"Golden Idol":1,"Astrolabe":11,"Oddly Smooth Stone":22,"Eternal Feather":23,"Thread and Needle":24,"Mango":26,"PreservedInsect":9,"TheCursedMod:MagicCandle":7,"Akabeko":15,"Mercury Hourglass":5,"HornCleat":6,"Philosopher\u0027s Stone":19,"StrikeDummy":18,"TheCursedMod:SoulVessel":10},{"TheCursedMod:BlackMagic101":0,"Pear":59,"Golden Idol":4,"Astrolabe":42,"Oddly Smooth Stone":92,"Eternal Feather":95,"Thread and Needle":100,"Mango":110,"PreservedInsect":33,"TheCursedMod:MagicCandle":26,"Akabeko":59,"Mercury Hourglass":15,"HornCleat":20,"Philosopher\u0027s Stone":82,"StrikeDummy":72,"TheCursedMod:SoulVessel":35}],"Mercury Hourglass":[545]},"card_choices":[{"not_picked":["TheCursedMod:Stigma","TheCursedMod:SmokeScreen"],"picked":"TheCursedMod:CursedStaff","floor":1.0},{"not_picked":["TheCursedMod:DoubleShield","TheCursedMod:VitalStrike"],"picked":"TheCursedMod:CursedMace","floor":3.0},{"not_picked":["TheCursedMod:Obscuration","TheCursedMod:CursedShiv"],"picked":"TheCursedMod:BlessingInDisguise","floor":4.0},{"not_picked":["TheCursedMod:VitalStrike","TheCursedMod:ManaBullet"],"picked":"TheCursedMod:SmokeScreen","floor":6.0},{"not_picked":["TheCursedMod:Grudge","TheCursedMod:WearCloak"],"picked":"TheCursedMod:CursedSpellbook","floor":7.0},{"not_picked":["TheCursedMod:CursedBlade","TheCursedMod:SaltUponWound"],"picked":"TheCursedMod:ReleasedStrength","floor":8.0},{"not_picked":["TheCursedMod:AbyssShockwave","TheCursedMod:SmokeScreen"],"picked":"TheCursedMod:BloodBarrier","floor":10.0},{"not_picked":["TheCursedMod:TroublousMinions","TheCursedMod:CursedBoomerang"],"picked":"TheCursedMod:NeowsMight","floor":11.0},{"not_picked":["TheCursedMod:AbyssShockwave","TheCursedMod:AshesToAshes"],"picked":"TheCursedMod:CircleOfFlame","floor":12.0},{"not_picked":["TheCursedMod:Torture","TheCursedMod:CircleOfFocus"],"picked":"TheCursedMod:RapidMovement","floor":13.0},{"not_picked":["TheCursedMod:CircleOfAbyss","TheCursedMod:VoidForm"],"picked":"TheCursedMod:CollectTribute","floor":16.0},{"not_picked":["TheCursedMod:CursedArmor","TheCursedMod:StingEye+1"],"picked":"TheCursedMod:HellsGateOpen+1","floor":18.0},{"not_picked":["TheCursedMod:EmpowerCircles","TheCursedMod:SoulReap"],"picked":"TheCursedMod:FleshFromBone","floor":20.0},{"not_picked":["TheCursedMod:Grudge","TheCursedMod:TroublousMinions"],"picked":"TheCursedMod:LuckyCharm","floor":22.0},{"not_picked":["TheCursedMod:Stigma","TheCursedMod:Torture","TheCursedMod:SpitefulPlan"],"picked":"SKIP","floor":23.0},{"not_picked":["TheCursedMod:SpitefulStrike+1","TheCursedMod:StingEye+1"],"picked":"TheCursedMod:RapidMovement","floor":28.0},{"not_picked":["TheCursedMod:RavingStaff","TheCursedMod:SmokeScreen+1"],"picked":"TheCursedMod:Obscuration","floor":30.0},{"not_picked":["TheCursedMod:Stigma+1","TheCursedMod:SmokeScreen"],"picked":"TheCursedMod:RapidMovement+1","floor":31.0},{"not_picked":["TheCursedMod:DarkBarrier","TheCursedMod:ManaCirculation"],"picked":"TheCursedMod:ShockAndAwe","floor":33},{"not_picked":["TheCursedMod:Stretching","TheCursedMod:TroublousMinions+1"],"picked":"TheCursedMod:Stigma+1","floor":35},{"not_picked":["TheCursedMod:FuryStrike+1","TheCursedMod:VitalStrike"],"picked":"TheCursedMod:Wield+1","floor":36},{"not_picked":["TheCursedMod:Hemoplague","TheCursedMod:VitalStrike"],"picked":"TheCursedMod:CircleOfCorruption","floor":37},{"not_picked":["TheCursedMod:RapidMovement","TheCursedMod:Evocation+1"],"picked":"TheCursedMod:Neurasthenia","floor":42},{"not_picked":["TheCursedMod:VitalStrike+1","TheCursedMod:RavingStaff","TheCursedMod:Torture+1"],"picked":"SKIP","floor":46},{"not_picked":["TheCursedMod:Stretching","TheCursedMod:Stigma+1"],"picked":"TheCursedMod:Neurasthenia","floor":47}],"player_experience":390491,"relics_obtained":[{"floor":7.0,"key":"Mercury Hourglass"},{"floor":9.0,"key":"HornCleat"},{"floor":10.0,"key":"TheCursedMod:MagicCandle"},{"floor":12.0,"key":"PreservedInsect"},{"floor":23.0,"key":"Akabeko"},{"floor":26.0,"key":"Pear"},{"floor":31.0,"key":"StrikeDummy"},{"floor":43,"key":"Eternal Feather"},{"floor":45,"key":"Thread and Needle"},{"floor":47,"key":"Mango"}],"event_choices":[{"damage_healed":0.0,"max_hp_gain":0.0,"max_hp_loss":0.0,"gold_gain":0.0,"event_name":"Golden Idol","player_choice":"Take Wound","floor":2.0,"gold_loss":0.0,"damage_taken":0.0,"relics_obtained":["Golden Idol"],"cards_obtained":["Injury"]},{"damage_healed":0.0,"max_hp_gain":0.0,"max_hp_loss":0.0,"gold_gain":0.0,"event_name":"The Woman in Blue","player_choice":"Bought 1 Potion","floor":5.0,"gold_loss":0.0,"damage_taken":0.0},{"damage_healed":0.0,"max_hp_gain":0.0,"max_hp_loss":0.0,"gold_gain":0.0,"event_name":"The Library","player_choice":"Read","floor":19.0,"gold_loss":0.0,"damage_taken":0.0,"cards_obtained":["TheCursedMod:ReleasedKnowledge"]},{"damage_healed":0.0,"max_hp_gain":0.0,"max_hp_loss":0.0,"gold_gain":99.0,"event_name":"Nest","player_choice":"Stole From Cult","floor":21.0,"gold_loss":0.0,"damage_taken":0.0},{"damage_healed":0,"gold_gain":0,"player_choice":"Upgraded","damage_taken":0,"max_hp_gain":0,"max_hp_loss":0,"event_name":"Upgrade Shrine","floor":38,"gold_loss":0,"cards_upgraded":["TheCursedMod:ReleasedKnowledge"]},{"damage_healed":0,"gold_gain":0,"player_choice":"Fight","damage_taken":0,"max_hp_gain":0,"max_hp_loss":0,"event_name":"Mysterious Sphere","floor":45,"gold_loss":0},{"damage_healed":0,"gold_gain":0,"player_choice":"Ignored","damage_taken":0,"max_hp_gain":0,"max_hp_loss":0,"event_name":"OrinTheCat","floor":48,"gold_loss":0}],"is_beta":false,"boss_relics":[{"not_picked":["Ectoplasm","Busted Crown"],"picked":"Astrolabe"},{"not_picked":["Runic Pyramid","Fusion Hammer"],"picked":"Philosopher\u0027s Stone"}],"items_purged_floors":[24],"is_endless":false,"potions_floor_spawned":[1,4,6,10,12,18,23,28,30,35,42,45,47],"ascension_level":0}}