{"host":"2d1gdrpn8mmx8hh1","time":1609265758,"event":{"mods":["BaseMod","Minty Spire (QoL Compilation)","Replay The Spire","StSLib"],"gold_per_floor":[114,129,144,159,174,204,29,29,29,59,124,124,139,154,154,254,254,254],"floor_reached":17,"playtime":1277,"items_purged":[],"score":219,"play_id":"94d53afb-86ee-4cd5-a444-134bae73b8b0","local_time":"20201229121558","daily_mods":["Allstar","Red Cards","Night Terrors"],"is_ascension_mode":false,"campfire_choices":[{"floor":8.0,"key":"REST"},{"data":"Eruption","floor":12.0,"key":"SMITH"},{"data":"Armaments","floor":15.0,"key":"SMITH"}],"circlet_count":0,"master_deck":["Strike_P","Strike_P","Strike_P","Strike_P","Defend_P","Defend_P","Defend_P","Defend_P","Eruption+1","Vigilance","Purity","Thinking Ahead","Mind Blast","Trip","Secret Weapon","FollowUp","CutThroughFate","Headbutt","WreathOfFlame","Armaments+1","Perseverance","EmptyBody","Sever Soul","Swivel","FollowUp"],"relics":["PureWater","Pocketwatch","Orichalcum","Dream Catcher","Happy Flower","SlaversCollar"],"acts_visited":["TheCity"],"potions_floor_usage":[],"damage_taken":[{"damage":6.0,"enemies":"Jaw Worm","floor":1.0,"turns":3.0},{"damage":0.0,"enemies":"2 Louse","floor":2.0,"turns":1.0},{"damage":0.0,"enemies":"Cultist","floor":3.0,"turns":3.0},{"damage":21.0,"enemies":"Large Slime","floor":4.0,"turns":6.0},{"damage":25.0,"enemies":"Exordium Thugs","floor":5.0,"turns":3.0},{"damage":36.0,"enemies":"Lagavulin","floor":6.0,"turns":4.0},{"damage":12.0,"enemies":"Gremlin Nob","floor":10.0,"turns":3.0},{"damage":3.0,"enemies":"Lots of Slimes","floor":13.0,"turns":3.0},{"damage":0.0,"enemies":"2 Fungi Beasts","floor":14.0,"turns":3.0},{"damage":0.0,"enemies":"Slime Boss","floor":16.0,"turns":4.0}],"seed_played":"6838610760785432018","potions_obtained":[{"floor":1.0,"key":"ColorlessPotion"},{"floor":3.0,"key":"FairyPotion"},{"floor":6.0,"key":"BottledMiracle"},{"floor":14.0,"key":"SpeedPotion"}],"is_trial":false,"path_per_floor":["M","M","M","M","M","E","$","R","T","E","?","R","M","M","R","B",null],"character_chosen":"WATCHER","items_purchased":["Orichalcum","EmptyBody"],"campfire_rested":1,"item_purchase_floors":[7,7],"current_hp_per_floor":[66,66,66,45,20,21,21,67,67,55,55,55,52,52,52,52,67,67],"gold":254,"neow_bonus":"","is_daily":true,"chose_seed":false,"campfire_upgraded":2,"win_rate":0.0,"timestamp":1609265758,"path_taken":["M","M","M","M","M","E","$","R","T","E","?","R","M","M","R","BOSS"],"items_purchased_type":["Relic","Card"],"build_version":"2020-12-22","purchased_purges":0,"victory":false,"max_hp_per_floor":[72,72,72,72,72,72,72,67,67,67,67,67,67,67,67,67,67,67],"card_choices":[{"not_picked":["Anger","SashWhip"],"picked":"FollowUp","floor":1.0},{"not_picked":["WaveOfTheHand","Havoc"],"picked":"CutThroughFate","floor":2.0},{"not_picked":["Rupture","Anger"],"picked":"Headbutt","floor":3.0},{"not_picked":["Nirvana","SashWhip"],"picked":"WreathOfFlame","floor":4.0},{"not_picked":["Wild Strike","FearNoEvil"],"picked":"Armaments","floor":5.0},{"not_picked":["SpiritShield","Thunderclap"],"picked":"Perseverance","floor":6.0},{"not_picked":["Reckless Charge","Worship"],"picked":"Sever Soul","floor":10.0},{"not_picked":["Pummel","Anger"],"picked":"Swivel","floor":13.0},{"not_picked":["Warcry","EmptyMind"],"picked":"FollowUp","floor":14.0}],"player_experience":2915,"relics_obtained":[{"floor":6.0,"key":"Pocketwatch"},{"floor":9.0,"key":"Dream Catcher"},{"floor":10.0,"key":"Happy Flower"}],"event_choices":[{"damage_healed":0.0,"max_hp_gain":0.0,"max_hp_loss":0.0,"gold_gain":65.0,"event_name":"Golden Wing","player_choice":"Gained Gold","floor":11.0,"gold_loss":0.0,"damage_taken":0.0}],"is_beta":false,"boss_relics":[{"not_picked":["Empty Cage","Astrolabe"],"picked":"SlaversCollar"}],"items_purged_floors":[],"is_endless":false,"potions_floor_spawned":[1,3,6,14],"ascension_level":0}}