{"host":"bk3gpzeffbx7m7po","time":1609272726,"event":{"mods":["A Magickal Journey","AchievementEnabler","Act Like it!","Aspiration","Astrologer","Bartender","BaseMod","Better Third Choice","Better Vampires","CapriCore","Conspire","Downfall","Duelist Mod","Elementarium","Energized Spire","Friendly Minions","Gensokyo","GungeonMod","Hermit","Hero for Fun","Highlight Path","Hubris","Infinite Spire","Jorbs\u0027s Wanderer Trilogy","Koishi","LagranYue(???·?)","Mad Scientist","Magitek Elite","Marisa????????","Melee Mod","Minty Spire (QoL Compilation)","Potionbrewer","Prisma Mod","Quick Restart","Random Character Button","Remilia??????","Replay The Spire","Shade Mod","Spicy Shops","StSLib","Synergy Search","The Administrix","The Animator","The Clintock","The Construct","The Cursed","The Disciple","The Exalted","The Hierophant","The Immortal","The Judge","The Mystic","The Necromancer","The Poker Player","The Runesmith","The Senshi","The Servant 0.9.4","The Spell Scribe","The Valiant","The Wild Card","TheArtist","TheFirefly"],"gold_per_floor":[113,133,146,157,157,183,248,248,248,248,248,266,279,295,320,339,339,438,438,455,455,455,119,129,161,175,175,175,175,204,216,216,58,58,157,157,169,192,203,280,280,280],"floor_reached":41,"playtime":5444,"items_purged":[],"score":433,"play_id":"d18d0da1-2df7-452b-af80-e377120f7c7a","local_time":"20201229201206","is_ascension_mode":false,"campfire_choices":[{"floor":8,"key":"REST"},{"floor":17,"key":"REST"},{"floor":27,"key":"REST"},{"floor":34,"key":"REST"}],"circlet_count":0,"master_deck":["MokouMod:HeatSpark","MokouMod:AdaptivePyromancy","MokouMod:IgnitionBlast","MokouMod:ScorchedEarth","MokouMod:IndiscriminateIgnition","MokouMod:Ember","MokouMod:Sear+1","MokouMod:RetainTemperature+1","MokouMod:FlareStarter+1","MokouMod:SpontaneousHumanCombustion+1","MokouMod:ThermalPressure+1","Replay:SS_forest_2","MokouMod:FujiyamaVolcano","MokouMod:PhoenixForm","Impervious+1","MokouMod:ScorchedEarth","MokouMod:IndiscriminateIgnition+1","MokouMod:HeartofFire","Iron Wave","Double Tap+1","MokouMod:FusionFlare","Life Link","MokouMod:FlickeringFlame","Dual Wield+1","MokouMod:RetainTemperature+1","Bloodletting+1","MokouMod:ShiftIgnition+1","MokouMod:Meltdown","MokouMod:Overheat+1"],"relics":["MokouMod:PhoenixFeather","LagranYue:RandomDrawCardRelic","NeowsBlessing","Omamori","Toxic Egg 2","Ornamental Fan","Protect_Vest","aspiration:IroncladSkillbook","betterThird:NestCultRelic","Ring of Hypnosis","conspire:Dentures","aspiration:TomeofQuesting","hubris:Reverence","GreatHeart","infinitespire:Beetle Shell","energizedSpire:SpiderWeb","DemoMod:MeltedRock","Pandora\u0027s Box","Replay:Rubber Ducky","DemoMod:ChaffGrenade"],"acts_visited":["Exordium","TheCity","TheBeyond"],"potions_floor_usage":[6,13,18,20,25,31],"damage_taken":[{"damage":0,"enemies":"2 Louse","floor":1,"turns":1},{"damage":0,"enemies":"Small Slimes","floor":2,"turns":2},{"damage":0,"enemies":"Cultist","floor":3,"turns":1},{"damage":18,"enemies":"Exordium Wildlife","floor":4,"turns":4},{"damage":20,"enemies":"Lagavulin","floor":6,"turns":7},{"damage":19,"enemies":"Blue Slaver","floor":12,"turns":4},{"damage":10,"enemies":"Large Slime","floor":13,"turns":3},{"damage":8,"enemies":"Red Slaver","floor":14,"turns":4},{"damage":11,"enemies":"Exordium Thugs","floor":16,"turns":4},{"damage":30,"enemies":"Fading Forest","floor":18,"turns":11},{"damage":3,"enemies":"conspire:FuzzyDice","floor":20,"turns":5},{"damage":5,"enemies":"Chosen","floor":24,"turns":6},{"damage":22,"enemies":"theDuelist:KaibaA2","floor":25,"turns":7},{"damage":35,"enemies":"Shelled Parasite and Fungi","floor":26,"turns":5},{"damage":10,"enemies":"conspire:Head Lice","floor":30,"turns":7},{"damage":28,"enemies":"Snake Plant","floor":31,"turns":5},{"damage":76,"enemies":"Collector","floor":35,"turns":7},{"damage":36,"enemies":"Orb Walker","floor":37,"turns":4},{"damage":36,"enemies":"3 Darklings","floor":39,"turns":7},{"damage":39,"enemies":"Orin","floor":41,"turns":6}],"seed_played":"1716449081744054656","potions_obtained":[{"floor":2,"key":"DistilledChaos"},{"floor":6,"key":"Energy Potion"},{"floor":7,"key":"CultistPotion"},{"floor":12,"key":"PowerPotion"},{"floor":14,"key":"SkillPotion"},{"floor":18,"key":"Block Potion"},{"floor":26,"key":"Flashbang"},{"floor":35,"key":"SteroidPotion"},{"floor":37,"key":"potionbrewer:NoxiousPotion"}],"is_trial":false,"path_per_floor":["M","M","M","M","?","E","?","R","PTL","PTL","T","M","M","M","T","M","R","B",null,"M","?","?","$","M","E","M","R","T","?","E","M","AVR","$","R","B",null,"M","T","M","T","?"],"character_chosen":"MKU","items_purchased":["conspire:Dentures","Replay:SS_forest_2","DemoMod:MeltedRock","MokouMod:HeartofFire"],"campfire_rested":4,"item_purchase_floors":[23,23,33,33],"current_hp_per_floor":[75,75,75,57,62,42,10,34,34,34,34,15,5,20,20,9,33,13,80,80,80,80,80,79,61,30,54,54,54,48,24,24,24,48,24,80,48,48,16,16,0,0],"gold":280,"neow_bonus":"THREE_ENEMY_KILL","is_daily":false,"chose_seed":false,"campfire_upgraded":0,"win_rate":0.0,"timestamp":1609272726,"path_taken":["M","M","M","M","?","E","?","R","PTL","PTL","T","M","M","?","?","M","R","BOSS","M","?","?","$","M","E","M","R","T","?","E","M","AVR","?","R","BOSS","M","?","?","?","?"],"items_purchased_type":["Relic","Card","Relic","Card"],"build_version":"2020-12-22","purchased_purges":0,"victory":false,"max_hp_per_floor":[75,75,75,75,80,80,80,80,80,80,80,80,80,80,80,80,80,80,80,80,80,80,80,80,80,80,80,80,80,80,80,80,80,80,80,80,80,80,80,80,80,80],"card_choices":[{"not_picked":["MokouMod:ScorchingColumn","MokouMod:BlazingComet"],"picked":"MokouMod:AdaptivePyromancy","floor":1},{"not_picked":["MokouMod:IcarusDive","MokouMod:BurningDraft"],"picked":"MokouMod:IgnitionBlast","floor":2},{"not_picked":["MokouMod:SearingShot","MokouMod:TemporalFireSeal","MokouMod:UncontrollableSolarReaction"],"picked":"SKIP","floor":3},{"not_picked":["MokouMod:ControlledCombustion","MokouMod:InfernalWave"],"picked":"MokouMod:ScorchedEarth","floor":4},{"not_picked":["MokouMod:ThermalPressure","MokouMod:RoaringFlare"],"picked":"MokouMod:IndiscriminateIgnition","floor":6},{"not_picked":["MokouMod:UncontrollableSolarReaction","MokouMod:AdaptivePyromancy"],"picked":"MokouMod:Ember","floor":7},{"not_picked":["MokouMod:Firecracker+1","MokouMod:AdaptivePyromancy"],"picked":"MokouMod:Sear+1","floor":12},{"not_picked":["MokouMod:BlazingComet","MokouMod:HeatFactory+1"],"picked":"MokouMod:RetainTemperature+1","floor":13},{"not_picked":["MokouMod:Stoke+1","MokouMod:Scorch","MokouMod:Sear+1"],"picked":"SKIP","floor":14},{"not_picked":["MokouMod:RoaringFlare","MokouMod:ControlledCombustion+1"],"picked":"MokouMod:FlareStarter+1","floor":16},{"not_picked":["MokouMod:PhoenixForm","MokouMod:Geothermal"],"picked":"MokouMod:SpontaneousHumanCombustion+1","floor":18},{"not_picked":["MokouMod:TemporalFireSeal","MokouMod:SubterraneanCore+1","MokouMod:FlamingFireTalons+1"],"picked":"MokouMod:ThermalPressure+1","floor":20},{"not_picked":["Anger","Power Through+1","Flex+1"],"picked":"MokouMod:FujiyamaVolcano","floor":24},{"not_picked":["Hemokinesis","Metallicize+1","Shrug It Off+1"],"picked":"MokouMod:PhoenixForm","floor":25},{"not_picked":["MokouMod:HeatCyclone+1","MokouMod:BurningDraft+1","Pommel Strike"],"picked":"Impervious+1","floor":26},{"not_picked":["MokouMod:TemporalFireSeal","True Grit+1","Havoc+1"],"picked":"MokouMod:ScorchedEarth","floor":30},{"not_picked":["MokouMod:ScorchingColumn","Shockwave+1","MokouMod:IcarusDive"],"picked":"MokouMod:IndiscriminateIgnition+1","floor":31},{"not_picked":["Thunderclap","ReplayTheSpireMod:LeadingStrike+1","Twin Strike+1"],"picked":"MokouMod:Meltdown","floor":37},{"not_picked":["Perfected Strike","Rage+1","MokouMod:EternalBurstReactor+1"],"picked":"MokouMod:Overheat+1","floor":39}],"player_experience":298842,"relics_obtained":[{"floor":6,"key":"Omamori"},{"floor":7,"key":"Toxic Egg 2"},{"floor":11,"key":"Ornamental Fan"},{"floor":15,"key":"Protect_Vest"},{"floor":22,"key":"Ring of Hypnosis"},{"floor":25,"key":"aspiration:TomeofQuesting"},{"floor":28,"key":"hubris:Reverence"},{"floor":30,"key":"infinitespire:Beetle Shell"},{"floor":38,"key":"Replay:Rubber Ducky"},{"floor":40,"key":"DemoMod:ChaffGrenade"}],"event_choices":[{"damage_healed":0,"gold_gain":0,"player_choice":"Donut","damage_taken":0,"max_hp_gain":5,"max_hp_loss":0,"event_name":"Big Fish","floor":5,"gold_loss":0},{"damage_healed":0,"gold_gain":0,"player_choice":"Madness","damage_taken":0,"relics_obtained":["betterThird:NestCultRelic"],"max_hp_gain":0,"max_hp_loss":0,"event_name":"betterThird:BetterNest","floor":21,"gold_loss":0},{"damage_healed":0,"gold_gain":0,"player_choice":"Fight","damage_taken":0,"max_hp_gain":0,"max_hp_loss":0,"event_name":"OrinTheCat","floor":41,"gold_loss":0}],"is_beta":false,"boss_relics":[{"not_picked":["energizedSpire:NeverEndingSparkler","ReplayTheSpireMod:SealedPack"],"picked":"aspiration:IroncladSkillbook"},{"not_picked":["Bromod:ArcaneEnergize","Silver_Glasses"],"picked":"Pandora\u0027s Box"}],"items_purged_floors":[],"is_endless":false,"potions_floor_spawned":[2,6,12,14,18,26,35,37],"killed_by":"Orin","ascension_level":0}}