{"host":"bf9sa99gaumonoeu","time":1609260694,"event":{"mods":["AchievementEnabler","BaseMod","Colored Map","Downfall","Friendly Minions","Marisa????????","Minty Spire (QoL Compilation)","Replay The Spire","StSLib","The Cursed","The Disciple","The Servant 0.9.4","everything is the same but u backflip on backflip","slay the spire mod where everything is the same but ironclad has a cowboy hat"],"gold_per_floor":[99,117,217,228,240,14,14,28,45,72,82,92,92,127,146,245,245,245,245,245,245,263,273,358,358,109,109,136,136,166,52,69,69,84,98,194,194,119,134,192,207,207,207,207,132,132,132,132,148,167,193,213,213],"floor_reached":54,"playtime":5784,"items_purged":["Guardian:Strike_Guardian","Guardian:Strike_Guardian","Guardian:Strike_Guardian"],"score":871,"play_id":"7a2ec849-cf82-48ca-9f58-69ce9736eb53","local_time":"20201229145134","is_ascension_mode":false,"campfire_choices":[{"data":"Guardian:Defend_Guardian","floor":1.0,"key":"PURGE"},{"data":"Guardian:Planning","floor":13.0,"key":"SMITH"},{"floor":29,"key":"REST"},{"data":"Guardian:BronzeArmor","floor":33,"key":"SMITH"},{"data":"Guardian:SentryBeam","floor":38,"key":"SMITH"},{"floor":43,"key":"RECALL"},{"data":"Guardian:ShieldCharger","floor":45,"key":"SMITH"},{"data":"Guardian:TemporalShield","floor":47,"key":"SMITH"}],"circlet_count":0,"master_deck":["Guardian:Defend_Guardian","Guardian:Defend_Guardian","Guardian:CurlUp","Guardian:TwinSlam","Guardian:Planning+1","Guardian:RollAttack","Guardian:TemporalShield+1","Guardian:TimeCapacitor","Guardian:RefractedBeam+1","Guardian:BronzeArmor+1","Guardian:ChargeCore","Guardian:CrystalBeam+1","Guardian:SentryBeam+1","Guardian:MultiBeam+1","Guardian:BronzeOrb","Guardian:DecasProtection+1","Guardian:PrimingBeam+1","Guardian:Planning+1","Guardian:ChargeCore+1","Guardian:ShieldCharger+1","Wraith","Guardian:Suspension+1"],"relics":["Guardian:ModeShifter","Membership Card","Singing Bowl","CaptainsWheel","PreservedInsect","Philosopher\u0027s Stone","Boot","Orichalcum","White Beast Statue","Centennial Puzzle","Replay:Bottled Snecko","Sozu","downfall:HeartBlessingGreen","Meat on the Bone","Strange Spoon","FossilizedHelix","downfall:HeartBlessingRed","Art of War"],"acts_visited":["Exordium","TheCity","TheBeyond"],"potions_floor_usage":[23,26,28,30,35],"damage_taken":[{"damage":0.0,"enemies":"Jaw Worm","floor":2.0,"turns":4.0},{"damage":1.0,"enemies":"Cultist","floor":4.0,"turns":3.0},{"damage":0.0,"enemies":"2 Louse","floor":5.0,"turns":1.0},{"damage":0.0,"enemies":"downfall:FleeingMerchant","floor":6.0,"turns":4.0},{"damage":14.0,"enemies":"Lots of Slimes","floor":8.0,"turns":5.0},{"damage":8.0,"enemies":"Red Slaver","floor":9.0,"turns":3.0},{"damage":0.0,"enemies":"Gremlin Nob","floor":10.0,"turns":2.0},{"damage":5.0,"enemies":"Exordium Wildlife","floor":11.0,"turns":4.0},{"damage":0.0,"enemies":"Large Slime","floor":12.0,"turns":5.0},{"damage":1.0,"enemies":"Lagavulin","floor":14.0,"turns":6.0},{"damage":0.0,"enemies":"Blue Slaver","floor":15.0,"turns":3.0},{"damage":15.0,"enemies":"downfall:Watcher","floor":16.0,"turns":12.0},{"damage":0,"enemies":"Spheric Guardian","floor":22,"turns":4},{"damage":3,"enemies":"Shell Parasite","floor":23,"turns":4},{"damage":12,"enemies":"downfall:FleeingMerchant","floor":26,"turns":4},{"damage":8,"enemies":"Gremlin Leader","floor":28,"turns":3},{"damage":21,"enemies":"Slavers","floor":30,"turns":2},{"damage":10,"enemies":"downfall:FleeingMerchant","floor":31,"turns":4},{"damage":3,"enemies":"Snecko","floor":32,"turns":3},{"damage":3,"enemies":"Sentry and Sphere","floor":34,"turns":3},{"damage":0,"enemies":"Snake Plant","floor":35,"turns":2},{"damage":12,"enemies":"downfall:Defect","floor":36,"turns":8},{"damage":0,"enemies":"3 Darklings","floor":39,"turns":2},{"damage":0,"enemies":"downfall:FleeingMerchant","floor":40,"turns":1},{"damage":0,"enemies":"Orb Walker","floor":41,"turns":3},{"damage":3,"enemies":"Sphere and 2 Shapes","floor":49,"turns":1},{"damage":0,"enemies":"Spire Growth","floor":50,"turns":3},{"damage":0,"enemies":"Nemesis","floor":51,"turns":4},{"damage":18,"enemies":"4 Shapes","floor":52,"turns":2},{"damage":26,"enemies":"downfall:Ironclad","floor":53,"turns":10}],"seed_played":"-2231750298906460096","potions_obtained":[{"floor":8.0,"key":"hexamod:EctoCoolerPotion"},{"floor":10.0,"key":"Block Potion"},{"floor":11.0,"key":"Explosive Potion"},{"floor":14.0,"key":"Weak Potion"},{"floor":23,"key":"Fire Potion"},{"floor":28,"key":"Milkshake"},{"floor":30,"key":"BlessingOfTheForge"},{"floor":31,"key":"Milkshake"},{"floor":35,"key":"sneckomod:MuddlingPotion"},{"floor":36,"key":"ColorlessPotion"}],"is_trial":false,"path_per_floor":["R_BF","M","?","M","M","$","T","M","M","E","M","M","R","E","M","B",null,"PTL","PTL","PTL","PTL","M","M","?","?","$","T","E","R","E","$","M","R","M","M","B",null,"R","M","$","M","?","R","T","R","?","R","?","M","M","E","M","B",null],"character_chosen":"GUARDIAN","items_purchased":["Membership Card","Guardian:RefractedBeam+1","SteroidPotion","Boot","Guardian:BronzeOrb","SteroidPotion","Orichalcum","Guardian:Gem_Red","PowerPotion","Meat on the Bone","Strange Spoon","Guardian:ShieldCharger"],"campfire_rested":1,"item_purchase_floors":[6,6,6,26,26,26,26,31,31,40,40,40],"current_hp_per_floor":[88,88,88,87,87,87,87,75,67,67,64,66,66,65,67,52,96,96,96,96,96,96,93,77,69,57,57,49,77,58,48,45,45,42,42,32,100,100,100,102,104,104,104,104,104,104,104,104,101,103,105,89,63],"gold":213,"neow_bonus":"TEN_PERCENT_HP_BONUS","is_daily":false,"chose_seed":false,"campfire_upgraded":5,"win_rate":0.0,"timestamp":1609260694,"path_taken":["R_BF","M","?","M","M","$","T","M","M","E","?","M","R","E","M","BOSS","PTL","PTL","PTL","PTL","M","M","?","?","$","T","E","R","E","$","?","R","M","M","BOSS","R","M","$","M","?","R","T","R","?","R","?","M","M","E","M","BOSS"],"items_purchased_type":["Relic","Card","Potion","Relic","Card","Potion","Relic","Card","Potion","Relic","Relic","Card"],"build_version":"2020-12-22","purchased_purges":3,"victory":true,"max_hp_per_floor":[88,88,88,88,88,88,88,90,90,90,92,94,94,94,96,96,96,96,96,96,96,96,96,96,96,96,96,96,96,98,98,98,98,98,98,100,100,100,100,102,104,104,104,104,104,104,104,104,104,106,108,110,110],"card_choices":[{"not_picked":["Guardian:Incinerate","Guardian:ShieldCharger"],"picked":"Guardian:Planning","floor":2.0},{"not_picked":["Guardian:Preprogram","Guardian:ArmoredProtocol"],"picked":"Guardian:RollAttack","floor":4.0},{"not_picked":["Guardian:Gem_Purple","Guardian:WalkerClaw"],"picked":"Guardian:TemporalShield","floor":5.0},{"not_picked":["Guardian:SpikerProtocol","Guardian:FloatingOrbs"],"picked":"Guardian:TimeCapacitor","floor":6.0},{"not_picked":["Guardian:TimeBomb","Guardian:GuardianWhirl","Guardian:VentSteam"],"picked":"Singing Bowl","floor":8.0},{"not_picked":["Guardian:MultiBeam","Guardian:TemporalStrike"],"picked":"Guardian:Gem_Blue","floor":9.0},{"not_picked":["Guardian:VentSteam","Guardian:Preprogram"],"picked":"Guardian:Gem_Red","floor":10.0},{"not_picked":["Guardian:ArmoredProtocol","Guardian:Suspension","Guardian:Gem_Lightblue"],"picked":"Singing Bowl","floor":11.0},{"not_picked":["Guardian:RollAttack","Guardian:Harden","Guardian:TimeCapacitor"],"picked":"Singing Bowl","floor":12.0},{"not_picked":["Guardian:TemporalStrike","Guardian:GuardianWhirl"],"picked":"Guardian:BronzeArmor","floor":14.0},{"not_picked":["Guardian:Emergency","Guardian:ShieldCharger","Guardian:ConstructionForm"],"picked":"Singing Bowl","floor":15.0},{"not_picked":["Guardian:ConstructionForm","Guardian:StasisStrike"],"picked":"Guardian:Gem_Orange","floor":16.0},{"not_picked":["Guardian:PolyBeam","Guardian:Harden"],"picked":"Guardian:ChargeCore","floor":22},{"not_picked":["Guardian:ShieldCharger","Guardian:ChargeUp"],"picked":"Guardian:CrystalBeam+1","floor":23},{"not_picked":["Guardian:Recover","Guardian:Harden"],"picked":"Guardian:MultiBeam+1","floor":26},{"not_picked":["Guardian:Gem_Blue","Guardian:ArmoredProtocol"],"picked":"Guardian:DecasProtection+1","floor":28},{"not_picked":["Guardian:RevengeProtocol","Guardian:TemporalShield","Guardian:Suspension+1"],"picked":"Singing Bowl","floor":30},{"not_picked":["Guardian:Repulse","Guardian:TimeBomb+1"],"picked":"Guardian:Gem_Purple","floor":31},{"not_picked":["Guardian:ShieldCharger+1","Guardian:CrystalBeam"],"picked":"Guardian:Gem_Green","floor":32},{"not_picked":["Guardian:Gem_Purple","Guardian:ArmoredProtocol"],"picked":"Guardian:PrimingBeam+1","floor":34},{"not_picked":["Guardian:PiercingHide+1","Guardian:Gem_White"],"picked":"Guardian:Planning+1","floor":35},{"not_picked":["Guardian:SphericShield","Guardian:ConstructionForm","Guardian:TimeSifter"],"picked":"Singing Bowl","floor":36},{"not_picked":["Guardian:PrimingBeam","Guardian:Incinerate"],"picked":"Guardian:ChargeCore+1","floor":39},{"not_picked":["Guardian:SentryBeam+1","Guardian:ShieldCharger","Guardian:StasisStrike"],"picked":"Singing Bowl","floor":40},{"not_picked":["Guardian:Emergency","Guardian:GuardianWhirl","Guardian:Gem_Cyan"],"picked":"Singing Bowl","floor":41},{"not_picked":["Guardian:PrismaticBarrier","Guardian:Gem_Green"],"picked":"Guardian:Suspension+1","floor":49},{"not_picked":["Guardian:ArmoredProtocol+1","Guardian:Gem_Crimson","Guardian:ShieldCharger+1"],"picked":"Singing Bowl","floor":50},{"not_picked":["Guardian:CrystalBeam+1","Guardian:FloatingOrbs+1","Guardian:Gem_Fragmented"],"picked":"Singing Bowl","floor":51},{"not_picked":["Guardian:Suspension+1","Guardian:Gem_Cyan","Guardian:VentSteam"],"picked":"Singing Bowl","floor":52}],"player_experience":551045,"relics_obtained":[{"floor":7.0,"key":"Singing Bowl"},{"floor":10.0,"key":"CaptainsWheel"},{"floor":14.0,"key":"PreservedInsect"},{"floor":27,"key":"White Beast Statue"},{"floor":28,"key":"Centennial Puzzle"},{"floor":30,"key":"Replay:Bottled Snecko"},{"floor":44,"key":"FossilizedHelix"},{"floor":51,"key":"Art of War"}],"event_choices":[{"damage_healed":0,"gold_gain":0,"player_choice":"Ignored","damage_taken":0,"max_hp_gain":0,"max_hp_loss":0,"event_name":"OrinTheCat","floor":46,"gold_loss":0}],"is_beta":false,"boss_relics":[{"not_picked":["Snecko Eye","Runic Dome"],"picked":"Philosopher\u0027s Stone"},{"not_picked":["Abe\u0027s Treasure","Replay:Bronze Core"],"picked":"Sozu"}],"items_purged_floors":[26,31,40],"is_endless":false,"potions_floor_spawned":[8,10,11,14,23,28,30,31,32,34,35,36,39,40,41,49,50,51,52],"ascension_level":0}}