{"host":"6to0pdz5g3mubtyg","time":1609202629,"event":{"mods":["Act Like it!","Aspiration","BaseMod","BetterRewards","Colored Map","Energized Spire","Hallownest","Highlight Path","Infinite Spire","Jorbs\u0027s Wanderer Trilogy","Minty Spire (QoL Compilation)","Shade Mod","StSLib","The Animator","The Blue Laboratory","The Bug Knight"],"gold_per_floor":[132,132,132,189,15,108,141,222,298,409,409,411,68,125,125,440,440,514,576,588,624,678,791,791,886,911,1028,1100,1213,1274,1299,1299,1625,1650,1650,1650],"floor_reached":35,"playtime":2394,"items_purged":["animator:Strike"],"score":628,"play_id":"5f5ab225-46e8-4b8a-a96f-ae4a23f82441","local_time":"20201228174349","daily_mods":["Vintage","Heirloom","Time Dilation","Elite Swarm","Midas"],"is_ascension_mode":true,"campfire_choices":[{"floor":11.0,"key":"REST"},{"floor":15.0,"key":"REST"},{"floor":24.0,"key":"REST"},{"floor":32.0,"key":"REST"}],"circlet_count":0,"master_deck":["animator:Strike_Konosuba","animator:Defend_Konosuba","animator:Strike","animator:Strike","animator:Defend","animator:Defend","animator:Kazuma+1","animator:Aqua","animator:ChaikaBohdan","animator:Verdia","animator:HigakiRinne+1","animator:Envy","animator:Shiro","animator:MamiTomoe","animator:Shion","animator:Lu","animator:Saber","animator:Ara","animator:CowGirl","animator:Mitsurugi","animator:Shichika","animator:Azekura","animator:Demiurge","animator:Fredrika","animator:RoryMercury+1","animator:Mitsuba+1","animator:ChaikaBohdan+1","animator:Konayuki","animator:Bozes","animator:RinTohsaka","animator:Shion","animator:PandorasActor+1","animator:Illya","animator:Rider","animator:JeanneDArc","animator:Ara","animator:Evileye+1","animator:MamiTomoe","infinitespire:Fortify","infinitespire:FutureSight","infinitespire:Starlight","animator:ItamiYouji","animator:Gilgamesh+7","animator:Albedo","animator:Biyorigo","animator:Ainz","animator:Father","animator:Sloth","animator:ElricEdward","animator:Gluttony","animator:Arpeggio","animator:OrikoMikuni","animator:Tyuule","animator:Saitama","animator:Albedo","animator:FeridBathory"],"relics":["animator:LivingPicture","animator:TheMissingPiece","animator:PurgingStone","Thread and Needle","HollowMod:QueensCombRelic","animator:Buoy","Juzu Bracelet","Dream Catcher","Potion Belt","HollowMod:PaleOreRelic","Ornamental Fan","infinitespire:Midas Blood","Charon\u0027s Ashes","animator:Hoodie","aspiration:Lifesprig","energizedSpire:RedRose","Unceasing Top","InkBottle","energizedSpire:StickyHand","Orrery","Bag of Preparation","Nunchaku","animator:HeavyHalberd","animator:CursedGlyph","FossilizedHelix","Peace Pipe","infinitespire:PuzzleCube","Mango","Bottled Lightning","HollowMod:StagPassRelic","SsserpentHead","Fusion Hammer"],"acts_visited":["Exordium","TheCity","TheBeyond"],"potions_floor_usage":[],"damage_taken":[{"damage":0.0,"enemies":"2 Louse","floor":1.0,"turns":4.0},{"damage":0.0,"enemies":"Small Slimes","floor":4.0,"turns":4.0},{"damage":21.0,"enemies":"Gremlin Nob","floor":6.0,"turns":6.0},{"damage":0.0,"enemies":"Jaw Worm","floor":7.0,"turns":5.0},{"damage":5.0,"enemies":"3 Sentries","floor":8.0,"turns":9.0},{"damage":19.0,"enemies":"Lagavulin","floor":10.0,"turns":9.0},{"damage":0.0,"enemies":"Gremlin Gang","floor":14.0,"turns":5.0},{"damage":23.0,"enemies":"Hexaghost","floor":16.0,"turns":8.0},{"damage":13.0,"enemies":"Shell Parasite","floor":18.0,"turns":4.0},{"damage":8.0,"enemies":"Chosen","floor":19.0,"turns":4.0},{"damage":6.0,"enemies":"Snecko","floor":21.0,"turns":4.0},{"damage":0.0,"enemies":"Chosen and Byrds","floor":22.0,"turns":3.0},{"damage":18.0,"enemies":"Gremlin Leader","floor":23.0,"turns":5.0},{"damage":34.0,"enemies":"Nightmare","floor":25.0,"turns":5.0},{"damage":1.0,"enemies":"Gremlin Leader","floor":27.0,"turns":3.0},{"damage":1.0,"enemies":"Snake Plant","floor":28.0,"turns":4.0},{"damage":2.0,"enemies":"animator:HornedBat","floor":29.0,"turns":5.0},{"damage":0.0,"enemies":"3 Cultists","floor":30.0,"turns":4.0},{"damage":43.0,"enemies":"Automaton","floor":33.0,"turns":8.0},{"damage":0,"enemies":"Orb Walker","floor":35,"turns":1}],"seed_played":"3683569343549798401","potions_obtained":[{"floor":4.0,"key":"ColorlessPotion"},{"floor":6.0,"key":"FearPotion"},{"floor":10.0,"key":"FairyPotion"},{"floor":18.0,"key":"blueLaboratory:NullPotion"},{"floor":21.0,"key":"Dexterity Potion"},{"floor":27.0,"key":"blueLaboratory:BottleOfVodka"}],"is_trial":true,"path_per_floor":["M","?","?","M","$","E","M","E","T","E","R","?","$","M","R","B",null,"M","M","AVR","M","M","E","R","NM","T","E","M","E","M","?","R","B",null,"M"],"character_chosen":"THE_ANIMATOR","items_purchased":["Dream Catcher","animator:Verdia","animator:Shion","animator:Hoodie"],"campfire_rested":4,"item_purchase_floors":[5,5,13,13],"current_hp_per_floor":[44,44,44,44,44,25,44,39,39,25,38,29,29,47,47,24,47,34,32,32,40,50,32,45,12,12,25,56,60,63,63,63,20,63,63,63],"gold":1650,"neow_bonus":"","is_daily":false,"chose_seed":false,"campfire_upgraded":0,"win_rate":0.0,"timestamp":1609202629,"path_taken":["M","?","?","M","$","E","M","E","T","E","R","?","?","M","R","BOSS","M","M","AVR","M","M","E","R","NM","T","E","M","E","M","?","R","BOSS","M"],"items_purchased_type":["Relic","Card","Card","Relic"],"build_version":"2020-12-22","purchased_purges":1,"victory":false,"max_hp_per_floor":[44,44,44,44,44,44,44,44,44,44,44,44,44,47,47,47,47,47,47,47,47,50,46,46,46,46,46,60,60,63,63,63,63,63,63,63],"card_choices":[{"not_picked":["animator:Eve","animator:MadokaKaname"],"picked":"animator:HigakiRinne","floor":6.0},{"not_picked":["animator:Eve","animator:Shiro"],"picked":"animator:Envy","floor":8.0},{"not_picked":["animator:HomuraAkemi","animator:Rimuru"],"picked":"animator:Shiro","floor":10.0},{"not_picked":["animator:Azekura","animator:Gluttony"],"picked":"animator:MamiTomoe","floor":11.0},{"not_picked":["animator:Sloth","animator:Darkness"],"picked":"animator:Lu","floor":15.0},{"not_picked":["animator:Boros","animator:ChaikaTrabant"],"picked":"animator:Saber","floor":16.0},{"not_picked":["animator:Ara","animator:CowGirl"],"picked":"animator:Mitsurugi","floor":20.0},{"not_picked":["animator:Shichika","animator:Demiurge"],"picked":"animator:Azekura","floor":20.0},{"not_picked":["animator:Fredrika","animator:Mitsuba+1"],"picked":"animator:RoryMercury+1","floor":20.0},{"not_picked":["animator:ChaikaBohdan+1","animator:Bozes"],"picked":"animator:Konayuki","floor":20.0},{"not_picked":["animator:RinTohsaka","animator:PandorasActor+1"],"picked":"animator:Shion","floor":20.0},{"not_picked":["animator:Illya","animator:Rider"],"picked":"animator:JeanneDArc","floor":23.0},{"not_picked":["animator:Ara","animator:MamiTomoe"],"picked":"animator:Evileye+1","floor":24.0},{"not_picked":["infinitespire:Fortify","infinitespire:FutureSight"],"picked":"infinitespire:Starlight","floor":25.0},{"not_picked":["animator:ItamiYouji","animator:Albedo"],"picked":"animator:Gilgamesh","floor":25.0},{"not_picked":["animator:Biyorigo","animator:Father"],"picked":"animator:Ainz","floor":27.0},{"not_picked":["animator:Sloth","animator:Gluttony"],"picked":"animator:ElricEdward","floor":29.0},{"not_picked":["animator:Arpeggio","animator:Tyuule"],"picked":"animator:OrikoMikuni","floor":32.0},{"not_picked":["animator:Saitama","animator:FeridBathory"],"picked":"animator:Albedo","floor":33.0}],"player_experience":244733,"relics_obtained":[{"floor":1.0,"key":"HollowMod:QueensCombRelic"},{"floor":2.0,"key":"animator:Buoy"},{"floor":4.0,"key":"Juzu Bracelet"},{"floor":6.0,"key":"Potion Belt"},{"floor":7.0,"key":"HollowMod:PaleOreRelic"},{"floor":8.0,"key":"Ornamental Fan"},{"floor":9.0,"key":"infinitespire:Midas Blood"},{"floor":10.0,"key":"Charon\u0027s Ashes"},{"floor":14.0,"key":"aspiration:Lifesprig"},{"floor":18.0,"key":"Unceasing Top"},{"floor":19.0,"key":"InkBottle"},{"floor":21.0,"key":"Bag of Preparation"},{"floor":22.0,"key":"Nunchaku"},{"floor":23.0,"key":"animator:HeavyHalberd"},{"floor":23.0,"key":"animator:CursedGlyph"},{"floor":25.0,"key":"FossilizedHelix"},{"floor":26.0,"key":"Peace Pipe"},{"floor":27.0,"key":"infinitespire:PuzzleCube"},{"floor":28.0,"key":"Mango"},{"floor":29.0,"key":"Bottled Lightning"},{"floor":30.0,"key":"HollowMod:StagPassRelic"}],"event_choices":[{"damage_healed":0.0,"max_hp_gain":0.0,"max_hp_loss":0.0,"gold_gain":0.0,"cards_transformed":["animator:Defend"],"event_name":"Living Wall","player_choice":"Change","floor":3.0,"gold_loss":0.0,"damage_taken":0.0,"cards_obtained":["animator:ChaikaBohdan"]},{"damage_healed":0.0,"max_hp_gain":0.0,"max_hp_loss":0.0,"gold_gain":0.0,"event_name":"Shining Light","player_choice":"Entered Light","floor":12.0,"gold_loss":0.0,"damage_taken":9.0,"cards_upgraded":["animator:HigakiRinne","animator:Kazuma"]},{"damage_healed":0.0,"max_hp_gain":0.0,"max_hp_loss":0.0,"gold_gain":0.0,"event_name":"FaceTrader","player_choice":"Trade","floor":31.0,"gold_loss":0.0,"damage_taken":0.0,"relics_obtained":["SsserpentHead"]}],"is_beta":false,"boss_relics":[{"not_picked":["aspiration:RitualDagger","Tiny House"],"picked":"energizedSpire:RedRose"},{"not_picked":["infinitespire:Cupcake","animator:HolyGrailRelic"],"picked":"Fusion Hammer"}],"items_purged_floors":[13],"is_endless":true,"potions_floor_spawned":[4,6,10,18,21,27,29],"killed_by":"Orb Walker","ascension_level":1}}