{"host":"a1u4jo6xlg3w0wsm","time":1609280341,"event":{"mods":["BaseMod","Better Third Choice","DeckTracker","Downfall","Hermit","Hubris","Minty Spire (QoL Compilation)","Rare Cards Sparkle","Replay The Spire","StSLib"],"gold_per_floor":[217,3,19,19,73,102,102,127,127,127,127],"floor_reached":10,"playtime":568,"items_purged":[],"score":78,"play_id":"784db1a5-2924-45be-9df8-35209f5709a7","local_time":"20201230111901","is_ascension_mode":true,"campfire_choices":[{"floor":7,"key":"REST"}],"circlet_count":0,"master_deck":["hermit:Strike_Hermit","hermit:Strike_Hermit","hermit:Strike_Hermit","hermit:Strike_Hermit","hermit:Defend_Hermit","hermit:Defend_Hermit","hermit:Defend_Hermit","hermit:Defend_Hermit","hermit:Snapshot","hermit:Covet","hermit:ShadowCloak","hermit:Quickdraw","hermit:Spite","hermit:Vantage","hermit:Combo","hermit:Snipe","Amnesia","hermit:Desperado","hermit:Deadeye"],"relics":["hermit:Momento","hubris:DisguiseKit","Frozen Egg 2","Quantum Egg","Art of War"],"acts_visited":["Exordium"],"potions_floor_usage":[],"damage_taken":[{"damage":0.0,"enemies":"Small Slimes","floor":1.0,"turns":3.0},{"damage":0.0,"enemies":"2 Louse","floor":3.0,"turns":4.0},{"damage":31,"enemies":"Gremlin Nob","floor":6,"turns":5},{"damage":38,"enemies":"Replay:BlueRogue","floor":8,"turns":8},{"damage":15,"enemies":"Lagavulin","floor":10,"turns":3}],"seed_played":"-9217251545784827562","potions_obtained":[],"is_trial":false,"path_per_floor":["M","$","M","?","?","E","R","E","T","E"],"character_chosen":"HERMIT","items_purchased":["hermit:Quickdraw","hermit:Spite","hermit:Vantage","hermit:Combo"],"campfire_rested":1,"item_purchase_floors":[2,2,2,2],"current_hp_per_floor":[75,75,75,75,75,44,66,28,28,13,13],"gold":127,"neow_bonus":"HUNDRED_GOLD","is_daily":false,"chose_seed":false,"campfire_upgraded":0,"win_rate":0.0,"timestamp":1609280341,"path_taken":["M","$","M","?","?","E","R","E","T","E"],"items_purchased_type":["Card","Card","Card","Card"],"build_version":"2020-12-13","purchased_purges":0,"victory":false,"max_hp_per_floor":[75,75,75,75,75,75,75,75,75,75,75],"card_choices":[{"not_picked":["hermit:TrackingShot","hermit:Malice"],"picked":"hermit:ShadowCloak","floor":1.0},{"not_picked":["hermit:Coalescence","hermit:LowProfile"],"picked":"hermit:Snipe","floor":3.0},{"not_picked":["hermit:FromBeyond","hermit:Midnight","Slice"],"picked":"hermit:Desperado","floor":6},{"not_picked":["hermit:GhostlyPresence","hermit:Feint","Dagger Throw"],"picked":"hermit:Deadeye","floor":8}],"player_experience":231813,"relics_obtained":[{"floor":6,"key":"Frozen Egg 2"},{"floor":8,"key":"Quantum Egg"},{"floor":9,"key":"Art of War"}],"event_choices":[{"damage_healed":0.0,"max_hp_gain":0.0,"max_hp_loss":0.0,"gold_gain":54.0,"event_name":"Golden Wing","player_choice":"Gained Gold","floor":5.0,"gold_loss":0.0,"damage_taken":0.0}],"is_beta":false,"boss_relics":[],"items_purged_floors":[],"is_endless":false,"potions_floor_spawned":[],"killed_by":"Lagavulin","ascension_level":1}}