{"host":"baymyijz6sxaqj5s","time":1609236604,"event":{"mods":["AchievementEnabler","BaseMod","Colored Map","Colored Powertips","DeckTracker","Highlight Path","KOR Keyword Fix","Keyboard Shortcuts","Minty Spire (QoL Compilation)","Quick Restart","StSLib","SuperFastMode"],"gold_per_floor":[113,128,203,203,218,218,235,253,253,253,268,221,143,154,154,252,252,272,292,1,1,18,18,37,37,37,53,53,53,69,119,119,119,119],"floor_reached":33,"playtime":1155,"items_purged":[],"score":266,"play_id":"0fe89df8-a447-4edb-a5a4-75e5f552ef4d","local_time":"20201229191004","is_ascension_mode":false,"campfire_choices":[{"data":"Dualcast","floor":6,"key":"SMITH"},{"data":"Defragment","floor":10,"key":"SMITH"},{"data":"Conserve Battery","floor":15,"key":"SMITH"},{"data":"Double Energy","floor":23,"key":"SMITH"},{"data":"Leap","floor":25,"key":"SMITH"},{"floor":32,"key":"REST"}],"circlet_count":0,"master_deck":["Strike_B","Strike_B","Strike_B","Strike_B","Defend_B","Defend_B","Defend_B","Defend_B","Zap","Dualcast+1","Beam Cell","Defragment+1","Doom and Gloom","Sweeping Beam","Leap+1","Leap","Conserve Battery+1","Stack","Cold Snap","Electrodynamics","Double Energy+1","Capacitor"],"relics":["Cracked Core","Singing Bowl","Bag of Marbles","Lee\u0027s Waffle","Sundial"],"acts_visited":["Exordium","TheCity"],"potions_floor_usage":[11,16,22,27,30],"damage_taken":[{"damage":3,"enemies":"Jaw Worm","floor":1,"turns":3},{"damage":0,"enemies":"Cultist","floor":2,"turns":2},{"damage":0,"enemies":"Small Slimes","floor":5,"turns":4},{"damage":3,"enemies":"Red Slaver","floor":7,"turns":3},{"damage":2,"enemies":"2 Fungi Beasts","floor":8,"turns":3},{"damage":0,"enemies":"3 Louse","floor":11,"turns":1},{"damage":2,"enemies":"Looter","floor":14,"turns":3},{"damage":18,"enemies":"Slime Boss","floor":16,"turns":10},{"damage":0,"enemies":"Chosen","floor":18,"turns":6},{"damage":9,"enemies":"Spheric Guardian","floor":19,"turns":4},{"damage":4,"enemies":"Snecko","floor":22,"turns":6},{"damage":22,"enemies":"Snake Plant","floor":24,"turns":6},{"damage":15,"enemies":"Centurion and Healer","floor":27,"turns":5},{"damage":29,"enemies":"Snecko","floor":30,"turns":7},{"damage":54,"enemies":"Automaton","floor":33,"turns":6}],"seed_played":"1798558047637073033","potions_obtained":[{"floor":2,"key":"LiquidBronze"},{"floor":4,"key":"LiquidBronze"},{"floor":4,"key":"Fire Potion"},{"floor":11,"key":"FocusPotion"},{"floor":16,"key":"DuplicationPotion"}],"is_trial":false,"path_per_floor":["M","M","?","?","M","R","M","M","T","R","M","$","$","M","R","B",null,"M","M","$","?","M","R","M","R","T","M","$","?","M","?","R","B"],"character_chosen":"DEFECT","items_purchased":["Leap","Conserve Battery","Stack","Bag of Marbles","Lee\u0027s Waffle"],"campfire_rested":1,"item_purchase_floors":[12,13,13,20,20],"current_hp_per_floor":[79,79,68,68,68,68,65,63,63,63,63,63,63,61,61,43,82,82,75,91,91,89,89,69,69,69,54,54,35,8,8,38,0,0],"gold":119,"neow_bonus":"TEN_PERCENT_HP_BONUS","is_daily":false,"chose_seed":false,"campfire_upgraded":5,"win_rate":0.0,"timestamp":1609236604,"path_taken":["M","M","?","?","M","R","M","M","T","R","?","?","$","M","R","BOSS","M","M","$","?","M","R","M","R","T","M","$","?","M","?","R","BOSS"],"items_purchased_type":["Card","Card","Card","Relic","Relic"],"build_version":"2020-12-22","purchased_purges":0,"victory":false,"max_hp_per_floor":[82,82,82,82,82,82,82,82,82,82,82,82,82,82,82,82,82,82,84,91,91,93,93,95,95,95,95,95,100,102,102,102,102,102],"card_choices":[{"not_picked":["Hologram","Lockon"],"picked":"Beam Cell","floor":1},{"not_picked":["Streamline","Undo"],"picked":"Defragment","floor":2},{"not_picked":["Steam","Sweeping Beam"],"picked":"Doom and Gloom","floor":5},{"not_picked":["Steam Power","Storm","Loop"],"picked":"SKIP","floor":7},{"not_picked":["Barrage","Streamline"],"picked":"Sweeping Beam","floor":8},{"not_picked":["Cold Snap","Steam"],"picked":"Leap","floor":11},{"not_picked":["Barrage","Melter"],"picked":"Cold Snap","floor":14},{"not_picked":["Fission","Amplify"],"picked":"Electrodynamics","floor":16},{"not_picked":["Turbo+1","Loop"],"picked":"Double Energy","floor":18},{"not_picked":["Cold Snap","Turbo","Scrape"],"picked":"Singing Bowl","floor":19},{"not_picked":["Streamline","Conserve Battery+1","Stack"],"picked":"Singing Bowl","floor":22},{"not_picked":["Force Field","Doom and Gloom","Thunder Strike"],"picked":"Singing Bowl","floor":24},{"not_picked":["Conserve Battery","Streamline+1"],"picked":"Capacitor","floor":27},{"not_picked":["Tempest","Streamline+1","Loop"],"picked":"Singing Bowl","floor":30}],"player_experience":290673,"relics_obtained":[{"floor":9,"key":"Singing Bowl"},{"floor":26,"key":"Sundial"}],"event_choices":[{"damage_healed":0,"gold_gain":75,"player_choice":"Gather Gold","damage_taken":11,"max_hp_gain":0,"max_hp_loss":0,"event_name":"World of Goop","floor":3,"gold_loss":0},{"damage_healed":0,"gold_gain":0,"player_choice":"Got Potions","damage_taken":0,"max_hp_gain":0,"max_hp_loss":0,"event_name":"Lab","floor":4,"gold_loss":0},{"damage_healed":0,"gold_gain":0,"player_choice":"Ignored","damage_taken":0,"max_hp_gain":0,"max_hp_loss":0,"event_name":"Vampires","floor":21,"gold_loss":0},{"damage_healed":0,"gold_gain":0,"player_choice":"Shed Blood","damage_taken":24,"max_hp_gain":5,"max_hp_loss":0,"event_name":"Forgotten Altar","floor":29,"gold_loss":0},{"damage_healed":0,"gold_gain":100,"player_choice":"Bet on Murderer","damage_taken":0,"max_hp_gain":0,"max_hp_loss":0,"event_name":"The Joust","floor":31,"gold_loss":50}],"is_beta":false,"boss_relics":[{"not_picked":["Snecko Eye","Coffee Dripper","Runic Dome"]}],"items_purged_floors":[],"is_endless":false,"potions_floor_spawned":[2,7,11,16,18,19],"killed_by":"Automaton","ascension_level":0}}