{"host":"eqvoimh73njwfgdh","time":1609271396,"event":{"mods":["AchievementEnabler","BaseMod","Better Altar","Better Match","Better Note","Better Sensory Stone","Better Skull","Better Third Choice","BetterRewards","Colored Powertips","Conspire","Downfall","Energized Spire","Halation","Hubris","Infinite Spire","Lobotomy","Minty Spire (QoL Compilation)","Permanent Neow","Rare Cards Sparkle","Relic Stats","Replay The Spire","Spicy Shops","StSLib","The Animator","The Blue Laboratory","The Poker Player","vexMod"],"gold_per_floor":[129,144,144,159,177,177,209,209,232,232,232,232],"floor_reached":11,"playtime":731,"items_purged":[],"score":88,"play_id":"2bfebe41-6d86-42bc-b18e-1afab427cc77","local_time":"20201229204956","is_ascension_mode":true,"campfire_choices":[{"floor":6,"key":"REST"},{"floor":10,"key":"REST"}],"circlet_count":0,"master_deck":["conspire:GhostlyDefend","conspire:GhostlyStrike","conspire:GhostlyStrike","conspire:GhostlyDefend","conspire:GhostlyDefend","animator:Kuroyukihime","animator:LimeBell","animator:Witch","BigBadWolf","OldLady","animator:Rimuru","MeatLantern","BeautyBeast","animator:DwarfShaman","LaLuna","animator:Saitama","animator:GoblinSlayer"],"relics":["animator:LivingPicture","animator:TheMissingPiece","CogitoBucket","Chameleon Ring","Ancient Tea Set"],"acts_visited":["Exordium"],"potions_floor_usage":[7,11],"damage_taken":[{"damage":0,"enemies":"2 Louse","floor":1,"turns":3},{"damage":7,"enemies":"Jaw Worm","floor":2,"turns":8},{"damage":0,"enemies":"conspire:RoseBush","floor":4,"turns":4},{"damage":47,"enemies":"Blue Slaver","floor":5,"turns":7},{"damage":24,"enemies":"Lagavulin","floor":7,"turns":9},{"damage":30,"enemies":"Gremlin Nob","floor":11,"turns":1}],"seed_played":"8092887092368653619","potions_obtained":[{"floor":1,"key":"blueLaboratory:BubblePotion"},{"floor":4,"key":"blueLaboratory:ForbiddenFruitJuice"},{"floor":7,"key":"ColorlessPotion"}],"is_trial":false,"path_per_floor":["M","M","?","M","M","R","E","?","T","R","E"],"character_chosen":"THE_ANIMATOR","items_purchased":[],"campfire_rested":2,"item_purchase_floors":[],"current_hp_per_floor":[66,59,59,59,13,33,9,9,9,29,0,0],"gold":232,"neow_bonus":"","is_daily":false,"chose_seed":false,"campfire_upgraded":0,"win_rate":0.0,"timestamp":1609271396,"path_taken":["M","M","?","M","M","R","E","?","T","R","E"],"items_purchased_type":[],"build_version":"2020-12-22","purchased_purges":0,"victory":false,"max_hp_per_floor":[66,66,66,66,67,67,67,67,67,67,67,67],"relic_stats":{"counters":[6,32],"obtain_stats":[{"CogitoBucket":0,"Chameleon Ring":7,"animator:TheMissingPiece":0,"animator:LivingPicture":0,"Ancient Tea Set":9},{"CogitoBucket":0,"Chameleon Ring":5,"animator:TheMissingPiece":0,"animator:LivingPicture":0,"Ancient Tea Set":5},{"CogitoBucket":0,"Chameleon Ring":31,"animator:TheMissingPiece":0,"animator:LivingPicture":0,"Ancient Tea Set":31}]},"card_choices":[{"not_picked":["animator:Millim","animator:Assassin"],"picked":"animator:Witch","floor":1},{"not_picked":["BeautyBeast","ShyLook"],"picked":"BigBadWolf","floor":1},{"not_picked":["UniverseFragment","Wellcheers"],"picked":"OldLady","floor":2},{"not_picked":["animator:Genos","animator:Gluttony"],"picked":"animator:Rimuru","floor":2},{"not_picked":["CENSORED","OSAHOGD","Wellcheers"],"picked":"Singing Bowl","floor":4},{"not_picked":["Porccubus","FieryBird"],"picked":"MeatLantern","floor":4},{"not_picked":["animator:TukaLunaMarceau","animator:Melzalgald"],"picked":"animator:MaesHughes","floor":4},{"not_picked":["BigBird","OSAHOGD"],"picked":"BeautyBeast","floor":5},{"not_picked":["animator:LizardPriest","animator:SwordMaiden"],"picked":"animator:DwarfShaman","floor":5},{"not_picked":["OSAHOGD","HappyTeddy","VoidDream"],"picked":"Singing Bowl","floor":7},{"not_picked":["Wellcheers","FairyFestival"],"picked":"LaLuna","floor":7},{"not_picked":["animator:Alexander","animator:Spearman"],"picked":"animator:Saitama","floor":7}],"player_experience":126934,"relics_obtained":[{"floor":7,"key":"Chameleon Ring"},{"floor":9,"key":"Ancient Tea Set"}],"event_choices":[{"damage_healed":0,"gold_gain":0,"player_choice":"Agree","damage_taken":0,"max_hp_gain":0,"max_hp_loss":0,"event_name":"conspire:LoneGhost","floor":3,"gold_loss":0},{"damage_healed":0,"gold_gain":0,"cards_transformed":["animator:MaesHughes"],"player_choice":"Transformed","damage_taken":0,"max_hp_gain":0,"max_hp_loss":0,"event_name":"Transmorgrifier","floor":8,"gold_loss":0,"cards_obtained":["animator:GoblinSlayer"]}],"is_beta":false,"boss_relics":[],"items_purged_floors":[],"is_endless":false,"potions_floor_spawned":[1,4,7],"killed_by":"Gremlin Nob","ascension_level":4}}