{"host":"naykp6d9ulahlwib","time":1609284593,"event":{"mods":["BaseMod","Highlight Path","Minty Spire (QoL Compilation)","Shop Mod","StSLib"],"gold_per_floor":[112,0,19,38,49,49,59,59,137,164,164,164,164,179,179,257,257,269,269,279,295,295,295],"floor_reached":22,"playtime":1744,"items_purged":[],"score":440,"play_id":"1350ad67-242e-4f34-8db5-259cbccb093e","local_time":"20201229172953","is_ascension_mode":true,"campfire_choices":[{"data":"Eruption","floor":6.0,"key":"SMITH"},{"data":"Wallop","floor":11.0,"key":"SMITH"},{"floor":13.0,"key":"REST"},{"floor":15,"key":"REST"}],"circlet_count":0,"master_deck":["AscendersBane","Strike_P","Strike_P","Strike_P","Strike_P","Defend_P","Defend_P","Defend_P","Defend_P","Eruption+1","Vigilance","BattleHymn","Weave","Wallop+1","Protect","CutThroughFate","EmptyFist","Establishment","Perseverance","WaveOfTheHand"],"relics":["HolyWater","NeowsBlessing","Torii","Darkstone Periapt","Omamori","StrikeDummy"],"acts_visited":["Exordium","TheCity"],"potions_floor_usage":[16,18,20,21,22],"damage_taken":[{"damage":0.0,"enemies":"Small Slimes","floor":1.0,"turns":1.0},{"damage":0.0,"enemies":"Cultist","floor":3.0,"turns":1.0},{"damage":0.0,"enemies":"2 Louse","floor":4.0,"turns":2.0},{"damage":10.0,"enemies":"Exordium Wildlife","floor":5.0,"turns":5.0},{"damage":0.0,"enemies":"Looter","floor":7.0,"turns":2.0},{"damage":23.0,"enemies":"Gremlin Nob","floor":10.0,"turns":4.0},{"damage":13,"enemies":"Lots of Slimes","floor":14,"turns":3},{"damage":0,"enemies":"Slime Boss","floor":16,"turns":6},{"damage":11,"enemies":"Shell Parasite","floor":18,"turns":4},{"damage":1,"enemies":"Spheric Guardian","floor":20,"turns":5},{"damage":37,"enemies":"Chosen and Byrds","floor":21,"turns":7},{"damage":38,"enemies":"Sentry and Sphere","floor":22,"turns":7}],"seed_played":"-4166100474324488041","potions_obtained":[{"floor":5.0,"key":"BottledMiracle"},{"floor":10.0,"key":"GamblersBrew"},{"floor":14,"key":"StancePotion"},{"floor":16,"key":"Block Potion"},{"floor":18,"key":"SpeedPotion"},{"floor":20,"key":"Regen Potion"}],"is_trial":false,"path_per_floor":["M","?","M","M","M","R","M","?","T","E","R","T","R","M","R","B",null,"M","?","M","M","M"],"character_chosen":"WATCHER","items_purchased":[],"campfire_rested":2,"item_purchase_floors":[],"current_hp_per_floor":[61,61,61,61,51,51,51,56,56,33,33,33,54,41,62,62,70,59,59,58,35,0,0],"gold":295,"neow_bonus":"THREE_ENEMY_KILL","is_daily":false,"chose_seed":false,"campfire_upgraded":2,"win_rate":0.0,"timestamp":1609284593,"path_taken":["M","?","M","M","?","R","M","?","T","E","R","?","R","M","R","BOSS","M","?","M","?","?"],"items_purchased_type":[],"build_version":"2020-12-22","purchased_purges":0,"victory":false,"max_hp_per_floor":[68,68,68,68,68,68,68,73,73,73,73,73,73,73,73,73,73,73,73,73,73,73,73],"card_choices":[{"not_picked":["BowlingBash","Crescendo","LikeWater"],"picked":"SKIP","floor":1.0},{"not_picked":["WreathOfFlame","Meditate"],"picked":"BattleHymn","floor":3.0},{"not_picked":["SignatureMove","Protect"],"picked":"Weave","floor":4.0},{"not_picked":["FlyingSleeves","ThirdEye"],"picked":"Wallop","floor":5.0},{"not_picked":["Crescendo","ReachHeaven"],"picked":"Protect","floor":7.0},{"not_picked":["SashWhip","InnerPeace"],"picked":"CutThroughFate","floor":10.0},{"not_picked":["ReachHeaven","Evaluate"],"picked":"EmptyFist","floor":14},{"not_picked":["Alpha","SpiritShield"],"picked":"Establishment","floor":16},{"not_picked":["Vengeance","EmptyFist","CutThroughFate"],"picked":"SKIP","floor":18},{"not_picked":["SashWhip","EmptyFist"],"picked":"Perseverance","floor":20},{"not_picked":["EmptyFist","Omniscience"],"picked":"WaveOfTheHand","floor":21}],"player_experience":924089,"relics_obtained":[{"floor":9.0,"key":"Darkstone Periapt"},{"floor":10.0,"key":"Omamori"},{"floor":12.0,"key":"StrikeDummy"}],"event_choices":[{"damage_healed":0.0,"max_hp_gain":0.0,"max_hp_loss":0.0,"gold_gain":0.0,"event_name":"WeMeetAgain","player_choice":"Paid Gold","floor":2.0,"gold_loss":112.0,"damage_taken":0.0,"relics_obtained":["Torii"]},{"damage_healed":0.0,"max_hp_gain":5.0,"max_hp_loss":0.0,"gold_gain":0.0,"event_name":"Big Fish","player_choice":"Donut","floor":8.0,"gold_loss":0.0,"damage_taken":0.0},{"damage_healed":0,"gold_gain":0,"player_choice":"Got Potions","damage_taken":0,"max_hp_gain":0,"max_hp_loss":0,"event_name":"Lab","floor":19,"gold_loss":0}],"is_beta":false,"boss_relics":[{"not_picked":["SlaversCollar","Snecko Eye"],"picked":"HolyWater"}],"items_purged_floors":[],"is_endless":false,"potions_floor_spawned":[5,10,14,16,18,20],"killed_by":"Sentry and Sphere","ascension_level":17}}