{"host":"nskcj6qu6rcsb0l3","time":1609201286,"event":{"mods":["BaseMod","Better Match","Better Note","Minty Spire (QoL Compilation)","StSLib"],"gold_per_floor":[116,133,44,55,55,55,84,84,84,96,115,41,59,69,69,165,165,182,182,193,205,225,225,225],"floor_reached":23,"playtime":733,"items_purged":[],"score":222,"play_id":"9e9c24f2-d579-4f7c-9b52-109823214da6","local_time":"20201229012126","is_ascension_mode":false,"campfire_choices":[{"data":"Footwork","floor":6,"key":"SMITH"},{"floor":8,"key":"REST"},{"floor":15,"key":"REST"}],"circlet_count":0,"master_deck":["Strike_G","Strike_G","Strike_G","Strike_G","Strike_G","Defend_G","Defend_G+1","Defend_G","Defend_G","Defend_G","Survivor","Neutralize","Footwork+1","Blade Dance","Accuracy+1","Caltrops","Slice","Cloak And Dagger","Infinite Blades","Blade Dance","Envenom","Dodge and Roll","Accuracy+1","Dagger Spray+1","Slice+1"],"relics":["Ring of the Snake","NeowsBlessing","Kunai","Meat on the Bone"],"acts_visited":["Exordium","TheCity"],"potions_floor_usage":[7,13,14,22,23],"damage_taken":[{"damage":0,"enemies":"Cultist","floor":1,"turns":1},{"damage":0,"enemies":"2 Louse","floor":2,"turns":1},{"damage":0,"enemies":"Small Slimes","floor":4,"turns":1},{"damage":0,"enemies":"Gremlin Nob","floor":7,"turns":3},{"damage":9,"enemies":"Exordium Wildlife","floor":10,"turns":3},{"damage":4,"enemies":"Gremlin Gang","floor":11,"turns":4},{"damage":0,"enemies":"Blue Slaver","floor":13,"turns":5},{"damage":20,"enemies":"Exordium Thugs","floor":14,"turns":4},{"damage":28,"enemies":"Hexaghost","floor":16,"turns":9},{"damage":15,"enemies":"Shell Parasite","floor":18,"turns":5},{"damage":4,"enemies":"Spheric Guardian","floor":20,"turns":5},{"damage":10,"enemies":"Centurion and Healer","floor":21,"turns":5},{"damage":20,"enemies":"Shelled Parasite and Fungi","floor":22,"turns":7},{"damage":34,"enemies":"Gremlin Leader","floor":23,"turns":7}],"seed_played":"5570400516020749879","potions_obtained":[{"floor":1,"key":"AttackPotion"},{"floor":7,"key":"Block Potion"},{"floor":11,"key":"PowerPotion"},{"floor":20,"key":"LiquidBronze"},{"floor":21,"key":"GamblersBrew"}],"is_trial":false,"path_per_floor":["M","M","$","M","?","R","E","R","T","M","M","$","M","M","R","B",null,"M","?","M","M","M","E"],"character_chosen":"THE_SILENT","items_purchased":["Blade Dance","Accuracy","Infinite Blades"],"campfire_rested":2,"item_purchase_floors":[3,3,12],"current_hp_per_floor":[70,70,70,70,56,56,56,70,70,61,57,57,57,37,58,42,70,55,55,51,41,33,0,0],"gold":225,"neow_bonus":"THREE_ENEMY_KILL","is_daily":false,"chose_seed":false,"campfire_upgraded":1,"win_rate":0.0,"timestamp":1609201286,"path_taken":["M","?","?","?","?","R","E","R","T","M","M","$","M","M","R","BOSS","M","?","M","?","M","E"],"items_purchased_type":["Card","Card","Card"],"build_version":"2020-12-22","purchased_purges":0,"victory":false,"max_hp_per_floor":[70,70,70,70,70,70,70,70,70,70,70,70,70,70,70,70,70,70,70,70,70,70,70,70],"card_choices":[{"not_picked":["Flechettes","Setup"],"picked":"Footwork","floor":1},{"not_picked":["Flying Knee","Catalyst","Sucker Punch"],"picked":"SKIP","floor":2},{"not_picked":["Deflect","Expertise"],"picked":"Caltrops","floor":4},{"not_picked":["Deadly Poison","Setup","Quick Slash"],"picked":"SKIP","floor":7},{"not_picked":["Masterful Stab","PiercingWail"],"picked":"Slice","floor":10},{"not_picked":["PiercingWail","Quick Slash"],"picked":"Cloak And Dagger","floor":11},{"not_picked":["Quick Slash","Slice","Endless Agony"],"picked":"SKIP","floor":13},{"not_picked":["Deflect","Flying Knee"],"picked":"Blade Dance","floor":14},{"not_picked":["Die Die Die","Malaise"],"picked":"Envenom","floor":16},{"not_picked":["Acrobatics","Bane"],"picked":"Dodge and Roll","floor":18},{"not_picked":["Flying Knee","Calculated Gamble","Caltrops+1"],"picked":"SKIP","floor":20},{"not_picked":["Poisoned Stab","Slice"],"picked":"Dagger Spray+1","floor":21},{"not_picked":["Quick Slash","Finisher+1"],"picked":"Slice+1","floor":22}],"player_experience":993999,"relics_obtained":[{"floor":7,"key":"Kunai"},{"floor":9,"key":"Meat on the Bone"}],"event_choices":[{"damage_healed":0,"gold_gain":0,"player_choice":"Entered Light","damage_taken":14,"max_hp_gain":0,"max_hp_loss":0,"event_name":"Shining Light","floor":5,"gold_loss":0,"cards_upgraded":["Defend_G","Accuracy"]},{"cards_removed":["Footwork"],"damage_healed":0,"gold_gain":0,"player_choice":"Take \u0026 Give","damage_taken":0,"max_hp_gain":0,"max_hp_loss":0,"event_name":"betterNote:BetterNote","floor":19,"gold_loss":0,"cards_obtained":["Accuracy"]}],"is_beta":false,"boss_relics":[{"not_picked":["Ectoplasm","Snecko Eye","Coffee Dripper"]}],"items_purged_floors":[],"is_endless":false,"potions_floor_spawned":[1,7,11,20,21],"killed_by":"Gremlin Leader","ascension_level":0}}