{"host":"hi7fki77kkmhrce8","time":1609211108,"event":{"mods":["AchievementEnabler","Act Like it!","BaseMod","Beaked The Cultist","Colored Map","Colored Powertips","Downfall","Halation","Jedi Mod","Mad Scientist","Minty Spire (QoL Compilation)","Relic Stats","Replay The Spire","StSLib","SuperFastMode","The Construct","The Hierophant","The Servant 0.9.4"],"gold_per_floor":[110,110,122,140,155,185,185,211,211,229,255,161,161,181,181,181,181],"floor_reached":16,"playtime":700,"items_purged":[],"score":112,"play_id":"9c4acd5c-c24e-4787-b96b-834cd1d8d581","local_time":"20201228220508","is_ascension_mode":false,"campfire_choices":[{"data":"Feed","floor":7,"key":"SMITH"},{"data":"Seeing Red","floor":15,"key":"SMITH"}],"circlet_count":0,"master_deck":["Strike_R","Strike_R","Strike_R","Strike_R","Defend_R","Defend_R","Defend_R","Defend_R","Bash","Seeing Red+1","Perfected Strike","Wild Strike","Feed+1","Reckless Charge","Uppercut","Twin Strike","Flex","Clothesline","Replay:Undeath\u0027s Touch"],"relics":["Burning Blood","Anchor","Gremlin Food","halation:BlackBeret","Toy Ornithopter"],"acts_visited":["Exordium"],"potions_floor_usage":[6,16,16],"damage_taken":[{"damage":15,"enemies":"Cultist","floor":1,"turns":4},{"damage":11,"enemies":"Jaw Worm","floor":3,"turns":4},{"damage":3,"enemies":"Small Slimes","floor":4,"turns":2},{"damage":7,"enemies":"2 Fungi Beasts","floor":5,"turns":3},{"damage":35,"enemies":"Lagavulin","floor":6,"turns":8},{"damage":5,"enemies":"Looter","floor":10,"turns":3},{"damage":8,"enemies":"3 Sentries","floor":11,"turns":7},{"damage":0,"enemies":"Red Slaver","floor":14,"turns":2},{"damage":91,"enemies":"Fading Forest","floor":16,"turns":7}],"seed_played":"-6400842988957968947","potions_obtained":[{"floor":3,"key":"jedi:tentaclejuice"},{"floor":5,"key":"Energy Potion"},{"floor":10,"key":"Adrenaline Potion"},{"floor":14,"key":"Slimebound:ThreeZeroPotion"}],"is_trial":false,"path_per_floor":["M","?","M","M","M","E","R","T","T","M","E","$","?","M","R","B"],"character_chosen":"IRONCLAD","items_purchased":["Flex","Clothesline"],"campfire_rested":0,"item_purchase_floors":[12,12],"current_hp_per_floor":[71,71,66,69,71,45,45,45,45,50,52,52,52,58,58,0,0],"gold":181,"neow_bonus":"TRANSFORM_CARD","is_daily":false,"chose_seed":false,"campfire_upgraded":2,"win_rate":0.0,"timestamp":1609211108,"path_taken":["M","?","M","?","M","E","R","?","T","M","E","$","?","?","R","BOSS"],"items_purchased_type":["Card","Card"],"build_version":"2020-12-22","purchased_purges":0,"victory":false,"max_hp_per_floor":[80,80,80,80,83,86,86,86,86,90,94,94,94,94,94,94,94],"relic_stats":{"counters":[9,40],"obtain_stats":[{"Gremlin Food":8,"halation:BlackBeret":9,"Anchor":6,"halation:StarCompass":13,"Burning Blood":0,"Toy Ornithopter":11},{"Gremlin Food":5,"halation:BlackBeret":5,"Anchor":5,"halation:StarCompass":7,"Burning Blood":0,"Toy Ornithopter":7},{"Gremlin Food":21,"halation:BlackBeret":21,"Anchor":21,"halation:StarCompass":31,"Burning Blood":0,"Toy Ornithopter":31}],"Burning Blood":48,"Toy Ornithopter":10},"card_choices":[{"not_picked":["Armaments","Clothesline"],"picked":"Perfected Strike","floor":1},{"not_picked":["Twin Strike","ReplayTheSpireMod:Strike From Hell"],"picked":"Wild Strike","floor":3},{"not_picked":["ReplayTheSpireMod:Stacked","Body Slam"],"picked":"Feed","floor":4},{"not_picked":["ReplayReversal","jedi:hate"],"picked":"Reckless Charge","floor":5},{"not_picked":["Thunderclap","Heavy Blade"],"picked":"Uppercut","floor":6},{"not_picked":["jedi:fear","Bloodletting"],"picked":"Twin Strike","floor":10},{"not_picked":["Run Through","Havoc","Juggernaut"],"picked":"SKIP","floor":11},{"not_picked":["Pommel Strike","Flex"],"picked":"Replay:Undeath\u0027s Touch","floor":14}],"player_experience":143076,"relics_obtained":[{"floor":6,"key":"Anchor"},{"floor":8,"key":"Gremlin Food"},{"floor":9,"key":"halation:BlackBeret"},{"floor":11,"key":"Toy Ornithopter"}],"event_choices":[{"damage_healed":0,"gold_gain":0,"player_choice":"Bought 0 Potions","damage_taken":0,"max_hp_gain":0,"max_hp_loss":0,"event_name":"The Woman in Blue","floor":2,"gold_loss":0}],"is_beta":false,"boss_relics":[],"items_purged_floors":[],"is_endless":false,"potions_floor_spawned":[3,5,10,14],"killed_by":"Fading Forest","ascension_level":0}}