{"host":"xspobo6976yah3h4","time":1609268374,"event":{"mods":["BaseMod","Clockwork Mod","Colored Map","Curses Come First","Googly Eyes","Minty Spire (QoL Compilation)","Random Character Button","StSLib","The Cursed","The Servant 0.9.4"],"gold_per_floor":[116,116,133,83,13,13,38,38,38,38,54,54,64,80,80,182,182,182,182,202,202,202,229,8,25,95,95,95,130,6,18,18,123,123,136,1135,1069,759,773,802,802,832,832,849,865,899,899,918,918,918],"floor_reached":51,"playtime":4494,"items_purged":["Defend_P","Defend_P","Defend_P"],"score":978,"play_id":"3e05f7e7-4224-44c3-bfdb-317f344d0345","local_time":"20201229195934","is_ascension_mode":true,"campfire_choices":[{"data":"Eruption","floor":6,"key":"SMITH"},{"data":"Nirvana","floor":12,"key":"SMITH"},{"floor":15,"key":"REST"},{"floor":27,"key":"REST"},{"floor":32,"key":"REST"},{"data":"Establishment","floor":41,"key":"SMITH"},{"data":"WindmillStrike","floor":49,"key":"SMITH"}],"circlet_count":0,"master_deck":["Strike_P","Strike_P","Strike_P","Eruption+1","Vigilance","Vengeance","Nirvana+1","Establishment+1","JustLucky","JustLucky","Protect","SandsOfTime","Nirvana+1","RitualDagger","Wireheading","ThirdEye+1","Protect+1","EmptyBody+1","CutThroughFate","Madness+1","Madness+1","WindmillStrike+1"],"relics":["PureWater","Eternal Feather","WarpedTongs","Bag of Marbles","Busted Crown","Omamori","Membership Card","Toxic Egg 2","StrikeDummy","Bag of Preparation","Cursed Key","Vajra","Lantern","White Beast Statue","Dream Catcher","PreservedInsect","Bronze Scales"],"acts_visited":["Exordium","TheCity","TheBeyond"],"potions_floor_usage":[16,18,23,23,29,46,50],"damage_taken":[{"damage":0,"enemies":"2 Louse","floor":1,"turns":1},{"damage":0,"enemies":"Small Slimes","floor":3,"turns":2},{"damage":49,"enemies":"3 Sentries","floor":7,"turns":9},{"damage":0,"enemies":"Jaw Worm","floor":11,"turns":3},{"damage":11,"enemies":"Looter","floor":13,"turns":3},{"damage":13,"enemies":"Red Slaver","floor":14,"turns":2},{"damage":31,"enemies":"Slime Boss","floor":16,"turns":10},{"damage":4,"enemies":"Shell Parasite","floor":18,"turns":2},{"damage":2,"enemies":"Spheric Guardian","floor":20,"turns":3},{"damage":18,"enemies":"Gremlin Leader","floor":23,"turns":4},{"damage":22,"enemies":"Cultist and Chosen","floor":25,"turns":5},{"damage":28,"enemies":"Slavers","floor":29,"turns":6},{"damage":25,"enemies":"Shelled Parasite and Fungi","floor":31,"turns":3},{"damage":3,"enemies":"Champ","floor":33,"turns":9},{"damage":0,"enemies":"3 Darklings","floor":35,"turns":5},{"damage":0,"enemies":"3 Shapes","floor":39,"turns":3},{"damage":1,"enemies":"Reptomancer","floor":40,"turns":4},{"damage":0,"enemies":"Nemesis","floor":42,"turns":1},{"damage":0,"enemies":"Maw","floor":44,"turns":6},{"damage":0,"enemies":"Sphere and 2 Shapes","floor":45,"turns":3},{"damage":10,"enemies":"Reptomancer","floor":46,"turns":4},{"damage":0,"enemies":"Spire Growth","floor":48,"turns":4},{"damage":60,"enemies":"Donu and Deca","floor":50,"turns":8}],"seed_played":"608974865749926782","potions_obtained":[{"floor":7,"key":"LiquidBronze"},{"floor":13,"key":"PowerPotion"},{"floor":16,"key":"SmokeBomb"},{"floor":20,"key":"PowerPotion"},{"floor":23,"key":"Energy Potion"},{"floor":31,"key":"Block Potion"},{"floor":35,"key":"FearPotion"},{"floor":46,"key":"AttackPotion"}],"is_trial":false,"path_per_floor":["M","?","M","?","$","R","E","?","T","$","M","R","M","M","R","B",null,"M","?","M","?","?","E","$","M","T","R","?","E","$","M","R","B",null,"M","?","?","$","M","E","R","E","T","M","M","E","?","M","R","B",null],"character_chosen":"WATCHER","items_purchased":["Establishment","Membership Card","Wireheading","Bag of Preparation","Lantern","White Beast Statue","CutThroughFate","AttackPotion"],"campfire_rested":3,"item_purchase_floors":[5,24,24,30,38,38,38,38],"current_hp_per_floor":[79,72,72,72,72,72,23,23,23,23,23,29,18,5,37,6,79,75,75,73,73,67,49,49,27,27,59,59,31,31,6,38,35,79,79,79,79,79,79,78,79,79,79,79,79,69,59,59,71,11],"gold":918,"neow_bonus":"TEN_PERCENT_HP_BONUS","is_daily":false,"chose_seed":false,"campfire_upgraded":4,"win_rate":0.0,"timestamp":1609268374,"path_taken":["M","?","M","?","?","R","E","?","T","$","?","R","?","M","R","BOSS","M","?","?","?","?","E","$","M","T","R","?","E","?","M","R","BOSS","M","?","?","$","M","E","R","E","T","?","M","E","?","M","R","BOSS"],"items_purchased_type":["Card","Relic","Card","Relic","Relic","Relic","Card","Potion"],"build_version":"2020-12-22","purchased_purges":3,"victory":true,"max_hp_per_floor":[79,79,79,79,79,79,79,79,79,79,79,79,79,79,79,79,79,79,79,79,79,79,79,79,79,79,79,79,79,79,79,79,79,79,79,79,79,79,79,79,79,79,79,79,79,79,79,79,79,79],"card_choices":[{"not_picked":["Protect","Halt"],"picked":"Vengeance","floor":1},{"not_picked":["Vengeance","FollowUp"],"picked":"Nirvana","floor":3},{"not_picked":["WheelKick","FlurryOfBlows"],"picked":"JustLucky","floor":7},{"not_picked":["Conclude","SignatureMove"],"picked":"JustLucky","floor":11},{"not_picked":["PathToVictory","Sanctity"],"picked":"Protect","floor":13},{"not_picked":["ClearTheMind","Weave"],"picked":"SandsOfTime","floor":14},{"not_picked":["SashWhip"],"picked":"SKIP","floor":20},{"not_picked":["Prostrate"],"picked":"SKIP","floor":23},{"not_picked":["SashWhip+1"],"picked":"SKIP","floor":25},{"not_picked":[],"picked":"Protect+1","floor":29},{"not_picked":[],"picked":"EmptyBody+1","floor":31},{"not_picked":["EmptyFist"],"picked":"SKIP","floor":35},{"not_picked":["WaveOfTheHand+1"],"picked":"SKIP","floor":39},{"not_picked":["SashWhip+1"],"picked":"SKIP","floor":40},{"not_picked":["BowlingBash+1"],"picked":"SKIP","floor":42},{"not_picked":["PathToVictory+1"],"picked":"SKIP","floor":44},{"not_picked":["BowlingBash"],"picked":"SKIP","floor":45},{"not_picked":["Consecrate"],"picked":"SKIP","floor":46},{"not_picked":[],"picked":"WindmillStrike","floor":48}],"player_experience":613446,"relics_obtained":[{"floor":7,"key":"Eternal Feather"},{"floor":9,"key":"Bag of Marbles"},{"floor":23,"key":"Omamori"},{"floor":26,"key":"Toxic Egg 2"},{"floor":29,"key":"StrikeDummy"},{"floor":40,"key":"Dream Catcher"},{"floor":42,"key":"PreservedInsect"},{"floor":46,"key":"Bronze Scales"}],"event_choices":[{"cards_removed":["Defend_P"],"damage_healed":0,"gold_gain":0,"player_choice":"Card Removal","damage_taken":7,"max_hp_gain":0,"max_hp_loss":0,"event_name":"Golden Wing","floor":2,"gold_loss":0},{"cards_removed":["Strike_P"],"damage_healed":0,"gold_gain":0,"player_choice":"Card Removal","damage_taken":0,"max_hp_gain":0,"max_hp_loss":0,"event_name":"The Cleric","floor":4,"gold_loss":50},{"damage_healed":0,"gold_gain":0,"player_choice":"Rummage","damage_taken":0,"relics_obtained":["WarpedTongs"],"max_hp_gain":0,"max_hp_loss":0,"event_name":"Accursed Blacksmith","floor":8,"gold_loss":0,"cards_obtained":["Pain"]},{"damage_healed":0,"gold_gain":0,"player_choice":"Copied","damage_taken":0,"max_hp_gain":0,"max_hp_loss":0,"event_name":"Duplicator","floor":19,"gold_loss":0,"cards_obtained":["Nirvana"]},{"cards_removed":["Pain"],"damage_healed":0,"gold_gain":0,"player_choice":"Elegance","damage_taken":0,"max_hp_gain":0,"max_hp_loss":0,"event_name":"Back to Basics","floor":21,"gold_loss":0},{"damage_healed":0,"gold_gain":0,"player_choice":"Joined the Cult","damage_taken":6,"max_hp_gain":0,"max_hp_loss":0,"event_name":"Nest","floor":22,"gold_loss":0,"cards_obtained":["RitualDagger"]},{"damage_healed":0,"gold_gain":0,"player_choice":"Read","damage_taken":0,"max_hp_gain":0,"max_hp_loss":0,"event_name":"The Library","floor":28,"gold_loss":0,"cards_obtained":["ThirdEye"]},{"damage_healed":0,"gold_gain":999,"player_choice":"Gold","damage_taken":0,"max_hp_gain":0,"max_hp_loss":0,"event_name":"MindBloom","floor":36,"gold_loss":0,"cards_obtained":["Normality","Normality"]},{"damage_healed":0,"gold_gain":0,"player_choice":"Paid Gold","damage_taken":0,"relics_obtained":["Vajra"],"max_hp_gain":0,"max_hp_loss":0,"event_name":"WeMeetAgain","floor":37,"gold_loss":66},{"damage_healed":0,"gold_gain":0,"player_choice":"Embrace Madness","damage_taken":10,"max_hp_gain":0,"max_hp_loss":0,"event_name":"Winding Halls","floor":47,"gold_loss":0,"cards_obtained":["Madness","Madness"]}],"is_beta":false,"boss_relics":[{"not_picked":["Black Star","Fusion Hammer"],"picked":"Busted Crown"},{"not_picked":["Snecko Eye","SlaversCollar"],"picked":"Cursed Key"}],"items_purged_floors":[24,30,38],"is_endless":false,"potions_floor_spawned":[7,13,16,18,20,23,31,35,39,40,42,44,45,46,48],"ascension_level":4}}