{"host":"lghmifil0o5from5","time":1609209270,"event":{"mods":["BaseMod","Colored Map","Conspire","Downfall","Infinite Spire","Minty Spire (QoL Compilation)","Quick Restart","Replay The Spire","StSLib","The Cursed","[IsaacMod]ÒÔÈö¼âËþ"],"gold_per_floor":[99,118,118,133,149,167,167,177,188,188,188,203,217,217,232,232,232,232],"floor_reached":16,"playtime":873,"items_purged":[],"score":98,"play_id":"edab4c08-f702-4fa1-b964-0f20d8f58133","local_time":"20201229103430","is_ascension_mode":false,"campfire_choices":[{"data":"Slimebound:CorrosiveSpit","floor":1,"key":"SMITH"},{"data":"Slimebound:Split","floor":11,"key":"SMITH"}],"circlet_count":0,"master_deck":["Slimebound:Strike_Slimebound","Slimebound:Strike_Slimebound","Slimebound:Strike_Slimebound","Slimebound:Tackle","Slimebound:Defend_Slimebound","Slimebound:Defend_Slimebound","Slimebound:Defend_Slimebound","Slimebound:Split+1","Slimebound:CorrosiveSpit+1","Slimebound:AcidTongue","Slimebound:Equalize","Slimebound:SplitAcid","Slimebound:SpikyOuterGoop","Slimebound:SlimeSlap","Slimebound:FirmFortitude","Slimebound:SlimeBarrage","Slimebound:FinishingTackle"],"relics":["Slimebound:AbsorbEndCombat","HushsDoor","DeadEye","Mercury Hourglass","StrikeDummy"],"acts_visited":["Exordium"],"potions_floor_usage":[8,9,16,16,16],"damage_taken":[{"damage":12,"enemies":"Small Slimes","floor":2,"turns":3},{"damage":8,"enemies":"Cultist","floor":4,"turns":3},{"damage":15,"enemies":"Jaw Worm","floor":5,"turns":3},{"damage":16,"enemies":"Blue Slaver","floor":6,"turns":3},{"damage":0,"enemies":"Lots of Slimes","floor":8,"turns":1},{"damage":19,"enemies":"Exordium Wildlife","floor":9,"turns":4},{"damage":21,"enemies":"Red Slaver","floor":12,"turns":3},{"damage":27,"enemies":"Gremlin Gang","floor":13,"turns":2},{"damage":17,"enemies":"Exordium Wildlife","floor":15,"turns":2},{"damage":51,"enemies":"downfall:Ironclad","floor":16,"turns":5}],"seed_played":"-3228277195754953127","potions_obtained":[{"floor":2,"key":"Explosive Potion"},{"floor":8,"key":"Fire Potion"},{"floor":12,"key":"Milkshake"},{"floor":13,"key":"Toxic Potion"},{"floor":15,"key":"Energy Potion"}],"is_trial":false,"path_per_floor":["R","M","?","M","M","M","T","M","M","?","R","M","M","T","M","B"],"character_chosen":"SLIMEBOUND","items_purchased":[],"campfire_rested":0,"item_purchase_floors":[],"current_hp_per_floor":[66,66,66,66,59,59,59,65,55,55,55,50,35,35,30,0,0,0],"gold":232,"neow_bonus":"TEN_PERCENT_HP_BONUS","is_daily":false,"chose_seed":false,"campfire_upgraded":2,"win_rate":0.0,"timestamp":1609209270,"path_taken":["R","M","?","M","M","?","T","M","M","?","R","M","?","?","M","BOSS"],"items_purchased_type":[],"build_version":"2020-12-22","purchased_purges":0,"victory":false,"max_hp_per_floor":[66,66,66,66,66,66,66,66,66,66,66,66,66,66,66,66,66,66],"card_choices":[{"not_picked":["Slimebound:SplitLeeching","Slimebound:GrowthPunch","Slimebound:Replication"],"picked":"SKIP","floor":2},{"not_picked":["Slimebound:Gluttony","Slimebound:LeechEnergy"],"picked":"Slimebound:AcidTongue","floor":4},{"not_picked":["Slimebound:SplitMire","Slimebound:GrowthPunch"],"picked":"Slimebound:Equalize","floor":5},{"not_picked":["Slimebound:Replication","Bomb"],"picked":"Slimebound:SplitAcid","floor":6},{"not_picked":["Slimebound:LeechingTouch","Slimebound:Schlurp"],"picked":"Slimebound:SpikyOuterGoop","floor":8},{"not_picked":["Slimebound:BestDefense","Slimebound:SplitLeeching"],"picked":"Slimebound:SlimeSlap","floor":9},{"not_picked":["Slimebound:Equalize","Slimebound:SpikyOuterGoop"],"picked":"Slimebound:FirmFortitude","floor":12},{"not_picked":["Slimebound:Schlurp","Slimebound:Replication"],"picked":"Slimebound:SlimeBarrage","floor":13},{"not_picked":["Slimebound:Chomp","Slimebound:SplitAcid"],"picked":"Slimebound:FinishingTackle","floor":15}],"player_experience":629409,"relics_obtained":[{"floor":7,"key":"Mercury Hourglass"},{"floor":14,"key":"StrikeDummy"}],"event_choices":[{"damage_healed":0,"gold_gain":0,"player_choice":"Ignored","damage_taken":0,"max_hp_gain":0,"max_hp_loss":0,"event_name":"NoteForYourself","floor":3,"gold_loss":0}],"is_beta":false,"boss_relics":[],"items_purged_floors":[],"is_endless":false,"potions_floor_spawned":[2,8,12,13,15],"killed_by":"downfall:Ironclad","ascension_level":0}}