{"host":"i838i4v0j45fzwgz","time":1609218640,"event":{"mods":["Ascension Reborn","BaseMod","Better Third Choice","BetterRewards","Card Forge","Hubris","Infinite Spire","Minty Spire (QoL Compilation)","Replay The Spire","Shop Mod","Spicy Shops","StSLib","vexMod"],"gold_per_floor":[114,79,79,94,109,162,209,263,263,263,292,12,12,12,12,117,117,136,150,150,150,183,183,183,213,213,244,20,13,44,77,77,176,176,191,191,42,158,171,171,171,171,196,231,259,294,347,372,372,372],"floor_reached":51,"playtime":7467,"items_purged":["Backflip"],"score":995,"play_id":"9b346389-3fe9-438e-ae6f-2047917a5c20","local_time":"20201228231040","daily_mods":["Allstar","Green Cards","Colorless Cards","Heirloom","Time Dilation","Flight","DeadlyEvents","Elite Swarm"],"is_ascension_mode":true,"campfire_choices":[{"data":"Backstab","floor":10,"key":"SMITH"},{"data":"Metamorphosis","floor":13,"key":"SMITH"},{"floor":15,"key":"REST"},{"data":"infinitespire:SevenWalls","floor":23,"key":"SMITH"},{"data":"Replay:Dark Deal","floor":24,"key":"SMITH"},{"data":"Omniscience","floor":32,"key":"SMITH"},{"floor":40,"key":"REST"},{"floor":41,"key":"REST"},{"data":"Replay:Dark Deal","floor":42,"key":"SMITH"},{"floor":49,"key":"REST"}],"circlet_count":0,"master_deck":["Demon Form+1","Wraith Form v2+1","Echo Form+1","DevaForm+1","Strike_G+1","Strike_G+1","Strike_G+1","Strike_G+1","Strike_G+1","Defend_G+1","Defend_G+1","Defend_G+1","Defend_G+1","Defend_G+1","Survivor+1","Neutralize+1","ReplayTheSpireMod:Private Reserves","Metamorphosis+1","Deep Breath","HandOfGreed","Madness","Hidden Blade","Backstab+1","Dagger Throw","Metamorphosis","Panache","Envenom","Dagger Spray","Secret Technique","Prepared+1","Replay:Bootleg Shield Generator","Poisoned Stab","Replay:Dark Deal+1","Deadly Poison","Acrobatics","infinitespire:Collect","infinitespire:SevenWalls+1","infinitespire:Oblivion","Poisoned Stab+1","ReplayTheSpireMod:From All Sides","Corpse Explosion","ReplayTheSpireMod:Scrap Shanks","Crippling Poison+1","Night Terror","Omniscience+1","Replay:Dark Deal+1","Quick Slash","Wraith Form v2","Replay:Bootleg Shield Generator+1","Enlightenment+1","ReplayTheSpireMod:Tripwire+1","Dagger Spray","vexMod:StairwayStrike","hubris:NaturalOne","Sadistic Nature","Vault","Replay:Dark Deal","Adrenaline","Dagger Throw+1"],"relics":["Ring of the Snake","Hammer of Thor","Seething Fire","Anvil of the Gods","replay:Trail_Library","hubris:BundleOfHerbs","vexMod:FocusSash","Pocketwatch","infinitespire:PuzzleCube","Bag of Marbles","Replay:Baseball","Dream Catcher","vexMod:MegatonBomb","hubris:Icosahedron","Potion Belt","Bag of Preparation","Ginger","hubris:DisguiseKit","vexMod:CardConverter","WristBlade","MerchantsRug","Snake Skull","hubris:64BitClover","hubris:CrystalStatue","vexMod:PlasmaPancake","Kunai","infinitespire:FocusingShard"],"acts_visited":["Exordium","TheCity","TheBeyond"],"potions_floor_usage":[30,33,33,39],"damage_taken":[{"damage":21,"enemies":"Jaw Worm","floor":1,"turns":4},{"damage":0,"enemies":"Cultist","floor":4,"turns":3},{"damage":0,"enemies":"Small Slimes","floor":5,"turns":3},{"damage":6,"enemies":"3 Sentries","floor":6,"turns":7},{"damage":10,"enemies":"Replay:BlueRogue","floor":7,"turns":3},{"damage":10,"enemies":"Gremlin Nob","floor":8,"turns":4},{"damage":0,"enemies":"Lagavulin","floor":11,"turns":4},{"damage":10,"enemies":"Fading Forest","floor":16,"turns":9},{"damage":4,"enemies":"Chosen","floor":18,"turns":2},{"damage":0,"enemies":"Shell Parasite","floor":19,"turns":1},{"damage":13,"enemies":"Chosen and Byrds","floor":22,"turns":4},{"damage":0,"enemies":"Gremlin Leader","floor":25,"turns":2},{"damage":27,"enemies":"Book of Stabbing","floor":27,"turns":4},{"damage":12,"enemies":"Cultist and Chosen","floor":29,"turns":3},{"damage":12,"enemies":"Slavers","floor":30,"turns":3},{"damage":0,"enemies":"Gremlin Leader","floor":31,"turns":1},{"damage":18,"enemies":"Champ","floor":33,"turns":5},{"damage":13,"enemies":"3 Darklings","floor":35,"turns":4},{"damage":9,"enemies":"Orb Walker","floor":38,"turns":3},{"damage":28,"enemies":"Maw","floor":39,"turns":4},{"damage":0,"enemies":"Reptomancer","floor":44,"turns":1},{"damage":4,"enemies":"Giant Head","floor":45,"turns":4},{"damage":19,"enemies":"Reptomancer","floor":46,"turns":2},{"damage":27,"enemies":"Nemesis","floor":47,"turns":5},{"damage":35,"enemies":"Nightmare","floor":48,"turns":4},{"damage":92,"enemies":"Replay:Hell Engine","floor":50,"turns":9}],"seed_played":"-8645756432625264216","potions_obtained":[{"floor":1,"key":"PowerPotion"},{"floor":5,"key":"Fire Potion"},{"floor":8,"key":"Strength Potion"},{"floor":29,"key":"PowerPotion"},{"floor":35,"key":"ColorlessPotion"},{"floor":45,"key":"Explosive Potion"},{"floor":47,"key":"Swift Potion"}],"is_trial":true,"path_per_floor":["M","?","?","M","M","E","E","E","T","R","E","$","R","$","R","B",null,"M","M","?","AVR","M","R","R","E","T","E","$","M","E","E","R","B",null,"M","?","$","M","M","R","R","R","T","E","E","E","E","NM","R","B",null],"character_chosen":"THE_SILENT","items_purchased":["Dream Catcher","Prepared+1","Replay:Bootleg Shield Generator","ReplayTheSpireMod:Scrap Shanks","Regen Potion","MerchantsRug"],"campfire_rested":4,"item_purchase_floors":[12,12,12,28,28,37],"current_hp_per_floor":[49,66,69,69,69,63,53,43,43,43,43,43,43,43,64,54,73,69,69,69,69,56,56,56,56,56,29,29,17,44,46,46,30,77,66,68,68,61,35,62,89,89,89,91,91,80,55,22,56,81],"gold":372,"neow_bonus":"","is_daily":false,"chose_seed":false,"campfire_upgraded":6,"win_rate":0.0,"timestamp":1609218640,"path_taken":["M","?","?","M","M","E","E","?","T","R","?","$","R","?","R","BOSS","M","M","?","AVR","M","R","R","E","T","E","$","M","E","E","R","BOSS","M","?","$","M","M","R","R","R","T","E","E","E","?","NM","R","BOSS"],"items_purchased_type":["Relic","Card","Card","Card","Potion","Relic"],"build_version":"2020-12-22","purchased_purges":1,"victory":true,"max_hp_per_floor":[70,70,73,73,73,73,73,73,73,73,73,73,73,73,73,73,73,73,73,73,73,73,73,73,73,73,73,73,73,73,75,75,77,77,79,81,81,83,85,87,89,89,89,91,95,103,105,107,109,109],"card_choices":[{"not_picked":["ReplayTheSpireMod:Shiv Toss","Dodge and Roll"],"picked":"Hidden Blade","floor":1},{"not_picked":["Distraction","Poisoned Stab"],"picked":"Backstab","floor":4},{"not_picked":["Hidden Blade","After Image"],"picked":"Dagger Throw","floor":5},{"not_picked":["Sadistic Nature","Apotheosis"],"picked":"Metamorphosis","floor":6},{"not_picked":["Malaise","ReplayTheSpireMod:From All Sides"],"picked":"Panache","floor":7},{"not_picked":["HandOfGreed","Malaise"],"picked":"Envenom","floor":8},{"not_picked":["Malaise","Night Terror"],"picked":"Secret Technique","floor":11},{"not_picked":["Sucker Punch","Dodge and Roll"],"picked":"Poisoned Stab","floor":15},{"not_picked":["Glass Knife","Burst"],"picked":"Replay:Dark Deal","floor":16},{"not_picked":["All Out Attack","PiercingWail"],"picked":"Deadly Poison","floor":18},{"not_picked":["Dodge and Roll","Flash of Steel"],"picked":"Acrobatics","floor":19},{"not_picked":["Good Instincts","Outmaneuver+1"],"picked":"Poisoned Stab+1","floor":22},{"not_picked":["Envenom","ReplayTheSpireMod:Necrosis"],"picked":"ReplayTheSpireMod:From All Sides","floor":25},{"not_picked":["Grand Finale","Crow Ritual"],"picked":"Corpse Explosion","floor":27},{"not_picked":["PiercingWail+1","Backflip"],"picked":"Crippling Poison+1","floor":29},{"not_picked":["Phantasmal Killer","Poisoned Strike"],"picked":"Night Terror","floor":30},{"not_picked":["Crow Ritual","ReplayTheSpireMod:Brewmster","ReplayTheSpireMod:Necrosis"],"picked":"Omniscience","floor":31},{"not_picked":["Corpse Explosion","Mayhem","Scrawl"],"picked":"Replay:Dark Deal","floor":33},{"not_picked":["Outmaneuver+1","ReplayTheSpireMod:Private Reserves+1","Meditate"],"picked":"Quick Slash","floor":35},{"not_picked":["Dagger Spray+1","Cloak And Dagger","ThirdEye"],"picked":"Replay:Bootleg Shield Generator+1","floor":38},{"not_picked":["ReplayTheSpireMod:Uncanny Aura+1","Leg Sweep","ClearTheMind"],"picked":"Enlightenment+1","floor":39},{"not_picked":["Cloak And Dagger+1","Acrobatics","FlyingSleeves"],"picked":"ReplayTheSpireMod:Tripwire+1","floor":40},{"not_picked":["Cloak And Dagger","Replay:Poison Smokescreen+1","Ragnarok"],"picked":"Dagger Spray","floor":41},{"not_picked":["Secret Weapon","Thinking Ahead","MasterReality"],"picked":"vexMod:StairwayStrike","floor":44},{"not_picked":["Mayhem","After Image","Replay:AllIn"],"picked":"Sadistic Nature","floor":45},{"not_picked":["The Bomb","Phantasmal Killer","Adrenaline"],"picked":"Vault","floor":46},{"not_picked":["Burst","Tools of the Trade","Establishment"],"picked":"Replay:Dark Deal","floor":47},{"not_picked":["hubris:EnhanceAbility","Grand Finale","Omniscience"],"picked":"Adrenaline","floor":48},{"not_picked":["Cloak And Dagger+1","Specialist+1","Replay:AtTheReady"],"picked":"Dagger Throw+1","floor":49}],"player_experience":25326,"relics_obtained":[{"floor":6,"key":"vexMod:FocusSash"},{"floor":7,"key":"Pocketwatch"},{"floor":8,"key":"infinitespire:PuzzleCube"},{"floor":9,"key":"Bag of Marbles"},{"floor":11,"key":"Replay:Baseball"},{"floor":25,"key":"Potion Belt"},{"floor":26,"key":"Bag of Preparation"},{"floor":27,"key":"Ginger"},{"floor":30,"key":"hubris:DisguiseKit"},{"floor":31,"key":"vexMod:CardConverter"},{"floor":43,"key":"Snake Skull"},{"floor":44,"key":"hubris:64BitClover"},{"floor":45,"key":"hubris:CrystalStatue"},{"floor":46,"key":"vexMod:PlasmaPancake"},{"floor":47,"key":"Kunai"},{"floor":48,"key":"infinitespire:FocusingShard"}],"event_choices":[{"damage_healed":17,"gold_gain":0,"player_choice":"Healed","damage_taken":0,"max_hp_gain":0,"max_hp_loss":0,"event_name":"The Cleric","floor":2,"gold_loss":35}],"is_beta":false,"boss_relics":[{"not_picked":["vexMod:RockOfEvil","vexMod:CursedCompass"],"picked":"vexMod:MegatonBomb"},{"not_picked":["Snecko Scales","Velvet Choker"],"picked":"WristBlade"}],"items_purged_floors":[28],"is_endless":false,"potions_floor_spawned":[1,5,8,19,22,29,35,45,47],"ascension_level":0}}