{"host":"qxeepl7ydvsgmfdb","time":1609236595,"event":{"mods":["AchievementEnabler","BaseMod","Colored Powertips","Minty Spire (QoL Compilation)","Quick Restart","slay the spire mod where everything is the same but ironclad has a cowboy hat"],"gold_per_floor":[113,113,62,86,103,103,103,137,137,67,86,100,100,275,275,275,275],"floor_reached":16,"playtime":249,"items_purged":[],"score":123,"play_id":"35574636-3618-47a5-b249-5376b34fd4aa","local_time":"20201229050955","is_ascension_mode":false,"campfire_choices":[{"data":"Zap","floor":7,"key":"SMITH"},{"data":"Redo","floor":13,"key":"SMITH"},{"data":"BootSequence","floor":15,"key":"SMITH"}],"circlet_count":0,"master_deck":["Strike_B","Strike_B+1","Strike_B","Defend_B","Defend_B","Defend_B","Defend_B","Zap+1","Dualcast","Redo+1","Gash","Defragment","BootSequence+1","Redo+1","Doubt"],"relics":["Cracked Core","NeowsBlessing","Oddly Smooth Stone","Pear","Blood Vial"],"acts_visited":["Exordium"],"potions_floor_usage":[16],"damage_taken":[{"damage":0,"enemies":"Jaw Worm","floor":1,"turns":1},{"damage":0,"enemies":"Cultist","floor":5,"turns":1},{"damage":0,"enemies":"3 Sentries","floor":8,"turns":1},{"damage":0,"enemies":"2 Louse","floor":11,"turns":2},{"damage":14,"enemies":"Exordium Thugs","floor":12,"turns":4},{"damage":53,"enemies":"The Guardian","floor":16,"turns":10}],"seed_played":"-8185045299523629474","potions_obtained":[{"floor":1,"key":"AttackPotion"},{"floor":8,"key":"Dexterity Potion"},{"floor":12,"key":"BlessingOfTheForge"}],"is_trial":false,"path_per_floor":["M","?","$","T","M","?","R","E","T","$","M","M","R","?","R","B"],"character_chosen":"DEFECT","items_purchased":["Redo","Defragment"],"campfire_rested":0,"item_purchase_floors":[3,10],"current_hp_per_floor":[75,75,75,75,75,60,60,70,70,70,72,60,60,60,60,9,9],"gold":275,"neow_bonus":"THREE_ENEMY_KILL","is_daily":false,"chose_seed":false,"campfire_upgraded":3,"win_rate":0.0,"timestamp":1609236595,"path_taken":["M","?","$","?","M","?","R","E","T","$","M","?","R","?","R","BOSS"],"items_purchased_type":["Card","Card"],"build_version":"2020-12-22","purchased_purges":0,"victory":false,"max_hp_per_floor":[75,75,75,75,75,75,75,85,85,85,85,85,85,85,85,85,85],"card_choices":[{"not_picked":["Scrape","Go for the Eyes","Hologram"],"picked":"SKIP","floor":1},{"not_picked":["Heatsinks","Hello World","Genetic Algorithm"],"picked":"SKIP","floor":5},{"not_picked":["Cold Snap","Tempest"],"picked":"Gash","floor":8},{"not_picked":["Chill","Genetic Algorithm"],"picked":"BootSequence","floor":11},{"not_picked":["Conserve Battery","Compile Driver"],"picked":"Redo","floor":12}],"player_experience":292806,"relics_obtained":[{"floor":4,"key":"Oddly Smooth Stone"},{"floor":8,"key":"Pear"},{"floor":9,"key":"Blood Vial"}],"event_choices":[{"cards_removed":["Strike_B"],"damage_healed":0,"gold_gain":0,"player_choice":"Card Removal","damage_taken":0,"max_hp_gain":0,"max_hp_loss":0,"event_name":"Wheel of Change","floor":2,"gold_loss":0},{"damage_healed":0,"gold_gain":0,"player_choice":"Entered Light","damage_taken":15,"max_hp_gain":0,"max_hp_loss":0,"event_name":"Shining Light","floor":6,"gold_loss":0,"cards_upgraded":["Redo","Strike_B"]},{"damage_healed":0,"gold_gain":175,"player_choice":"AGREE","damage_taken":0,"max_hp_gain":0,"max_hp_loss":0,"event_name":"Liars Game","floor":14,"gold_loss":0,"cards_obtained":["Doubt"]}],"is_beta":false,"boss_relics":[],"items_purged_floors":[],"is_endless":false,"potions_floor_spawned":[1,8,12],"killed_by":"The Guardian","ascension_level":0}}