{"host":"y15j0sqd0it1yzon","time":1609277200,"event":{"mods":["AchievementEnabler","BaseMod","Minty Spire (QoL Compilation)","StSLib"],"gold_per_floor":[109,121,46,12,30,30,56,67,139,139,39,58,58,58,58,159,159,169,44,44,55,71,71,88,108,108,23,40,68,68,88,88,186,186,206,133,149,149,149,149],"floor_reached":39,"playtime":5437,"items_purged":["Strike_B","Strike_B","Defend_B"],"score":428,"play_id":"c9dcc07d-1030-4df9-b6f6-5f8118b235c5","local_time":"20201229212640","is_ascension_mode":false,"campfire_choices":[{"data":"Conserve Battery","floor":6,"key":"SMITH"},{"data":"Chaos","floor":10,"key":"SMITH"},{"data":"Zap","floor":15,"key":"SMITH"},{"data":"Conserve Battery","floor":23,"key":"SMITH"},{"data":"Ball Lightning","floor":30,"key":"SMITH"},{"floor":32,"key":"REST"}],"circlet_count":0,"master_deck":["Defend_B","Defend_B","Zap+1","Dualcast","Go for the Eyes","Ball Lightning+1","Conserve Battery+1","Double Energy","Chaos+1","Beam Cell","Machine Learning","Conserve Battery+1","Streamline+1","Coolheaded+1","Steam","Heatsinks+1","Hello World+1","Amplify","Loop+1","Loop","Self Repair+1"],"relics":["Cracked Core","Centennial Puzzle","FossilizedHelix","Meat on the Bone","Empty Cage","Eternal Feather","Happy Flower","Lantern","Inserter"],"acts_visited":["Exordium","TheCity","TheBeyond"],"potions_floor_usage":[16,16,18,29,29,39,39],"damage_taken":[{"damage":3,"enemies":"2 Louse","floor":1,"turns":3},{"damage":0,"enemies":"Small Slimes","floor":2,"turns":2},{"damage":1,"enemies":"Jaw Worm","floor":5,"turns":3},{"damage":18,"enemies":"Gremlin Nob","floor":7,"turns":4},{"damage":1,"enemies":"Red Slaver","floor":8,"turns":3},{"damage":0,"enemies":"Large Slime","floor":12,"turns":5},{"damage":6,"enemies":"Hexaghost","floor":16,"turns":8},{"damage":0,"enemies":"Shell Parasite","floor":18,"turns":6},{"damage":13,"enemies":"2 Thieves","floor":21,"turns":5},{"damage":0,"enemies":"Centurion and Healer","floor":22,"turns":7},{"damage":11,"enemies":"Snecko","floor":24,"turns":6},{"damage":0,"enemies":"Sentry and Sphere","floor":25,"turns":5},{"damage":0,"enemies":"Centurion and Healer","floor":28,"turns":5},{"damage":0,"enemies":"Slavers","floor":29,"turns":5},{"damage":6,"enemies":"Cultist and Chosen","floor":31,"turns":6},{"damage":5,"enemies":"Champ","floor":33,"turns":12},{"damage":59,"enemies":"3 Shapes","floor":35,"turns":4},{"damage":12,"enemies":"Orb Walker","floor":37,"turns":4},{"damage":35,"enemies":"Jaw Worm Horde","floor":39,"turns":5}],"seed_played":"43470244485868","potions_obtained":[{"floor":7,"key":"FocusPotion"},{"floor":8,"key":"FearPotion"},{"floor":12,"key":"Regen Potion"},{"floor":16,"key":"LiquidBronze"},{"floor":21,"key":"Explosive Potion"},{"floor":25,"key":"LiquidMemories"},{"floor":28,"key":"Weak Potion"},{"floor":33,"key":"Dexterity Potion"},{"floor":35,"key":"Weak Potion"}],"is_trial":false,"path_per_floor":["M","M","$","?","M","R","E","M","T","R","$","M","?","?","R","B",null,"M","$","?","M","M","R","M","M","T","?","M","E","R","M","R","B",null,"M","$","M","?","M"],"character_chosen":"DEFECT","items_purchased":["Loop"],"campfire_rested":1,"item_purchase_floors":[36],"current_hp_per_floor":[72,72,72,72,71,71,53,52,52,52,52,52,52,52,52,61,75,75,75,75,62,62,62,51,51,51,51,51,51,60,54,75,70,75,28,28,28,28,0,0],"gold":149,"neow_bonus":"RANDOM_COMMON_RELIC","is_daily":false,"chose_seed":true,"campfire_upgraded":5,"win_rate":0.0,"timestamp":1609277200,"path_taken":["M","M","$","?","M","R","E","M","T","R","$","M","?","?","R","BOSS","M","$","?","M","M","R","?","M","T","?","M","E","R","M","R","BOSS","M","$","M","?","M"],"items_purchased_type":["Card"],"build_version":"2020-12-22","purchased_purges":3,"victory":false,"max_hp_per_floor":[75,75,75,75,75,75,75,75,75,75,75,75,75,75,75,75,75,75,75,75,75,75,75,75,75,75,75,75,75,75,75,75,75,75,75,75,75,71,71,71],"card_choices":[{"not_picked":["Ball Lightning","Undo"],"picked":"Go for the Eyes","floor":1},{"not_picked":["Cold Snap","Streamline"],"picked":"Ball Lightning","floor":2},{"not_picked":["Rebound","Redo"],"picked":"Conserve Battery","floor":5},{"not_picked":["Turbo","Rebound"],"picked":"Double Energy","floor":7},{"not_picked":["Cold Snap","Compile Driver"],"picked":"Chaos","floor":8},{"not_picked":["Sweeping Beam","Hello World"],"picked":"Beam Cell","floor":12},{"not_picked":["Multi-Cast","Creative AI"],"picked":"Machine Learning","floor":16},{"not_picked":["Coolheaded","Barrage"],"picked":"Conserve Battery","floor":18},{"not_picked":["Leap+1","Rebound"],"picked":"Streamline+1","floor":21},{"not_picked":["Hologram","Fusion","Consume"],"picked":"SKIP","floor":22},{"not_picked":["Barrage","Reinforced Body"],"picked":"Coolheaded+1","floor":24},{"not_picked":["Compile Driver","Barrage+1"],"picked":"Steam","floor":25},{"not_picked":["Streamline","Cold Snap+1"],"picked":"Heatsinks+1","floor":28},{"not_picked":["Stack+1","Rebound"],"picked":"Hello World+1","floor":29},{"not_picked":["Aggregate+1","Steam Power","Hologram"],"picked":"SKIP","floor":31},{"not_picked":["Seek","Fission"],"picked":"Amplify","floor":33},{"not_picked":["Sweeping Beam+1","Compile Driver"],"picked":"Loop+1","floor":35},{"not_picked":["Coolheaded","Streamline+1"],"picked":"Self Repair+1","floor":37}],"player_experience":408189,"relics_obtained":[{"floor":7,"key":"FossilizedHelix"},{"floor":9,"key":"Meat on the Bone"},{"floor":26,"key":"Eternal Feather"},{"floor":29,"key":"Lantern"}],"event_choices":[{"damage_healed":0,"gold_gain":0,"player_choice":"Left Gold","damage_taken":0,"max_hp_gain":0,"max_hp_loss":0,"event_name":"World of Goop","floor":4,"gold_loss":34},{"damage_healed":0,"gold_gain":0,"player_choice":"Ignored","damage_taken":0,"max_hp_gain":0,"max_hp_loss":0,"event_name":"Golden Wing","floor":13,"gold_loss":0},{"damage_healed":0,"gold_gain":0,"player_choice":"Ignored","damage_taken":0,"max_hp_gain":0,"max_hp_loss":0,"event_name":"Liars Game","floor":14,"gold_loss":0},{"cards_removed":["Defend_B"],"damage_healed":0,"gold_gain":0,"player_choice":"Purged","damage_taken":0,"max_hp_gain":0,"max_hp_loss":0,"event_name":"Purifier","floor":20,"gold_loss":0},{"damage_healed":0,"gold_gain":0,"player_choice":"Obtained Relic","damage_taken":0,"relics_obtained":["Happy Flower"],"max_hp_gain":0,"max_hp_loss":0,"event_name":"Addict","floor":27,"gold_loss":85},{"damage_healed":0,"gold_gain":0,"player_choice":"Max HP","damage_taken":0,"max_hp_gain":0,"max_hp_loss":4,"event_name":"Winding Halls","floor":38,"gold_loss":0}],"is_beta":false,"boss_relics":[{"not_picked":["Pandora\u0027s Box","Tiny House"],"picked":"Empty Cage"},{"not_picked":["Cursed Key","Astrolabe"],"picked":"Inserter"}],"items_purged_floors":[3,11,19],"is_endless":false,"potions_floor_spawned":[7,8,12,16,21,25,28,33,35],"killed_by":"Jaw Worm Horde","ascension_level":0}}