{"host":"kev6uqotw4tlyx8l","time":1609206025,"event":{"mods":["Act Like it!","Aspiration","BaseMod","Colored Powertips","Dota2Spire","Downfall","Hallownest","Infinite Spire","Marisa????????","Minty Spire (QoL Compilation)","Quick Restart","Remilia??????","Replay The Spire","StSLib","The Cursed","The Marked","The Mystic","The Servant 0.9.4"],"gold_per_floor":[113,288,238,254,254,254,0,0,69,87,87,103,23,57,57,157,157,169,219,239,239,250,250,250,250,250,250,266,280,291,34,34,131,131,151,151,167,1166,386,386,386,400,426,426,69,79,79,92,92,92],"floor_reached":51,"playtime":1465,"items_purged":["Defend_R","Normality"],"score":750,"play_id":"e42ca254-6647-46cd-bf89-986e6e107933","local_time":"20201229084025","is_ascension_mode":true,"campfire_choices":[{"data":"Twin Strike","floor":6.0,"key":"SMITH"},{"data":"Panache","floor":8.0,"key":"SMITH"},{"data":"Bash","floor":11.0,"key":"SMITH"},{"floor":15.0,"key":"REST"},{"data":"Feed","floor":23.0,"key":"SMITH"},{"data":"Run Through","floor":25.0,"key":"SMITH"},{"floor":32,"key":"REST"},{"data":"Double Tap","floor":40,"key":"SMITH"},{"floor":47,"key":"REST"},{"data":"Inflame","floor":49,"key":"SMITH"}],"circlet_count":0,"master_deck":["Strike_R+1","Strike_R","Strike_R","Strike_R","Strike_R+1","Defend_R","Defend_R+1","Bash+1","Twin Strike+1","Iron Wave+1","Panache+1","Uppercut+1","Thunderclap","Run Through","Cleave","Flex","Cleave","Feed+1","Clash","Twin Strike+1","Run Through+1","Iron Wave","Shrug It Off+1","Flex+1","Clash","Inflame+1","Double Tap+1","Thunderclap+1","Ghostly Armor+1","Normality","expansioncontent:Flail","Twin Strike","ReplayTheSpireMod:LeadingStrike+1","Brutality+1","Headbutt+1","Dropkick"],"relics":["Burning Blood","InkBottle","aspiration:HiddenCompartment","Replay:Bronze Core","Snack Pack","Pet Ghost","Toolbox","Dota2Spire:Bloodstone","Ancient Tea Set","Torii","Simple Rune","Strange Spoon","Dota2Spire:PowerTreads","Dota2Spire:BattleFury"],"acts_visited":["Exordium","TheCity","TheBeyond"],"potions_floor_usage":[33,37],"damage_taken":[{"damage":0.0,"enemies":"Small Slimes","floor":1.0,"turns":4.0},{"damage":7.0,"enemies":"2 Louse","floor":4.0,"turns":2.0},{"damage":3.0,"enemies":"Jaw Worm","floor":10.0,"turns":2.0},{"damage":25.0,"enemies":"Lots of Slimes","floor":12.0,"turns":3.0},{"damage":13.0,"enemies":"Lagavulin","floor":14.0,"turns":3.0},{"damage":42.0,"enemies":"Slime Boss","floor":16.0,"turns":10.0},{"damage":20.0,"enemies":"2 Thieves","floor":18.0,"turns":3.0},{"damage":7.0,"enemies":"Shell Parasite","floor":20.0,"turns":1.0},{"damage":30.0,"enemies":"Snake Plant","floor":22.0,"turns":3.0},{"damage":9.0,"enemies":"Shelled Parasite and Fungi","floor":28.0,"turns":3.0},{"damage":31.0,"enemies":"Chosen and Byrds","floor":29.0,"turns":6.0},{"damage":0,"enemies":"Snake Plant","floor":30,"turns":2},{"damage":63,"enemies":"Automaton","floor":33,"turns":7},{"damage":22,"enemies":"Orb Walker","floor":35,"turns":4},{"damage":14,"enemies":"3 Darklings","floor":37,"turns":3},{"damage":1,"enemies":"Jaw Worm Horde","floor":42,"turns":2},{"damage":1,"enemies":"Sphere and 2 Shapes","floor":46,"turns":2},{"damage":27,"enemies":"Transient","floor":48,"turns":5},{"damage":24,"enemies":"Donu and Deca","floor":50,"turns":3}],"seed_played":"608910277287600220","potions_obtained":[{"floor":1.0,"key":"SpeedPotion"},{"floor":12.0,"key":"DuplicationPotion"},{"floor":16.0,"key":"DistilledChaos"},{"floor":18.0,"key":"Slimebound:ThreeZeroPotion"},{"floor":22.0,"key":"Swift Potion"},{"floor":28.0,"key":"Venom Potion"},{"floor":35,"key":"hexamod:EctoCoolerPotion"},{"floor":46,"key":"FearPotion"}],"is_trial":false,"path_per_floor":["M","?","?","M","?","R","$","R","T","M","R","M","$","E","R","B",null,"M","?","M","?","M","R","T","R","T","?","M","M","M","$","R","B",null,"M","AVR","M","?","$","R","?","M","T","?","$","M","R","M","R","B",null],"character_chosen":"IRONCLAD","items_purchased":["Panache","Uppercut+1","Cleave","Flex","Toolbox","Inflame","expansioncontent:Flail","Torii","Simple Rune","Strange Spoon","Dota2Spire:BattleFury","Brutality+1"],"campfire_rested":3,"item_purchase_floors":[7,7,13,13,31,31,39,39,39,39,45,45],"current_hp_per_floor":[80,80,80,79,79,79,79,79,79,80,80,61,61,54,78,42,80,66,66,65,80,56,56,56,56,56,56,57,42,50,50,75,26,84,72,72,66,66,66,66,66,79,79,79,79,88,88,70,70,80],"gold":92,"neow_bonus":"RANDOM_EVENT","is_daily":false,"chose_seed":false,"campfire_upgraded":7,"win_rate":0.0,"timestamp":1609206025,"path_taken":["M","?","?","M","?","R","?","R","T","?","R","M","?","E","R","BOSS","M","?","?","?","M","R","?","R","T","?","M","?","M","?","R","BOSS","M","AVR","M","?","$","R","?","?","T","?","$","M","R","M","R","BOSS"],"items_purchased_type":["Card","Card","Card","Card","Relic","Card","Card","Relic","Relic","Relic","Relic","Card"],"build_version":"2020-12-22","purchased_purges":2,"victory":true,"max_hp_per_floor":[80,80,80,80,80,80,80,80,80,80,80,80,80,80,80,80,80,80,80,80,80,80,80,80,80,80,80,80,84,84,84,84,84,84,84,84,84,84,84,84,84,88,88,88,88,88,88,88,88,88],"card_choices":[{"not_picked":["Massacre","Sword Boomerang"],"picked":"Twin Strike","floor":1.0},{"not_picked":["Pommel Strike","Seeing Red"],"picked":"Iron Wave","floor":4.0},{"not_picked":["ReplayReversal","Heavy Blade"],"picked":"Thunderclap","floor":10.0},{"not_picked":["Headbutt","ReplayTheSpireMod:Limb From Limb"],"picked":"Run Through","floor":12.0},{"not_picked":["Flame Barrier","Wild Strike"],"picked":"Cleave","floor":14.0},{"not_picked":["Immolate","Juggernaut"],"picked":"Feed","floor":16.0},{"not_picked":["Twin Strike","Hemokinesis"],"picked":"Clash","floor":18.0},{"not_picked":["Uppercut","Shrug It Off+1"],"picked":"Twin Strike+1","floor":20.0},{"not_picked":["Twin Strike","Shockwave"],"picked":"Run Through","floor":22.0},{"not_picked":["Warcry","True Grit+1"],"picked":"Shrug It Off+1","floor":28.0},{"not_picked":["Barricade","Warcry"],"picked":"Flex+1","floor":29},{"not_picked":["Headbutt","Uppercut"],"picked":"Clash","floor":30},{"not_picked":["Immolate","Juggernaut"],"picked":"Double Tap","floor":33},{"not_picked":["Iron Wave+1","Fire Breathing+1"],"picked":"Thunderclap+1","floor":35},{"not_picked":["Sever Soul","Warcry"],"picked":"Ghostly Armor+1","floor":37},{"not_picked":["ReplayTheSpireMod:Corrosion Curse","Dual Wield+1"],"picked":"ReplayTheSpireMod:LeadingStrike+1","floor":42},{"not_picked":["ReplayTheSpireMod:Stacked+1","Iron Wave+1"],"picked":"Headbutt+1","floor":46},{"not_picked":["Evolve","Body Slam"],"picked":"Dropkick","floor":48}],"player_experience":40700,"relics_obtained":[{"floor":9.0,"key":"InkBottle"},{"floor":14.0,"key":"aspiration:HiddenCompartment"},{"floor":24.0,"key":"Snack Pack"},{"floor":26.0,"key":"Pet Ghost"},{"floor":43,"key":"Dota2Spire:PowerTreads"}],"event_choices":[{"damage_healed":0.0,"max_hp_gain":0.0,"max_hp_loss":0.0,"gold_gain":175.0,"event_name":"Liars Game","player_choice":"AGREE","floor":2.0,"gold_loss":0.0,"damage_taken":0.0,"cards_obtained":["Doubt"]},{"cards_removed":["Doubt"],"damage_healed":0.0,"max_hp_gain":0.0,"max_hp_loss":0.0,"gold_gain":0.0,"event_name":"The Cleric","player_choice":"Card Removal","floor":3.0,"gold_loss":50.0,"damage_taken":0.0},{"damage_healed":0.0,"max_hp_gain":0.0,"max_hp_loss":0.0,"gold_gain":0.0,"event_name":"Living Wall","player_choice":"Grow","floor":5.0,"gold_loss":0.0,"damage_taken":0.0,"cards_upgraded":["Iron Wave"]},{"damage_healed":0.0,"max_hp_gain":0.0,"max_hp_loss":0.0,"gold_gain":100.0,"event_name":"The Joust","player_choice":"Bet on Murderer","floor":19.0,"gold_loss":50.0,"damage_taken":0.0},{"damage_healed":26.0,"max_hp_gain":0.0,"max_hp_loss":0.0,"gold_gain":0.0,"event_name":"The Library","player_choice":"Heal","floor":21.0,"gold_loss":0.0,"damage_taken":0.0},{"damage_healed":0.0,"max_hp_gain":0.0,"max_hp_loss":0.0,"gold_gain":0.0,"event_name":"Match and Keep!","player_choice":"1 cards matched","floor":27.0,"gold_loss":0.0,"damage_taken":0.0,"cards_obtained":["Iron Wave"]},{"damage_healed":0,"gold_gain":999,"player_choice":"Gold","damage_taken":0,"max_hp_gain":0,"max_hp_loss":0,"event_name":"MindBloom","floor":38,"gold_loss":0,"cards_obtained":["Normality","Normality"]},{"damage_healed":0,"gold_gain":0,"cards_transformed":["Defend_R"],"player_choice":"Transformed","damage_taken":0,"max_hp_gain":0,"max_hp_loss":0,"event_name":"Transmorgrifier","floor":41,"gold_loss":0,"cards_obtained":["Twin Strike"]}],"is_beta":false,"boss_relics":[{"not_picked":["Fusion Hammer","Runic Pyramid"],"picked":"Replay:Bronze Core"},{"not_picked":["aspiration:SilentSkillbook","Kintsugi"],"picked":"Dota2Spire:Bloodstone"}],"items_purged_floors":[31,39],"is_endless":false,"potions_floor_spawned":[1,12,16,18,22,28,35,46],"ascension_level":1}}