{"host":"l8lkgdumzpe3823a","time":1609206312,"event":{"mods":["Always Whale","Aspiration","BaseMod","Better Note","Clockwork Mod","Colored Powertips","Curses Come First","Custom Start","DeckTracker","Defuse TimeMaze Blight","Highlight Path","Hubris","Infinite Spire","Minty Spire (QoL Compilation)","Quick Restart","Replay The Spire","Shop Mod","StSLib","SuperFastMode","The Construct","The Dragon Tamer","vexMod"],"gold_per_floor":[115,130,19,30,44,44,44,44,67,78,91,108,108,124,124,223,223,238,238,248,248,248,248,265,279,279,299,299,311,311,328,328,424,524,540,396,396,446,446,446,458,468,514,527,313,313,345,345,345,345],"floor_reached":51,"playtime":1696,"items_purged":["Strike_G","Strike_G","Dagger Spray+1"],"score":795,"play_id":"c4467526-1dca-4d15-beb6-017995dc3838","local_time":"20201228194512","is_ascension_mode":true,"campfire_choices":[{"floor":6.0,"key":"REST"},{"data":"Bouncing Flask","floor":15.0,"key":"SMITH"},{"data":"Footwork","floor":23.0,"key":"SMITH"},{"floor":28.0,"key":"REST"},{"floor":30.0,"key":"REST"},{"data":"Noxious Fumes","floor":32.0,"key":"SMITH"},{"floor":40.0,"key":"REST"},{"floor":46,"key":"REST"},{"floor":49,"key":"REST"}],"circlet_count":0,"master_deck":["Defend_G","Defend_G","Defend_G","Defend_G","Defend_G","Neutralize","Burst","Bouncing Flask+1","Prepared","Prepared","Footwork+1","m_Survivalism","Bouncing Flask+1","Acrobatics","infinitespire:Neurotoxin+1","Replay:Bag of Tricks+1","Terror+1","Noxious Fumes+1","Adrenaline","Toxin Wave+1"],"relics":["Ring of the Snake","Snake Skull","GremlinMask","Astrolabe","hubris:Towel","Runic Pyramid","infinitespire:BottledMercury","hubris:CuriousFeather","Replay:Wanted Poster","Omamori","hubris:Icosahedron","StoneCalendar","Smiling Mask","Bottled Tornado","Pear"],"acts_visited":["Exordium","TheCity","TheBeyond"],"potions_floor_usage":[50,50],"damage_taken":[{"damage":5.0,"enemies":"2 Louse","floor":1.0,"turns":3.0},{"damage":9.0,"enemies":"Small Slimes","floor":2.0,"turns":4.0},{"damage":0.0,"enemies":"Cultist","floor":4.0,"turns":3.0},{"damage":10.0,"enemies":"Blue Slaver","floor":5.0,"turns":6.0},{"damage":27.0,"enemies":"Exordium Thugs","floor":10.0,"turns":5.0},{"damage":0.0,"enemies":"Large Slime","floor":11.0,"turns":6.0},{"damage":0.0,"enemies":"Red Slaver","floor":12.0,"turns":5.0},{"damage":0.0,"enemies":"2 Fungi Beasts","floor":14.0,"turns":4.0},{"damage":12.0,"enemies":"Hexaghost","floor":16.0,"turns":6.0},{"damage":12.0,"enemies":"Chosen","floor":18.0,"turns":4.0},{"damage":0.0,"enemies":"Spheric Guardian","floor":20.0,"turns":1.0},{"damage":21.0,"enemies":"Centurion and Healer","floor":24.0,"turns":6.0},{"damage":19.0,"enemies":"Shelled Parasite and Fungi","floor":25.0,"turns":5.0},{"damage":0.0,"enemies":"Sentry and Sphere","floor":27.0,"turns":3.0},{"damage":0.0,"enemies":"Centurion and Healer","floor":29.0,"turns":4.0},{"damage":21.0,"enemies":"Chosen and Byrds","floor":31.0,"turns":5.0},{"damage":19.0,"enemies":"hubris:MusketHawk","floor":33.0,"turns":6.0},{"damage":0.0,"enemies":"Orb Walker","floor":35.0,"turns":3.0},{"damage":50.0,"enemies":"2 Orb Walkers","floor":38.0,"turns":4.0},{"damage":19.0,"enemies":"3 Darklings","floor":41.0,"turns":3.0},{"damage":0.0,"enemies":"Writhing Mass","floor":42.0,"turns":4.0},{"damage":0,"enemies":"Spire Growth","floor":44,"turns":3},{"damage":1,"enemies":"R_Hoarder","floor":47,"turns":3},{"damage":19,"enemies":"Donu and Deca","floor":50,"turns":6}],"seed_played":"-8892342792842294066","potions_obtained":[{"floor":2.0,"key":"Energy Potion"},{"floor":11.0,"key":"BlessingOfTheForge"},{"floor":14.0,"key":"FearPotion"},{"floor":18.0,"key":"Languid Potion"},{"floor":27.0,"key":"ColorlessPotion"},{"floor":29.0,"key":"Dexterity Potion"},{"floor":41.0,"key":"Block Potion"},{"floor":44,"key":"Reflective Coating"},{"floor":47,"key":"Fire Potion"}],"is_trial":false,"path_per_floor":["M","M","$","M","M","R","?","?","T","M","M","M","?","M","R","B",null,"M","?","M","AVR","?","R","M","M","T","M","R","M","R","M","R","B",null,"M","$","?","?","?","R","M","M","T","M","$","R","E","T","R","B",null],"character_chosen":"THE_SILENT","items_purchased":["Prepared","Omamori","Adrenaline"],"campfire_rested":6,"item_purchase_floors":[3,36,45],"current_hp_per_floor":[44,35,35,35,25,46,46,46,46,19,19,19,19,19,19,7,70,58,58,58,58,58,58,37,18,18,18,39,39,60,39,39,20,70,70,70,70,20,20,41,22,22,22,22,22,43,42,52,76,57],"gold":345,"neow_bonus":"THREE_RARE_CARDS","is_daily":false,"chose_seed":false,"campfire_upgraded":3,"win_rate":0.0,"timestamp":1609206312,"path_taken":["M","M","$","M","M","R","?","?","T","M","M","?","?","M","R","BOSS","M","?","M","AVR","?","R","M","?","T","M","R","M","R","M","R","BOSS","M","$","?","?","?","R","M","M","T","M","$","R","E","?","R","BOSS"],"items_purchased_type":["Card","Relic","Card"],"build_version":"2020-12-22","purchased_purges":3,"victory":true,"max_hp_per_floor":[70,70,70,70,70,70,70,70,70,70,70,70,70,70,70,70,70,70,70,70,70,70,70,70,70,70,70,70,70,70,70,70,70,70,70,70,70,70,70,70,70,70,70,70,70,70,70,80,80,80],"card_choices":[{"not_picked":["Poison Darts","infinitespire:Neurotoxin"],"picked":"Burst","floor":0.0},{"not_picked":["Sucker Punch","ReplayTheSpireMod:Exploit Weakness"],"picked":"Bouncing Flask","floor":1.0},{"not_picked":["Dagger Throw","Deflect","Leg Sweep"],"picked":"SKIP","floor":2.0},{"not_picked":["Predator","ReplayTheSpireMod:Speed Training"],"picked":"Footwork","floor":4.0},{"not_picked":["ReplayTheSpireMod:Exploit Weakness","Slice","Skewer"],"picked":"SKIP","floor":5.0},{"not_picked":["Flying Knee","hubris:SlightOfHand","Slice"],"picked":"SKIP","floor":10.0},{"not_picked":["Distraction","Flying Knee"],"picked":"Bouncing Flask","floor":11.0},{"not_picked":["Skewer","Outmaneuver","Dodge and Roll"],"picked":"SKIP","floor":12.0},{"not_picked":["hubris:Sniper","Tactician"],"picked":"Acrobatics","floor":14.0},{"not_picked":["ReplayTheSpireMod:From All Sides","Glass Knife"],"picked":"infinitespire:Neurotoxin","floor":16.0},{"not_picked":["Hidden Blade+1","Acrobatics+1","Slice+1"],"picked":"SKIP","floor":18.0},{"not_picked":["Distraction","Deadly Poison","Replay:Bag of Tricks"],"picked":"SKIP","floor":20.0},{"not_picked":["Deflect","hubris:SlightOfHand"],"picked":"Noxious Fumes","floor":24.0},{"not_picked":["Bane","Eviscerate","Skewer"],"picked":"SKIP","floor":25.0},{"not_picked":["hubris:Sniper","Dagger Throw","PiercingWail+1"],"picked":"SKIP","floor":27.0},{"not_picked":["Hidden Blade+1","Deflect","Infinite Blades"],"picked":"SKIP","floor":29.0},{"not_picked":["hubris:SlightOfHand","Concentrate","Leg Sweep"],"picked":"SKIP","floor":31.0},{"not_picked":["Quick Slash+1","Prepared","Hidden Blade+1"],"picked":"SKIP","floor":35.0},{"not_picked":["Hidden Blade+1","Sneak Up+1","Backflip+1"],"picked":"SKIP","floor":41.0},{"not_picked":["Flying Knee","Backflip+1","Deadly Poison"],"picked":"SKIP","floor":42.0},{"not_picked":["Outmaneuver+1","Slice","PiercingWail+1"],"picked":"SKIP","floor":44},{"not_picked":["PiercingWail+1","Toxin Wave+1","Deadly Poison"],"picked":"SKIP","floor":47},{"not_picked":["PiercingWail+1","Deadly Poison"],"picked":"Toxin Wave+1","floor":47}],"player_experience":658313,"relics_obtained":[{"floor":9.0,"key":"Snake Skull"},{"floor":26.0,"key":"hubris:CuriousFeather"},{"floor":38.0,"key":"StoneCalendar"},{"floor":43.0,"key":"Smiling Mask"},{"floor":47,"key":"Bottled Tornado"},{"floor":48,"key":"Pear"}],"event_choices":[{"damage_healed":0.0,"max_hp_gain":0.0,"max_hp_loss":0.0,"gold_gain":0.0,"event_name":"Upgrade Shrine","player_choice":"Upgraded","floor":8.0,"gold_loss":0.0,"damage_taken":0.0,"cards_upgraded":["Bouncing Flask"]},{"damage_healed":0.0,"max_hp_gain":0.0,"max_hp_loss":0.0,"gold_gain":0.0,"event_name":"FaceTrader","player_choice":"Trade","floor":13.0,"gold_loss":0.0,"damage_taken":0.0,"relics_obtained":["GremlinMask"]},{"damage_healed":0.0,"max_hp_gain":0.0,"max_hp_loss":0.0,"gold_gain":0.0,"event_name":"Accursed Blacksmith","player_choice":"Forge","floor":22.0,"gold_loss":0.0,"damage_taken":0.0,"cards_upgraded":["infinitespire:Neurotoxin"]},{"damage_healed":0.0,"max_hp_gain":0.0,"max_hp_loss":0.0,"gold_gain":0.0,"event_name":"Mysterious Sphere","player_choice":"Fight","floor":38.0,"gold_loss":0.0,"damage_taken":0.0}],"is_beta":false,"boss_relics":[{"not_picked":["aspiration:FutureDiary","aspiration:IroncladSkillbook"],"picked":"Astrolabe"},{"not_picked":["ChewingGum","hubris:VirtuousBlindfold"],"picked":"Replay:Wanted Poster"}],"items_purged_floors":[3,21,45],"is_endless":false,"potions_floor_spawned":[2,11,14,18,27,29,31,35,38,41,44,47],"ascension_level":3}}