{"host":"ba8fi0vd2808q8ml","time":1609242932,"event":{"mods":["2.2 Compatiblity","AchievementEnabler","Astrologer","BaseMod","CapriCore","Hermit","Lobotomy","Marisa£¨Ùöéë¡¡Øª×âÞÞ£©","Minty Spire (QoL Compilation)","StSLib","SuperFastMode","Td1madao Mod","The Bug Knight","The Cursed","The Immortal"],"gold_per_floor":[110,36,54,65,140,140,155,155,155,175,175,188,207,177,177,280,330,348,174,174,188,206,206,206,206,274,304,304,60,60,79,79,180,180,196,196,206,225,238,238,271,271,271,282,297,316,331,331,331,331,331],"floor_reached":52,"playtime":4249,"items_purged":["MokouMod:Defend"],"score":698,"play_id":"bd6e349d-49b6-44eb-a579-1e665ae51738","local_time":"20201229205532","is_ascension_mode":false,"campfire_choices":[{"floor":6.0,"key":"REST"},{"data":"MokouMod:RisingSunBarrier","floor":8.0,"key":"SMITH"},{"data":"MokouMod:ResoluteFlare","floor":15.0,"key":"SMITH"},{"floor":23.0,"key":"REST"},{"floor":25.0,"key":"REST"},{"data":"MokouMod:HeatSpark","floor":32.0,"key":"SMITH"},{"floor":40.0,"key":"REST"},{"floor":42.0,"key":"REST"},{"floor":49.0,"key":"REST"}],"circlet_count":0,"master_deck":["MokouMod:Strike+1","MokouMod:Strike+1","MokouMod:Strike+1","MokouMod:Strike+1","MokouMod:Strike+1","MokouMod:Defend+1","MokouMod:Defend+1","MokouMod:Defend+1","MokouMod:HeatSpark+1","MokouMod:RisingSunBarrier+1","MokouMod:ControlledCombustion+1","MokouMod:ResoluteFlare+1","MokouMod:Rekindle","MokouMod:Refresh+1","MokouMod:ControlledCombustion","MokouMod:RadiantBlade","Parasite","Madness","Madness"],"relics":["MokouMod:PhoenixFeather","Potion Belt","Shuriken","Tiny House","Bottled Tornado","Ice Cream","Lee\u0027s Waffle","Toy Ornithopter","Regal Pillow","Mango","Pantograph"],"acts_visited":["Exordium","TheCity","TheBeyond"],"potions_floor_usage":[50,50,50,50],"damage_taken":[{"damage":3.0,"enemies":"Small Slimes","floor":1.0,"turns":4.0},{"damage":5.0,"enemies":"Cultist","floor":3.0,"turns":4.0},{"damage":6.0,"enemies":"Jaw Worm","floor":4.0,"turns":4.0},{"damage":0.0,"enemies":"Large Slime","floor":7.0,"turns":5.0},{"damage":2.0,"enemies":"Looter","floor":10.0,"turns":4.0},{"damage":2.0,"enemies":"Red Slaver","floor":12.0,"turns":4.0},{"damage":0.0,"enemies":"Blue Slaver","floor":13.0,"turns":3.0},{"damage":9.0,"enemies":"Slime Boss","floor":16.0,"turns":13.0},{"damage":14.0,"enemies":"2 Thieves","floor":18.0,"turns":5.0},{"damage":10.0,"enemies":"Spheric Guardian","floor":21.0,"turns":4.0},{"damage":25.0,"enemies":"Centurion and Healer","floor":22.0,"turns":5.0},{"damage":18.0,"enemies":"Gremlin Leader","floor":27.0,"turns":4.0},{"damage":0.0,"enemies":"Cultist and Chosen","floor":31.0,"turns":4.0},{"damage":42.0,"enemies":"Champ","floor":33.0,"turns":11.0},{"damage":9.0,"enemies":"Orb Walker","floor":35.0,"turns":4.0},{"damage":10.0,"enemies":"3 Darklings","floor":37.0,"turns":5.0},{"damage":53.0,"enemies":"Writhing Mass","floor":38.0,"turns":7.0},{"damage":14.0,"enemies":"4 Shapes","floor":39.0,"turns":5.0},{"damage":46.0,"enemies":"HollowMod:StalkingDevout","floor":41.0,"turns":9.0},{"damage":33.0,"enemies":"Transient","floor":44.0,"turns":5.0},{"damage":10.0,"enemies":"3 Darklings","floor":45.0,"turns":6.0},{"damage":8.0,"enemies":"4 Shapes","floor":46.0,"turns":4.0},{"damage":22.0,"enemies":"Spire Growth","floor":47.0,"turns":4.0},{"damage":46,"enemies":"Awakened One","floor":50,"turns":17}],"seed_played":"-8205461232376571577","potions_obtained":[{"floor":4.0,"key":"EssenceOfSteel"},{"floor":7.0,"key":"SteroidPotion"},{"floor":12.0,"key":"Strength Potion"},{"floor":14.0,"key":"PowerPotion"},{"floor":14.0,"key":"Weak Potion"},{"floor":17.0,"key":"Ancient Potion"},{"floor":31.0,"key":"SpeedPotion"},{"floor":33.0,"key":"Dexterity Potion"},{"floor":35.0,"key":"Regen Potion"},{"floor":38.0,"key":"Explosive Potion"},{"floor":41.0,"key":"SkillPotion"},{"floor":46.0,"key":"Dexterity Potion"},{"floor":47.0,"key":"DuplicationPotion"}],"is_trial":false,"path_per_floor":["M","$","M","M","?","R","M","R","T","M","?","M","M","?","R","B",null,"M","$","?","M","M","R","?","R","T","E","?","$","?","M","R","B",null,"M","?","M","M","M","R","E","R","T","M","M","M","M","?","R","B",null,null],"character_chosen":"MKU","items_purchased":["MokouMod:RisingSunBarrier","Fruit Juice","Lee\u0027s Waffle","Fruit Juice"],"campfire_rested":6,"item_purchase_floors":[2,19,29,29],"current_hp_per_floor":[72,72,67,61,50,72,72,72,72,70,55,53,53,53,53,44,80,66,71,71,61,36,61,61,85,85,67,67,97,97,97,97,65,97,88,88,78,25,11,55,48,96,96,63,53,45,23,9,57,56,56],"gold":331,"neow_bonus":"RANDOM_COMMON_RELIC","is_daily":false,"chose_seed":false,"campfire_upgraded":3,"win_rate":0.0,"timestamp":1609242932,"path_taken":["M","$","M","M","?","R","M","R","T","M","?","M","M","?","R","BOSS","M","$","?","M","M","R","?","R","T","E","?","$","?","M","R","BOSS","M","?","M","?","M","R","E","R","T","M","M","M","M","?","R","BOSS"],"items_purchased_type":["Card","Potion","Relic","Potion"],"build_version":"2020-12-22","purchased_purges":1,"victory":true,"max_hp_per_floor":[75,75,75,75,75,75,75,75,75,75,75,75,75,75,75,75,80,80,85,85,85,85,85,85,85,85,85,85,97,97,97,97,97,97,97,97,97,97,97,97,111,111,111,111,111,111,111,111,111,111,111],"card_choices":[{"not_picked":["MokouMod:Ember","MokouMod:AdaptivePyromancy","MokouMod:RetainTemperature"],"picked":"SKIP","floor":1.0},{"not_picked":["MokouMod:Cataclysm","MokouMod:ThermalPressure"],"picked":"MokouMod:ControlledCombustion","floor":3.0},{"not_picked":["MokouMod:ScorchingColumn","MokouMod:FujiyamaVolcano","MokouMod:Burn"],"picked":"SKIP","floor":4.0},{"not_picked":["MokouMod:EternalBurstReactor","MokouMod:ScorchingColumn","MokouMod:Burn"],"picked":"SKIP","floor":7.0},{"not_picked":["MokouMod:ScorchingColumn","MokouMod:FlickeringFlame","MokouMod:Trailblazer"],"picked":"SKIP","floor":10.0},{"not_picked":["MokouMod:Trailblazer","MokouMod:HeatFactory","MokouMod:IndiscriminateIgnition"],"picked":"SKIP","floor":12.0},{"not_picked":["MokouMod:EnchantingBambooForest","MokouMod:RoaringFlare"],"picked":"MokouMod:ResoluteFlare","floor":13.0},{"not_picked":["MokouMod:ResonatingAura","MokouMod:EnchantingBambooForest"],"picked":"MokouMod:Rekindle","floor":16.0},{"not_picked":["MokouMod:EternalBurstReactor","MokouMod:InfernalWave","MokouMod:AdaptivePyromancy"],"picked":"SKIP","floor":18.0},{"not_picked":["MokouMod:Singe","MokouMod:IndiscriminateIgnition"],"picked":"MokouMod:Refresh+1","floor":21.0},{"not_picked":["MokouMod:FusionFlare","MokouMod:HeatFactory"],"picked":"MokouMod:ControlledCombustion","floor":22.0},{"not_picked":["MokouMod:Sear","MokouMod:BurningDraft","MokouMod:ExplosiveFlame"],"picked":"SKIP","floor":27.0},{"not_picked":["MokouMod:CrimsonArmoury","MokouMod:IndiscriminateIgnition","MokouMod:Stoke+1"],"picked":"SKIP","floor":31.0},{"not_picked":["MokouMod:EnchantingBambooForest","MokouMod:ResonatingAura"],"picked":"MokouMod:RadiantBlade","floor":33.0},{"not_picked":["MokouMod:Meltdown","MokouMod:RetainTemperature","MokouMod:BurningDraft"],"picked":"SKIP","floor":35.0},{"not_picked":["MokouMod:BlazingComet+1","MokouMod:EternalBurstReactor","MokouMod:FlickeringFlame"],"picked":"SKIP","floor":37.0},{"not_picked":["MokouMod:IllusoryBattlefield","MokouMod:Fireball","MokouMod:ShiftIgnition"],"picked":"SKIP","floor":38.0},{"not_picked":["MokouMod:SearingShot","MokouMod:HeatFactory+1","MokouMod:FlareStarter+1"],"picked":"SKIP","floor":39.0},{"not_picked":["MokouMod:Afterburner","MokouMod:AdaptivePyromancy+1","MokouMod:EnchantingBambooForest"],"picked":"SKIP","floor":41.0},{"not_picked":["MokouMod:IcarusDive","MokouMod:Ember","MokouMod:IndiscriminateIgnition"],"picked":"SKIP","floor":44.0},{"not_picked":["MokouMod:BlazingComet+1","MokouMod:GuidingSmoke","MokouMod:Burn"],"picked":"SKIP","floor":45.0},{"not_picked":["MokouMod:Stoke+1","MokouMod:UncontrollableSolarReaction+1","MokouMod:PhoenixForm"],"picked":"SKIP","floor":46.0},{"not_picked":["MokouMod:ResonanceReactor","MokouMod:FujiyamaVolcano+1","MokouMod:RoaringFlare+1"],"picked":"SKIP","floor":47.0}],"player_experience":72373,"relics_obtained":[{"floor":9.0,"key":"Shuriken"},{"floor":26.0,"key":"Bottled Tornado"},{"floor":27.0,"key":"Ice Cream"},{"floor":41.0,"key":"Mango"},{"floor":43.0,"key":"Pantograph"}],"event_choices":[{"damage_healed":0.0,"max_hp_gain":0.0,"max_hp_loss":0.0,"gold_gain":75.0,"event_name":"World of Goop","player_choice":"Gather Gold","floor":5.0,"gold_loss":0.0,"damage_taken":11.0},{"damage_healed":0.0,"max_hp_gain":0.0,"max_hp_loss":0.0,"gold_gain":0.0,"event_name":"Shining Light","player_choice":"Entered Light","floor":11.0,"gold_loss":0.0,"damage_taken":15.0,"cards_upgraded":["MokouMod:Defend","MokouMod:Defend"]},{"damage_healed":0.0,"max_hp_gain":0.0,"max_hp_loss":0.0,"gold_gain":0.0,"event_name":"The Woman in Blue","player_choice":"Bought 2 Potions","floor":14.0,"gold_loss":0.0,"damage_taken":0.0},{"damage_healed":0.0,"max_hp_gain":0.0,"max_hp_loss":0.0,"gold_gain":0.0,"event_name":"Back to Basics","player_choice":"Simplicity","floor":20.0,"gold_loss":0.0,"damage_taken":0.0,"cards_upgraded":["MokouMod:Strike","MokouMod:Strike","MokouMod:Strike","MokouMod:Strike","MokouMod:Strike","MokouMod:Defend"]},{"damage_healed":0.0,"max_hp_gain":0.0,"max_hp_loss":0.0,"gold_gain":0.0,"event_name":"Vampires","player_choice":"Ignored","floor":24.0,"gold_loss":0.0,"damage_taken":0.0},{"damage_healed":0.0,"max_hp_gain":0.0,"max_hp_loss":0.0,"gold_gain":0.0,"event_name":"Cursed Tome","player_choice":"Ignored","floor":28.0,"gold_loss":0.0,"damage_taken":0.0},{"damage_healed":0.0,"max_hp_gain":0.0,"max_hp_loss":0.0,"gold_gain":0.0,"event_name":"The Mausoleum","player_choice":"Opened","floor":30.0,"gold_loss":0.0,"damage_taken":0.0,"relics_obtained":["Toy Ornithopter"]},{"damage_healed":0.0,"max_hp_gain":0.0,"max_hp_loss":0.0,"gold_gain":0.0,"event_name":"WeMeetAgain","player_choice":"Gave Potion","floor":36.0,"gold_loss":0.0,"damage_taken":0.0,"relics_obtained":["Regal Pillow"]},{"damage_healed":0.0,"max_hp_gain":0.0,"max_hp_loss":0.0,"gold_gain":0.0,"event_name":"Winding Halls","player_choice":"Embrace Madness","floor":48.0,"gold_loss":0.0,"damage_taken":14.0,"cards_obtained":["Madness","Madness"]}],"is_beta":false,"boss_relics":[{"not_picked":["Fusion Hammer","Snecko Eye"],"picked":"Tiny House"},{"not_picked":["Calling Bell","Runic Pyramid","Velvet Choker"]}],"items_purged_floors":[19],"is_endless":false,"potions_floor_spawned":[4,7,12,31,33,35,38,41,46,47],"ascension_level":0}}