{"host":"fhujvjnj99vjue08","time":1609213178,"event":{"mods":["2.2 Compatiblity","AchievementEnabler","Aspiration","Astrologer","BaseMod","Beaked The Cultist","BetterRewards","CatGirl Mod","Colored Map","Colored Powertips","Conjunction","Conspire","Custom Start","Downfall","Friendly Minions","GifTheSpireLib","Googly Eyes","Halation","Highlight Path","Hubris","Hyrulean Relics","Infinite Spire","Magitek Elite","Mimic Mod","Minty Spire (QoL Compilation)","Replay The Spire","Reworked Bosses","Shop Mod","StSLib","Strawberry Spire","Stuff the Spire","The Bug Knight","The Factory","The Gatherer","The Jungle","The Servant 0.9.4","TheBandit","TheFirefly","egg","thorton","vexMod"],"gold_per_floor":[99,135,135,235,247,262,262,112,562,562,562,562,588,600,617,717,717,717,727,727,727,727,727,727,727,741,382,402,416,416,442,462,561,561,561,574,674,674,686,698,698,716,742,762,780,805,730,0,18,28],"floor_reached":51,"playtime":5758,"items_purged":["StuffTheSpire:GnomedCurse","Guardian:Strike_Guardian"],"score":924,"play_id":"1450e2d2-3f86-4091-b005-5663e8fbf980","local_time":"20201229033938","is_ascension_mode":false,"campfire_choices":[{"floor":1,"key":"RECALL"},{"data":"Guardian:ChargeUp","floor":10,"key":"SMITH"},{"data":"Guardian:DonusPower","floor":18,"key":"SMITH"},{"data":"Guardian:TwinSlam","floor":23,"key":"SMITH"},{"data":"Guardian:EvasiveProtocol","floor":30,"key":"SMITH"},{"data":"1","floor":35,"key":"LIFT"},{"data":"2","floor":47,"key":"LIFT"}],"circlet_count":0,"master_deck":["Guardian:Strike_Guardian","Guardian:Strike_Guardian","Guardian:Strike_Guardian","Guardian:Defend_Guardian","Guardian:Defend_Guardian","Guardian:Defend_Guardian","Guardian:Defend_Guardian","Guardian:CurlUp","Guardian:TwinSlam+1","Guardian:PrimingBeam","Clumsy","Guardian:RollAttack","Guardian:ChargeUp+1","Slimebound:Icky","Slimebound:Icky","Slimebound:Icky","Guardian:ShieldSpikes+1","Guardian:DonusPower+1","Guardian:ShieldCharger","Guardian:RevengeProtocol","Guardian:VentSteam+1","Escape Plan","expansioncontent:DonusPower","Guardian:EvasiveProtocol+1","thefirefly:EMP","Fusion","Reboot","infinitespire:NeuralNetwork","theCatGirl:ComboAttack+1","hubris:NaturalOne","Guardian:EvasiveProtocol+1","theCatGirl:BloodScent+1","Gatherer:CollectorsShot+1","theCatGirl:KeepAlert+1","Guardian:FloatingOrbs","Guardian:HyperBeam_Guardian","Specialist","After Image"],"relics":["Guardian:ModeShifter","StuffTheSpire:HeavyRock","downfall:HeartBlessingRed","downfall:HeartBlessingBlue","strawberrySpire:Blindfruit","MealTicket","hubris:Stopwatch","hubris:Icosahedron","PrismaticShard","Replay:Accelerometer","Ring of Misfortune","Ring of Peace","infinitespire:Lucky Rock","Girya","halation:Prosthetics","Bird Faced Urn","StuffTheSpire:PointBlank","Replay:Bandana","downfall:HeartBlessingGreen","HollowMod:StagPassRelic"],"acts_visited":["Exordium","TheCity","TheBeyond"],"potions_floor_usage":[27,31,33,37,48,50],"damage_taken":[{"damage":16,"enemies":"conspire:MimicChest","floor":2,"turns":8},{"damage":0,"enemies":"Jaw Worm","floor":5,"turns":4},{"damage":0,"enemies":"conspire:RoseBush","floor":6,"turns":3},{"damage":19,"enemies":"3 Sentries","floor":13,"turns":9},{"damage":0,"enemies":"Cultist","floor":14,"turns":4},{"damage":0,"enemies":"Large Slime","floor":15,"turns":6},{"damage":30,"enemies":"downfall:Watcher","floor":16,"turns":12},{"damage":5,"enemies":"Chosen","floor":19,"turns":6},{"damage":0,"enemies":"conspire:FuzzyDice","floor":26,"turns":6},{"damage":0,"enemies":"downfall:FleeingMerchant","floor":27,"turns":4},{"damage":0,"enemies":"3 Cultists","floor":28,"turns":6},{"damage":0,"enemies":"conspire:HollyBat","floor":29,"turns":8},{"damage":0,"enemies":"Book of Stabbing","floor":31,"turns":5},{"damage":0,"enemies":"Snake Plant","floor":32,"turns":6},{"damage":0,"enemies":"downfall:Silent","floor":33,"turns":9},{"damage":0,"enemies":"Orb Walker","floor":36,"turns":4},{"damage":9,"enemies":"infinitespire:Three Voidlings","floor":37,"turns":5},{"damage":38,"enemies":"Nightmare_Alpha","floor":37,"turns":12},{"damage":0,"enemies":"3 Darklings","floor":39,"turns":5},{"damage":10,"enemies":"Sphere and 2 Shapes","floor":40,"turns":3},{"damage":0,"enemies":"Maw","floor":42,"turns":7},{"damage":0,"enemies":"beaked:SuperParasite","floor":43,"turns":10},{"damage":13,"enemies":"3 Darklings","floor":44,"turns":7},{"damage":0,"enemies":"Transient","floor":45,"turns":5},{"damage":0,"enemies":"Jaw Worm Horde","floor":46,"turns":5},{"damage":0,"enemies":"downfall:FleeingMerchant","floor":48,"turns":4},{"damage":0,"enemies":"Sphere and 2 Shapes","floor":49,"turns":4},{"damage":13,"enemies":"downfall:Defect","floor":50,"turns":7}],"seed_played":"8701111286416693863","potions_obtained":[{"floor":2,"key":"Languid Potion"},{"floor":6,"key":"Dexterity Potion"},{"floor":19,"key":"ColorlessPotion"},{"floor":36,"key":"Milkshake"},{"floor":40,"key":"Energy Potion"}],"is_trial":false,"path_per_floor":["R","?","?","?","M","M","T","R","?","R","?","?","E","M","M","B",null,"R","M","?","?","?","R","T","?","M","$","M","M","R","E","M","B",null,"R_BF","M","?","?","M","M","T","M","E","M","M","M","R","$","M","B",null],"character_chosen":"GUARDIAN","items_purchased":["Guardian:Gem_Cyan","infinitespire:Lucky Rock","expansioncontent:DonusPower","Guardian:EvasiveProtocol","HollowMod:StagPassRelic","Guardian:FloatingOrbs","Guardian:HyperBeam_Guardian","Specialist","Guardian:DefensiveModePotion"],"campfire_rested":0,"item_purchase_floors":[27,27,27,27,48,48,48,48,48],"current_hp_per_floor":[88,72,72,72,72,72,72,82,82,82,82,82,63,63,63,33,98,98,93,93,93,85,85,85,85,85,98,98,98,98,98,98,98,63,63,63,25,25,29,23,23,31,39,34,40,50,50,63,63,54],"gold":28,"neow_bonus":"TEN_PERCENT_HP_BONUS","is_daily":false,"chose_seed":false,"campfire_upgraded":4,"win_rate":0.0,"timestamp":1609213178,"path_taken":["R","?","?","?","M","?","T","R","?","R","?","?","E","?","M","BOSS","R","M","?","?","?","R","T","?","M","$","M","M","R","E","M","BOSS","R_BF","M","?","?","M","M","T","M","E","M","?","M","R","$","M","BOSS"],"items_purchased_type":["Card","Relic","Card","Card","Relic","Card","Card","Card","Potion"],"build_version":"2020-12-22","purchased_purges":2,"victory":true,"max_hp_per_floor":[88,88,88,88,88,88,88,98,98,98,98,98,98,98,98,98,98,98,98,98,98,98,98,98,98,98,98,98,98,98,98,98,98,63,63,63,63,63,63,63,63,63,63,63,63,63,63,63,63,63],"card_choices":[{"not_picked":["Guardian:GuardianWhirl","Guardian:PiercingHide"],"picked":"Guardian:PrimingBeam","floor":2},{"not_picked":["Guardian:Harden","Guardian:Gem_Green"],"picked":"Guardian:RollAttack","floor":5},{"not_picked":["Guardian:PrismaticBeam","Guardian:VentSteam"],"picked":"Guardian:ChargeUp","floor":6},{"not_picked":["Guardian:ConstructionForm","Guardian:SphericShield"],"picked":"Guardian:ShieldSpikes","floor":13},{"not_picked":["Guardian:VentSteam","Guardian:Recover"],"picked":"Guardian:DonusPower","floor":14},{"not_picked":["Guardian:RollAttack","Guardian:Preprogram"],"picked":"Guardian:ShieldCharger","floor":15},{"not_picked":["Guardian:AncientConstruct","Guardian:ExploitGems"],"picked":"Guardian:RevengeProtocol","floor":16},{"not_picked":["Guardian:TemporalShield","Guardian:PiercingHide+1"],"picked":"Guardian:VentSteam+1","floor":19},{"not_picked":["Setup","strawberrySpire:HopSkipAndJump+1","Acrobatics"],"picked":"SKIP","floor":26},{"not_picked":["thethorton:ShoutAndRun","astrologer:Stardust+1"],"picked":"Escape Plan","floor":27},{"not_picked":["theCatGirl:ClenchYourTeeth","theCatGirl:TripLunge"],"picked":"thefirefly:EMP","floor":28},{"not_picked":["conspire:Rain","thefirefly:Prominence+1"],"picked":"Guardian:Gem_Purple","floor":29},{"not_picked":["Thunder_Blade","Vox","Slimebound:LeechEnergy"],"picked":"SKIP","floor":31},{"not_picked":["astrologer:Justice","Havoc"],"picked":"Fusion","floor":32},{"not_picked":["Core Surge","HollowMod:MidwifesHunger"],"picked":"Reboot","floor":33},{"not_picked":["thethorton:PocketChange","astrologer:Still+1","strawberrySpire:Insectonator"],"picked":"SKIP","floor":36},{"not_picked":["ReplayTheSpireMod:Chaos Vortex","infinitespire:Punishment"],"picked":"infinitespire:NeuralNetwork","floor":37},{"not_picked":["Headbutt","Slimebound:RollThrough+1"],"picked":"theCatGirl:ComboAttack+1","floor":37},{"not_picked":["HollowMod:AwokenDreamNail","HollowMod:WraithStrike+1","Read+1"],"picked":"SKIP","floor":39},{"not_picked":["thefirefly:FlakCannon","thefirefly:Ruminate"],"picked":"Guardian:EvasiveProtocol+1","floor":40},{"not_picked":["Cursed_Shield+1","thethorton:WhirlingBriefcase+1","champ:CalledShot"],"picked":"SKIP","floor":42},{"not_picked":["hubris:Prefetch","FollowUp"],"picked":"theCatGirl:BloodScent+1","floor":43},{"not_picked":["thethorton:HitAhead","Rearm+1"],"picked":"Gatherer:CollectorsShot+1","floor":44},{"not_picked":["strawberrySpire:DataDump","hexamod:SecondSeal"],"picked":"theCatGirl:KeepAlert+1","floor":45},{"not_picked":["Clash+1","PiercingWail+1","strawberrySpire:Swampstar"],"picked":"SKIP","floor":46},{"not_picked":["Panacea","beaked:BloodForTheGods","Guardian:TemporalShield+1"],"picked":"SKIP","floor":48},{"not_picked":["hexamod:EmpoweredFlame+1","astrologer:Conjunction+1"],"picked":"After Image","floor":49}],"player_experience":309143,"relics_obtained":[{"floor":2,"key":"StuffTheSpire:HeavyRock"},{"floor":8,"key":"strawberrySpire:Blindfruit"},{"floor":13,"key":"MealTicket"},{"floor":22,"key":"PrismaticShard"},{"floor":24,"key":"Replay:Accelerometer"},{"floor":25,"key":"Ring of Misfortune"},{"floor":25,"key":"Ring of Peace"},{"floor":31,"key":"Girya"},{"floor":37,"key":"Bird Faced Urn"},{"floor":41,"key":"StuffTheSpire:PointBlank"},{"floor":43,"key":"Replay:Bandana"}],"event_choices":[{"damage_healed":0,"gold_gain":0,"player_choice":"Disagree","damage_taken":0,"max_hp_gain":0,"max_hp_loss":0,"event_name":"conspire:LoneGhost","floor":12,"gold_loss":0}],"is_beta":false,"boss_relics":[{"not_picked":["Kintsugi","vexMod:EndlessSickness"],"picked":"hubris:Stopwatch"},{"not_picked":["ChewingGum","aspiration:FutureDiary"],"picked":"halation:Prosthetics"}],"items_purged_floors":[27,48],"is_endless":false,"potions_floor_spawned":[2,6,19,26,36,40,45,49],"ascension_level":0}}