{"host":"851hhqouejqwzba1","time":1609241226,"event":{"mods":["BaseMod","Minty Spire (QoL Compilation)","Permanent Neow","Shop Mod","StSLib","óô»ðÖ¸ÄÏ"],"gold_per_floor":[119,119,134,13,27,27,27,43,43,43,62,97,97,22,22,99,99,112,112,124,144,44,44,44],"floor_reached":23,"playtime":1185,"items_purged":["Strike_R","Strike_R"],"score":325,"play_id":"12fd3cbe-69a8-4396-b39b-e049b4a60132","local_time":"20201229192706","is_ascension_mode":true,"campfire_choices":[{"data":"Shrug It Off","floor":6.0,"key":"SMITH"},{"data":"Feed","floor":10.0,"key":"SMITH"},{"data":"True Grit","floor":13.0,"key":"SMITH"},{"data":"Carnage","floor":15.0,"key":"SMITH"}],"circlet_count":0,"master_deck":["AscendersBane","Strike_R","Strike_R","Defend_R","Defend_R","Defend_R","Defend_R","Bash","Feed+1","Cleave","Shrug It Off+1","Ghostly Armor","Power Through","True Grit+1","Carnage+1","Offering","Battle Trance","Armaments","Entrench"],"relics":["Burning Blood","Ornamental Fan","Paper Frog","Black Star"],"acts_visited":["Exordium","TheCity"],"potions_floor_usage":[21],"damage_taken":[{"damage":18.0,"enemies":"Jaw Worm","floor":1.0,"turns":4.0},{"damage":4.0,"enemies":"Cultist","floor":3.0,"turns":5.0},{"damage":1.0,"enemies":"2 Louse","floor":5.0,"turns":3.0},{"damage":22.0,"enemies":"Exordium Thugs","floor":8.0,"turns":5.0},{"damage":0.0,"enemies":"3 Louse","floor":11.0,"turns":3.0},{"damage":5.0,"enemies":"Gremlin Nob","floor":12.0,"turns":5.0},{"damage":37.0,"enemies":"The Guardian","floor":16.0,"turns":13.0},{"damage":36.0,"enemies":"Shell Parasite","floor":18.0,"turns":10.0},{"damage":9.0,"enemies":"Chosen","floor":20.0,"turns":3.0},{"damage":17,"enemies":"Snake Plant","floor":21,"turns":6},{"damage":21,"enemies":"Gremlin Leader","floor":23,"turns":6}],"seed_played":"8574173828215338112","potions_obtained":[{"floor":1.0,"key":"Dexterity Potion"},{"floor":3.0,"key":"DistilledChaos"},{"floor":12.0,"key":"Ancient Potion"},{"floor":18.0,"key":"Regen Potion"}],"is_trial":false,"path_per_floor":["M","?","M","$","M","R","$","M","T","R","M","E","R","$","R","B",null,"M","?","M","M","$","E"],"character_chosen":"IRONCLAD","items_purchased":["Shrug It Off","Carnage"],"campfire_rested":0,"item_purchase_floors":[4,14],"current_hp_per_floor":[41,41,43,43,51,51,51,38,38,38,48,49,49,49,49,18,71,41,41,38,46,46,25,25],"gold":44,"neow_bonus":"THREE_RARE_CARDS","is_daily":false,"chose_seed":false,"campfire_upgraded":4,"win_rate":0.0,"timestamp":1609241226,"path_taken":["M","?","?","$","M","R","?","M","T","R","M","E","R","$","R","BOSS","M","?","M","M","$","E"],"items_purchased_type":["Card","Card"],"build_version":"2020-12-22","purchased_purges":2,"victory":false,"max_hp_per_floor":[78,78,78,78,81,81,81,84,84,84,88,88,88,88,88,88,88,88,88,88,92,92,92,92],"card_choices":[{"not_picked":["Barricade","Fiend Fire"],"picked":"Feed","floor":0.0},{"not_picked":["Fire Breathing","Rupture","Anger"],"picked":"SKIP","floor":1.0},{"not_picked":["Iron Wave","Shrug It Off"],"picked":"Cleave","floor":3.0},{"not_picked":["Cleave","Sentinel"],"picked":"Ghostly Armor","floor":5.0},{"not_picked":["Evolve","Battle Trance"],"picked":"Power Through","floor":8.0},{"not_picked":["Pommel Strike","Havoc"],"picked":"True Grit","floor":11.0},{"not_picked":["Feed","Havoc","Clash"],"picked":"SKIP","floor":12.0},{"not_picked":["Limit Break","Bludgeon"],"picked":"Offering","floor":16.0},{"not_picked":["Intimidate","Headbutt"],"picked":"Battle Trance","floor":18.0},{"not_picked":["Burning Pact","Twin Strike"],"picked":"Armaments","floor":20.0},{"not_picked":["Warcry","Twin Strike"],"picked":"Entrench","floor":21}],"player_experience":384355,"relics_obtained":[{"floor":9.0,"key":"Ornamental Fan"},{"floor":12.0,"key":"Paper Frog"}],"event_choices":[{"cards_removed":["Strike_R"],"damage_healed":0.0,"max_hp_gain":0.0,"max_hp_loss":0.0,"gold_gain":0.0,"event_name":"Bonfire Elementals","player_choice":"Offered Basic","floor":2.0,"gold_loss":0.0,"damage_taken":0.0},{"damage_healed":0.0,"max_hp_gain":0.0,"max_hp_loss":0.0,"gold_gain":0.0,"event_name":"Match and Keep!","player_choice":"0 cards matched","floor":19.0,"gold_loss":0.0,"damage_taken":0.0,"cards_obtained":[]}],"is_beta":false,"boss_relics":[{"not_picked":["Philosopher\u0027s Stone","Velvet Choker"],"picked":"Black Star"}],"items_purged_floors":[4,22],"is_endless":false,"potions_floor_spawned":[1,3,12,18],"killed_by":"Gremlin Leader","ascension_level":14}}