{"host":"2461dio7vetlq1z3","time":1609224358,"event":{"mods":["2.2 Compatiblity","AchievementEnabler","Aspiration","BaseMod","Better Third Choice","Friendly Minions","Hermit","Marisa????????","Minty Spire (QoL Compilation)","Relic Stats","Spicy Shops","StSLib","Waifu the Spire"],"gold_per_floor":[114,137,137,237,257,257,332,332,332,353,368,401,401,434,434,434,434],"floor_reached":16,"playtime":612,"items_purged":[],"score":176,"play_id":"62736cb3-8c62-475f-8d6a-149f80508239","local_time":"20201229074558","is_ascension_mode":true,"campfire_choices":[{"data":"hermit:HighCaliber","floor":6,"key":"SMITH"},{"data":"hermit:Snapshot","floor":8,"key":"SMITH"},{"floor":13,"key":"REST"},{"floor":15,"key":"REST"}],"circlet_count":0,"master_deck":["AscendersBane","hermit:Strike_Hermit","hermit:Strike_Hermit","hermit:Strike_Hermit","hermit:Defend_Hermit","hermit:Defend_Hermit","hermit:Defend_Hermit","hermit:Defend_Hermit","hermit:Snapshot+1","hermit:Covet","hermit:Gambit","hermit:Scavenge","hermit:HighCaliber+1","hermit:Spite","hermit:Roulette","hermit:TakeCover","hermit:PistolWhip","hermit:HeroicBravado"],"relics":["hermit:Momento","hermit:RyeStalk","Nunchaku","Shuriken"],"acts_visited":["Exordium"],"potions_floor_usage":[12,14],"damage_taken":[{"damage":4,"enemies":"Jaw Worm","floor":1,"turns":4},{"damage":3,"enemies":"2 Louse","floor":2,"turns":3},{"damage":6,"enemies":"Cultist","floor":5,"turns":4},{"damage":9,"enemies":"Large Slime","floor":10,"turns":6},{"damage":0,"enemies":"3 Louse","floor":11,"turns":3},{"damage":18,"enemies":"Gremlin Nob","floor":12,"turns":3},{"damage":11,"enemies":"Lagavulin","floor":14,"turns":6},{"damage":0,"enemies":"Slime Boss","floor":16,"turns":1}],"seed_played":"7658401670721664554","potions_obtained":[{"floor":1,"key":"Ancient Potion"},{"floor":10,"key":"LiquidMemories"},{"floor":14,"key":"Energy Potion"}],"is_trial":false,"path_per_floor":["M","M","?","?","M","R","?","R","T","M","M","E","R","E","R","B"],"character_chosen":"HERMIT","items_purchased":[],"campfire_rested":2,"item_purchase_floors":[],"current_hp_per_floor":[64,61,61,61,55,55,44,44,44,35,35,17,39,28,50,50,50],"gold":434,"neow_bonus":"TRANSFORM_CARD","is_daily":false,"chose_seed":false,"campfire_upgraded":2,"win_rate":0.0,"timestamp":1609224358,"path_taken":["M","M","?","?","?","R","?","R","T","M","M","E","R","E","R","BOSS"],"items_purchased_type":[],"build_version":"2020-12-22","purchased_purges":0,"victory":false,"max_hp_per_floor":[75,75,75,75,75,75,75,75,75,75,75,75,75,75,75,75,75],"relic_stats":{"Nunchaku":[1],"counters":[8,29],"Shuriken":[0],"obtain_stats":[{"hermit:RyeStalk":9,"Nunchaku":12,"Shuriken":14,"hermit:Momento":0},{"hermit:RyeStalk":3,"Nunchaku":6,"Shuriken":7,"hermit:Momento":0},{"hermit:RyeStalk":11,"Nunchaku":23,"Shuriken":29,"hermit:Momento":0}]},"card_choices":[{"not_picked":["hermit:LuckOfTheDraw","hermit:Dive"],"picked":"hermit:Scavenge","floor":1},{"not_picked":["hermit:LowProfile","hermit:TakeAim"],"picked":"hermit:HighCaliber","floor":2},{"not_picked":["hermit:LuckOfTheDraw","hermit:EyeOfTheStorm"],"picked":"hermit:Spite","floor":5},{"not_picked":["hermit:BigShot","hermit:CalledShot"],"picked":"hermit:Roulette","floor":10},{"not_picked":["hermit:BodyArmor","hermit:SprayPray"],"picked":"hermit:TakeCover","floor":11},{"not_picked":["hermit:Combo","hermit:EyeOfTheStorm"],"picked":"hermit:PistolWhip","floor":12},{"not_picked":["hermit:Gestalt","hermit:Roulette"],"picked":"hermit:HeroicBravado","floor":14}],"player_experience":1083383,"relics_obtained":[{"floor":9,"key":"hermit:RyeStalk"},{"floor":12,"key":"Nunchaku"},{"floor":14,"key":"Shuriken"}],"event_choices":[{"damage_healed":0,"gold_gain":0,"player_choice":"Ignored","damage_taken":137,"max_hp_gain":0,"max_hp_loss":0,"event_name":"betterThird:BetterSerpent","floor":3,"gold_loss":0},{"damage_healed":0,"gold_gain":100,"player_choice":"Pray","damage_taken":0,"max_hp_gain":0,"max_hp_loss":0,"event_name":"Golden Shrine","floor":4,"gold_loss":0},{"damage_healed":0,"gold_gain":75,"player_choice":"Gold","damage_taken":11,"max_hp_gain":0,"max_hp_loss":0,"event_name":"betterThird:BetterGoop","floor":7,"gold_loss":0}],"is_beta":false,"boss_relics":[],"items_purged_floors":[],"is_endless":false,"potions_floor_spawned":[1,10,11,14],"killed_by":"Slime Boss","ascension_level":12}}