{"host":"jpzdg3po3tjxdjri","time":1609273345,"event":{"mods":["BaseMod","Better Third Choice","Colored Map","Colored Powertips","Minty Spire (QoL Compilation)","StSLib"],"gold_per_floor":[117,137,15,90,40,67,67,122,146,163,163,96,122,198,198,270,320,334,334,352,362,277,277,277],"floor_reached":23,"playtime":691,"items_purged":["Strike_B"],"score":377,"play_id":"c520f7af-c205-46be-9d25-42b6ada68f48","local_time":"20201229202225","is_ascension_mode":true,"campfire_choices":[{"data":"Sunder","floor":7,"key":"SMITH"},{"data":"Glacier","floor":15,"key":"SMITH"}],"circlet_count":0,"master_deck":["AscendersBane","Strike_B+1","Strike_B","Defend_B","Defend_B","Defend_B","Defend_B","Zap","Dualcast","Sunder+1","Leap","Ball Lightning","Glacier+1","Genetic Algorithm","Coolheaded","Loop","Rebound","Fission","Coolheaded","Ball Lightning","Glacier","Ball Lightning"],"relics":["Cracked Core","NeowsBlessing","Turnip","Bag of Preparation","Lantern","Vajra","Bottled Lightning","Tiny House","CaptainsWheel"],"acts_visited":["Exordium","TheCity"],"potions_floor_usage":[8,16,16,18,23],"damage_taken":[{"damage":0,"enemies":"Jaw Worm","floor":1,"turns":1},{"damage":0,"enemies":"2 Louse","floor":2,"turns":1},{"damage":0,"enemies":"3 Sentries","floor":6,"turns":1},{"damage":16,"enemies":"Lagavulin Event","floor":8,"turns":5},{"damage":0,"enemies":"Small Slimes","floor":10,"turns":2},{"damage":8,"enemies":"Gremlin Nob","floor":13,"turns":3},{"damage":30,"enemies":"Slime Boss","floor":16,"turns":16},{"damage":11,"enemies":"3 Byrds","floor":18,"turns":7},{"damage":26,"enemies":"2 Thieves","floor":20,"turns":5},{"damage":2,"enemies":"Chosen and Byrds","floor":21,"turns":6},{"damage":36,"enemies":"Gremlin Leader","floor":23,"turns":6}],"seed_played":"8677354501472276352","potions_obtained":[{"floor":6,"key":"Dexterity Potion"},{"floor":10,"key":"Weak Potion"},{"floor":13,"key":"EntropicBrew"},{"floor":20,"key":"LiquidMemories"}],"is_trial":false,"path_per_floor":["M","M","$","?","?","E","R","?","T","M","?","$","E","T","R","B",null,"M","?","M","M","?","E"],"character_chosen":"DEFECT","items_purchased":["Ball Lightning","Loop"],"campfire_rested":0,"item_purchase_floors":[3,12],"current_hp_per_floor":[64,64,64,53,53,53,53,37,37,37,42,42,34,34,34,4,63,52,52,26,24,24,0,0],"gold":277,"neow_bonus":"THREE_ENEMY_KILL","is_daily":false,"chose_seed":false,"campfire_upgraded":2,"win_rate":0.0,"timestamp":1609273345,"path_taken":["M","M","$","?","?","E","R","?","T","M","?","$","E","?","R","BOSS","M","?","M","M","?","E"],"items_purchased_type":["Card","Card"],"build_version":"2020-12-22","purchased_purges":1,"victory":false,"max_hp_per_floor":[71,71,71,71,71,71,71,71,71,71,76,76,76,76,76,76,81,81,81,81,81,81,81,81],"card_choices":[{"not_picked":["Go for the Eyes","Blizzard"],"picked":"Sunder","floor":1},{"not_picked":["Redo","Heatsinks"],"picked":"Leap","floor":2},{"not_picked":["Streamline","Gash"],"picked":"Glacier","floor":6},{"not_picked":["Barrage","Steam"],"picked":"Genetic Algorithm","floor":8},{"not_picked":["Reboot","Turbo"],"picked":"Coolheaded","floor":10},{"not_picked":["Beam Cell","Streamline"],"picked":"Rebound","floor":13},{"not_picked":["Meteor Strike","Rainbow"],"picked":"Fission","floor":16},{"not_picked":["Stack","Double Energy"],"picked":"Coolheaded","floor":17},{"not_picked":["Beam Cell","Compile Driver"],"picked":"Ball Lightning","floor":18},{"not_picked":["Stack","Beam Cell"],"picked":"Glacier","floor":20},{"not_picked":["Streamline","Loop+1"],"picked":"Ball Lightning","floor":21}],"player_experience":810977,"relics_obtained":[{"floor":6,"key":"Turnip"},{"floor":8,"key":"Bag of Preparation"},{"floor":9,"key":"Lantern"},{"floor":13,"key":"Vajra"},{"floor":14,"key":"Bottled Lightning"}],"event_choices":[{"damage_healed":0,"gold_gain":75,"player_choice":"Gold","damage_taken":11,"max_hp_gain":0,"max_hp_loss":0,"event_name":"betterThird:BetterGoop","floor":4,"gold_loss":0},{"cards_removed":["Strike_B"],"damage_healed":0,"gold_gain":0,"player_choice":"Card Removal","damage_taken":0,"max_hp_gain":0,"max_hp_loss":0,"event_name":"The Cleric","floor":5,"gold_loss":50},{"damage_healed":0,"gold_gain":0,"player_choice":"Searched \u00271\u0027 times","damage_taken":0,"max_hp_gain":0,"max_hp_loss":0,"event_name":"Dead Adventurer","floor":8,"gold_loss":0},{"damage_healed":0,"gold_gain":0,"player_choice":"Donut","damage_taken":0,"max_hp_gain":5,"max_hp_loss":0,"event_name":"Big Fish","floor":11,"gold_loss":0},{"damage_healed":0,"gold_gain":0,"player_choice":"Ignored","damage_taken":0,"max_hp_gain":0,"max_hp_loss":0,"event_name":"Ghosts","floor":19,"gold_loss":0},{"damage_healed":0,"gold_gain":0,"player_choice":"Obtained Relic","damage_taken":0,"relics_obtained":["CaptainsWheel"],"max_hp_gain":0,"max_hp_loss":0,"event_name":"Addict","floor":22,"gold_loss":85}],"is_beta":false,"boss_relics":[{"not_picked":["SacredBark","Astrolabe"],"picked":"Tiny House"}],"items_purged_floors":[3],"is_endless":false,"potions_floor_spawned":[6,10,13,20,21],"killed_by":"Gremlin Leader","ascension_level":14}}