{"host":"7irle2snl0x6pcqd","time":1609209997,"event":{"mods":["BaseMod","Minty Spire (QoL Compilation)","Quick Restart","Relic Stats","StSLib"],"gold_per_floor":[114,114,189,204,219,219,294,324,324,324,26,41,56,71,71,171,171,186,186,201,201,201],"floor_reached":21,"playtime":3136,"items_purged":[],"score":231,"play_id":"8f787082-e32b-428b-8798-a4f33f19a3aa","local_time":"20201228214637","daily_mods":["Allstar","Red Cards","Night Terrors"],"is_ascension_mode":false,"campfire_choices":[{"data":"Trip","floor":6.0,"key":"SMITH"},{"floor":10.0,"key":"REST"},{"data":"Armaments","floor":15.0,"key":"SMITH"}],"circlet_count":0,"master_deck":["Strike_P","Strike_P","Strike_P","Strike_P","Defend_P","Defend_P","Defend_P","Defend_P","Eruption","Vigilance","Thinking Ahead","Mind Blast","Trip+1","Secret Weapon","FollowUp","CutThroughFate","Headbutt","Nirvana","Armaments+1","Inflame","Protect","Halt","Flex","Barricade","Swivel","Alpha","EmptyFist+1","Seeing Red+1"],"relics":["PureWater","Pocketwatch","Dream Catcher","Orichalcum","SlaversCollar","Enchiridion"],"acts_visited":["Exordium","TheCity"],"potions_floor_usage":[20],"damage_taken":[{"damage":6.0,"enemies":"Jaw Worm","floor":1.0,"turns":3.0},{"damage":0.0,"enemies":"2 Louse","floor":4.0,"turns":2.0},{"damage":1.0,"enemies":"Cultist","floor":5.0,"turns":3.0},{"damage":33.0,"enemies":"Lagavulin","floor":8.0,"turns":6.0},{"damage":0.0,"enemies":"Large Slime","floor":12.0,"turns":4.0},{"damage":18.0,"enemies":"Exordium Thugs","floor":13.0,"turns":5.0},{"damage":16.0,"enemies":"Lots of Slimes","floor":14.0,"turns":5.0},{"damage":0.0,"enemies":"Slime Boss","floor":16.0,"turns":6.0},{"damage":12,"enemies":"Shell Parasite","floor":18,"turns":6},{"damage":22,"enemies":"2 Thieves","floor":20,"turns":4},{"damage":24,"enemies":"Centurion and Healer","floor":21,"turns":3}],"seed_played":"6838610760785432018","potions_obtained":[{"floor":1.0,"key":"ColorlessPotion"},{"floor":5.0,"key":"FairyPotion"},{"floor":14.0,"key":"SteroidPotion"},{"floor":18,"key":"SpeedPotion"}],"is_trial":false,"path_per_floor":["M","?","?","M","M","R","?","E","T","R","$","M","M","M","R","B",null,"M","?","M","M"],"character_chosen":"WATCHER","items_purchased":["Inflame","Protect","Orichalcum","Halt"],"campfire_rested":1,"item_purchase_floors":[11,11,11,11],"current_hp_per_floor":[66,59,48,48,47,47,40,7,7,67,67,67,49,33,33,33,67,55,39,17,0,0],"gold":201,"neow_bonus":"","is_daily":true,"chose_seed":false,"campfire_upgraded":2,"win_rate":0.0,"timestamp":1609209997,"path_taken":["M","?","?","M","M","R","?","E","T","R","$","M","?","M","R","BOSS","M","?","M","M"],"items_purchased_type":["Card","Card","Relic","Card"],"build_version":"2020-12-22","purchased_purges":0,"victory":false,"max_hp_per_floor":[72,72,72,72,72,72,72,72,72,67,67,67,67,67,67,67,67,67,67,67,67,67],"relic_stats":{"Dream Catcher":1,"counters":[11,47],"Orichalcum":[60],"obtain_stats":[{"SlaversCollar":17,"Dream Catcher":9,"Enchiridion":19,"PureWater":0,"Orichalcum":11,"Pocketwatch":8},{"SlaversCollar":8,"Dream Catcher":4,"Enchiridion":9,"PureWater":0,"Orichalcum":4,"Pocketwatch":4},{"SlaversCollar":34,"Dream Catcher":14,"Enchiridion":40,"PureWater":0,"Orichalcum":14,"Pocketwatch":14}],"Pocketwatch":[21]},"card_choices":[{"not_picked":["Anger","SashWhip"],"picked":"FollowUp","floor":1.0},{"not_picked":["WaveOfTheHand","Havoc"],"picked":"CutThroughFate","floor":4.0},{"not_picked":["Rupture","Anger"],"picked":"Headbutt","floor":5.0},{"not_picked":["SashWhip","WreathOfFlame"],"picked":"Nirvana","floor":8.0},{"not_picked":["Wild Strike","FearNoEvil"],"picked":"Armaments","floor":10.0},{"not_picked":["ClearTheMind","EmptyBody"],"picked":"Flex","floor":12.0},{"not_picked":["Rupture","Halt"],"picked":"Barricade","floor":13.0},{"not_picked":["Pummel","Anger"],"picked":"Swivel","floor":14.0},{"not_picked":["Limit Break","Corruption"],"picked":"Alpha","floor":16.0},{"not_picked":["WindmillStrike","PathToVictory"],"picked":"EmptyFist+1","floor":18},{"not_picked":["Perseverance","Warcry"],"picked":"Seeing Red+1","floor":20}],"player_experience":172668,"relics_obtained":[{"floor":8.0,"key":"Pocketwatch"},{"floor":9.0,"key":"Dream Catcher"},{"floor":19,"key":"Enchiridion"}],"event_choices":[{"cards_removed":["Purity"],"damage_healed":0.0,"max_hp_gain":0.0,"max_hp_loss":0.0,"gold_gain":0.0,"event_name":"Golden Wing","player_choice":"Card Removal","floor":2.0,"gold_loss":0.0,"damage_taken":7.0},{"damage_healed":0.0,"max_hp_gain":0.0,"max_hp_loss":0.0,"gold_gain":75.0,"event_name":"World of Goop","player_choice":"Gather Gold","floor":3.0,"gold_loss":0.0,"damage_taken":11.0},{"damage_healed":0.0,"max_hp_gain":0.0,"max_hp_loss":0.0,"gold_gain":75.0,"event_name":"FaceTrader","player_choice":"Touch","floor":7.0,"gold_loss":0.0,"damage_taken":7.0},{"damage_healed":0,"gold_gain":0,"player_choice":"Obtained Book","damage_taken":16,"max_hp_gain":0,"max_hp_loss":0,"event_name":"Cursed Tome","floor":19,"gold_loss":0}],"is_beta":false,"boss_relics":[{"not_picked":["Empty Cage","Astrolabe"],"picked":"SlaversCollar"}],"items_purged_floors":[],"is_endless":false,"potions_floor_spawned":[1,5,14,18],"killed_by":"Centurion and Healer","ascension_level":0}}