{"host":"mi0eibewekhugwl1","time":1609232501,"event":{"mods":["AchievementEnabler","BaseMod","Colored Map","Colored Powertips","DeckTracker","Keyboard Shortcuts","Minty Spire (QoL Compilation)","Quick Restart","Rare Cards Sparkle","Relic Stats","StSLib","SuperFastMode","everything is the same but u backflip on backflip"],"gold_per_floor":[110,110,110,110,127,127,153,182,194,221,243,73,92,92,92,92,92],"floor_reached":16,"playtime":235,"items_purged":["Strike_B"],"score":254,"play_id":"23971c79-e424-4274-8310-52133535f313","local_time":"20201229180141","is_ascension_mode":true,"campfire_choices":[{"data":"Dualcast","floor":6,"key":"SMITH"},{"data":"Seek","floor":15,"key":"SMITH"}],"circlet_count":0,"master_deck":["AscendersBane","Strike_B","Strike_B","Defend_B","Defend_B","Defend_B","Defend_B","Zap+1","Dualcast+1","Heatsinks","BootSequence","White Noise","White Noise","Capacitor","Cold Snap","Seek+1"],"relics":["Cracked Core","NeowsBlessing","Mummified Hand","MawBank","Omamori"],"acts_visited":["Exordium"],"potions_floor_usage":[10],"damage_taken":[{"damage":0,"enemies":"Small Slimes","floor":1,"turns":1},{"damage":0,"enemies":"Jaw Worm","floor":5,"turns":1},{"damage":0,"enemies":"Gremlin Nob","floor":7,"turns":1},{"damage":8,"enemies":"2 Louse","floor":8,"turns":3},{"damage":1,"enemies":"2 Fungi Beasts","floor":10,"turns":3},{"damage":10,"enemies":"Exordium Wildlife","floor":11,"turns":4},{"damage":0,"enemies":"3 Louse","floor":13,"turns":4},{"damage":29,"enemies":"Hexaghost","floor":16,"turns":9}],"seed_played":"4637253045465587452","potions_obtained":[{"floor":1,"key":"AttackPotion"},{"floor":7,"key":"PotionOfCapacity"},{"floor":10,"key":"Fruit Juice"},{"floor":11,"key":"Explosive Potion"}],"is_trial":false,"path_per_floor":["M","?","?","?","M","R","E","M","T","M","M","$","M","?","R","B"],"character_chosen":"DEFECT","items_purchased":["Capacitor","Cold Snap"],"campfire_rested":0,"item_purchase_floors":[12,12],"current_hp_per_floor":[64,64,64,46,46,46,46,38,38,42,32,32,32,25,25,0,0],"gold":92,"neow_bonus":"THREE_ENEMY_KILL","is_daily":false,"chose_seed":false,"campfire_upgraded":2,"win_rate":0.0,"timestamp":1609232501,"path_taken":["M","?","?","?","M","R","E","M","T","M","M","$","M","?","R","BOSS"],"items_purchased_type":["Card","Card"],"build_version":"2020-12-22","purchased_purges":1,"victory":false,"max_hp_per_floor":[71,71,71,71,71,71,71,71,71,76,76,76,76,76,76,76,76],"relic_stats":{"counters":[8,26],"Mummified Hand":[13],"MawBank":60,"obtain_stats":[{"NeowsBlessing":0,"Mummified Hand":4,"Omamori":9,"Cracked Core":0,"MawBank":7},{"NeowsBlessing":0,"Mummified Hand":1,"Omamori":4,"Cracked Core":0,"MawBank":3},{"NeowsBlessing":0,"Mummified Hand":1,"Omamori":6,"Cracked Core":0,"MawBank":3}]},"card_choices":[{"not_picked":["Sweeping Beam","Aggregate"],"picked":"Heatsinks","floor":1},{"not_picked":["Cold Snap","Reinforced Body"],"picked":"BootSequence","floor":5},{"not_picked":["Leap","Sweeping Beam"],"picked":"White Noise","floor":7},{"not_picked":["Gash","Hologram","Reinforced Body"],"picked":"SKIP","floor":8},{"not_picked":["Steam","Go for the Eyes"],"picked":"White Noise","floor":10},{"not_picked":["Gash","Hologram","Rebound"],"picked":"SKIP","floor":11},{"not_picked":["Cold Snap","Barrage"],"picked":"Seek","floor":13}],"player_experience":1717808,"relics_obtained":[{"floor":7,"key":"MawBank"},{"floor":9,"key":"Omamori"}],"event_choices":[{"damage_healed":0,"gold_gain":0,"player_choice":"Grow","damage_taken":0,"max_hp_gain":0,"max_hp_loss":0,"event_name":"Living Wall","floor":2,"gold_loss":0,"cards_upgraded":["Zap"]},{"damage_healed":0,"gold_gain":0,"player_choice":"Ignored","damage_taken":0,"max_hp_gain":0,"max_hp_loss":0,"event_name":"Liars Game","floor":3,"gold_loss":0},{"damage_healed":0,"gold_gain":0,"player_choice":"Success","damage_taken":18,"relics_obtained":["Mummified Hand"],"max_hp_gain":0,"max_hp_loss":0,"event_name":"Scrap Ooze","floor":4,"gold_loss":0},{"cards_removed":["Strike_B"],"damage_healed":0,"gold_gain":0,"player_choice":"Card Removal","damage_taken":7,"max_hp_gain":0,"max_hp_loss":0,"event_name":"Golden Wing","floor":14,"gold_loss":0}],"is_beta":false,"boss_relics":[],"items_purged_floors":[12],"is_endless":false,"potions_floor_spawned":[1,7,10,11],"killed_by":"Hexaghost","ascension_level":20}}