{"host":"792mtbovsoa03nb3","time":1609213914,"event":{"mods":["BaseMod","Colored Map","Dota2Spire","Downfall","Hubris","Infinite Spire","Minty Spire (QoL Compilation)","Replay The Spire","Spicy Shops","StSLib","The Blue Laboratory","The Jungle"],"gold_per_floor":[117,132,59,144,319,349,299,331,356,356,356,375,393,411,411,507,507,525,525,166,179,196,229,16,48,48,48,74,74,74,89,89,192,192,211,226,226,226,246,246,264,264,264,294,307,307,307],"floor_reached":46,"playtime":1637,"items_purged":[],"score":653,"play_id":"ccae07bc-5034-42d1-82bd-64ada33baef0","local_time":"20201228195154","is_ascension_mode":true,"campfire_choices":[{"data":"Defragment","floor":10,"key":"SMITH"},{"data":"Loop","floor":15,"key":"SMITH"},{"floor":27,"key":"REST"},{"floor":29,"key":"REST"},{"floor":32,"key":"REST"},{"floor":40,"key":"RECALL"}],"circlet_count":0,"master_deck":["Strike_B","Strike_B","Strike_B","Defend_B","Defend_B","Defend_B","Defend_B","Zap","Dualcast","ReplayTheSpireMod:Omega Cannon","Crystallizer","Defragment+1","BasicCrystalCard","Ball Lightning","Storm","Loop+1","Hello World","Echo Form","Cold Snap","Creative AI","Conserve Battery","Time Bomb","FIFO Queue","Crystallizer+1","Mirror Shield","infinitespire:Punishment","infinitespire:Gouge","BootSequence+1","Consume","Fusion+1"],"relics":["Cracked Core","Dota2Spire:MaskOfMadness","ReplayTheSpireMod:TigerMarble","Dota2Spire:Vanguard","Dota2Spire:EtherealBlade","Fusion Hammer","Quantum Egg","Centennial Puzzle","Ancient Tea Set","hubris:GlazedTorus","Torii","Coffee Dripper","Replay:Frozen Program","hubris:Backtick","Ice Cream","Letter Opener","Lantern"],"acts_visited":["Exordium","TheCity","TheBeyond"],"potions_floor_usage":[16,25,28,28,46],"damage_taken":[{"damage":0,"enemies":"Cultist","floor":1,"turns":2},{"damage":0,"enemies":"Small Slimes","floor":2,"turns":1},{"damage":30,"enemies":"Lagavulin","floor":6,"turns":5},{"damage":1,"enemies":"3 Sentries","floor":8,"turns":2},{"damage":0,"enemies":"Jaw Worm","floor":12,"turns":3},{"damage":6,"enemies":"Blue Slaver","floor":13,"turns":3},{"damage":10,"enemies":"Exordium Thugs","floor":14,"turns":3},{"damage":6,"enemies":"The Guardian","floor":16,"turns":7},{"damage":0,"enemies":"3 Byrds","floor":18,"turns":3},{"damage":25,"enemies":"Shell Parasite","floor":21,"turns":5},{"damage":3,"enemies":"Snake Plant","floor":22,"turns":5},{"damage":0,"enemies":"Slavers","floor":23,"turns":2},{"damage":24,"enemies":"Gremlin Leader","floor":25,"turns":7},{"damage":26,"enemies":"Slavers","floor":28,"turns":5},{"damage":2,"enemies":"Centurion and Healer","floor":31,"turns":5},{"damage":2,"enemies":"Pondfish","floor":33,"turns":6},{"damage":1,"enemies":"3 Shapes","floor":35,"turns":5},{"damage":16,"enemies":"3 Darklings","floor":36,"turns":5},{"damage":18,"enemies":"Jaw Worm Horde","floor":39,"turns":2},{"damage":22,"enemies":"Sphere and 2 Shapes","floor":41,"turns":6},{"damage":1,"enemies":"Giant Head","floor":44,"turns":7},{"damage":9,"enemies":"Maw","floor":45,"turns":6},{"damage":19,"enemies":"Reptomancer","floor":46,"turns":2}],"seed_played":"-8251363938293912746","potions_obtained":[{"floor":12,"key":"infinitespire:BlackPotion"},{"floor":21,"key":"blueLaboratory:SystemWipe"},{"floor":22,"key":"blueLaboratory:BiasPotion"},{"floor":25,"key":"blueLaboratory:BiasPotion"},{"floor":36,"key":"blueLaboratory:AbyssPotion"},{"floor":39,"key":"Milkshake"}],"is_trial":false,"path_per_floor":["M","M","$","?","?","E","?","E","T","R","?","M","M","M","R","B",null,"M","?","$","M","M","E","$","E","T","R","E","R","?","M","R","B",null,"M","M","AVR","?","M","R","M","R","T","E","M","E"],"character_chosen":"DEFECT","items_purchased":["Dota2Spire:MaskOfMadness","Creative AI","Quantum Egg","Conserve Battery","FIFO Queue"],"campfire_rested":3,"item_purchase_floors":[3,20,20,20,24],"current_hp_per_floor":[75,75,75,75,75,49,49,48,48,48,48,48,42,40,40,34,75,75,75,75,50,47,47,47,23,23,45,19,41,41,39,61,59,75,74,58,58,58,40,40,18,18,18,25,16,0,0],"gold":307,"neow_bonus":"ONE_RANDOM_RARE_CARD","is_daily":false,"chose_seed":false,"campfire_upgraded":2,"win_rate":0.0,"timestamp":1609213914,"path_taken":["M","M","$","?","?","E","?","E","T","R","?","?","M","M","R","BOSS","M","?","$","?","M","E","$","E","T","R","E","R","?","?","R","BOSS","M","?","AVR","?","?","R","?","R","T","E","M","E"],"items_purchased_type":["Relic","Card","Relic","Card","Card"],"build_version":"2020-12-22","purchased_purges":0,"victory":false,"max_hp_per_floor":[75,75,75,75,75,75,75,75,75,75,75,75,75,75,75,75,75,75,75,75,75,75,75,75,75,75,75,75,75,75,75,75,75,75,75,75,75,75,75,75,75,75,75,75,75,75,75],"card_choices":[{"not_picked":["Conserve Battery","Ball Lightning"],"picked":"Crystallizer","floor":1},{"not_picked":["Reprogram","Compile Driver","hubris:PowerSurge"],"picked":"SKIP","floor":2},{"not_picked":["Glacier","Redo"],"picked":"Defragment","floor":4},{"not_picked":["Beam Cell","Steam"],"picked":"BasicCrystalCard","floor":4},{"not_picked":["Compile Driver","Streamline"],"picked":"Ball Lightning","floor":6},{"not_picked":["Stack","Redo"],"picked":"Storm","floor":8},{"not_picked":["Doom and Gloom","Core Surge"],"picked":"Loop","floor":12},{"not_picked":["Turbo","Rebound"],"picked":"Hello World","floor":13},{"not_picked":["Doom and Gloom","Sweeping Beam","Rebound"],"picked":"SKIP","floor":14},{"not_picked":["ReplayTheSpireMod:Omega Cannon","hubris:SpecializedCircuitry"],"picked":"Echo Form","floor":16},{"not_picked":["Turbo","Darkness+1"],"picked":"Cold Snap","floor":18},{"not_picked":["White Noise","Panic Button","Reprogram"],"picked":"SKIP","floor":21},{"not_picked":["White Noise","Panic Button","Reprogram"],"picked":"SKIP","floor":21},{"not_picked":["Compile Driver","Redo"],"picked":"Time Bomb","floor":22},{"not_picked":["Steam","Gash+1","Rip and Tear+1"],"picked":"SKIP","floor":23},{"not_picked":["ReplayTheSpireMod:Repulse+1","Coolheaded","Genetic Algorithm"],"picked":"SKIP","floor":25},{"not_picked":["Gash","Skim"],"picked":"Crystallizer","floor":28},{"not_picked":["Steam+1","Redo","Hologram+1"],"picked":"SKIP","floor":31},{"not_picked":["Core Surge","hubris:SpecializedCircuitry"],"picked":"Mirror Shield","floor":33},{"not_picked":["Coolheaded+1","Barrage+1","Beam Cell"],"picked":"SKIP","floor":35},{"not_picked":["Compile Driver+1","Doom and Gloom","Streamline"],"picked":"SKIP","floor":36},{"not_picked":["Turbo","Rebound"],"picked":"BootSequence+1","floor":39},{"not_picked":["BasicCrystalCard+1","Compile Driver+1","Turbo"],"picked":"SKIP","floor":41},{"not_picked":["Biased Cognition","Cold Snap"],"picked":"Consume","floor":44},{"not_picked":["Rebound","ReplayTheSpireMod:Repulse"],"picked":"Fusion+1","floor":45}],"player_experience":814981,"relics_obtained":[{"floor":4,"key":"ReplayTheSpireMod:TigerMarble"},{"floor":6,"key":"Dota2Spire:Vanguard"},{"floor":8,"key":"Dota2Spire:EtherealBlade"},{"floor":23,"key":"Centennial Puzzle"},{"floor":25,"key":"Ancient Tea Set"},{"floor":26,"key":"hubris:GlazedTorus"},{"floor":28,"key":"Torii"},{"floor":43,"key":"Letter Opener"},{"floor":44,"key":"Lantern"}],"event_choices":[{"damage_healed":0,"gold_gain":175,"player_choice":"AGREE","damage_taken":0,"max_hp_gain":0,"max_hp_loss":0,"event_name":"Liars Game","floor":5,"gold_loss":0,"cards_obtained":["Doubt"]},{"cards_removed":["Doubt"],"damage_healed":0,"gold_gain":0,"player_choice":"Card Removal","damage_taken":0,"max_hp_gain":0,"max_hp_loss":0,"event_name":"The Cleric","floor":7,"gold_loss":50},{"damage_healed":0,"gold_gain":0,"player_choice":"Bought 0 Potions","damage_taken":0,"max_hp_gain":0,"max_hp_loss":0,"event_name":"The Woman in Blue","floor":19,"gold_loss":0},{"damage_healed":0,"gold_gain":0,"player_choice":"Upgraded","damage_taken":0,"max_hp_gain":0,"max_hp_loss":0,"event_name":"Upgrade Shrine","floor":30,"gold_loss":0,"cards_upgraded":["Crystallizer"]},{"cards_removed":["Strike_B"],"damage_healed":0,"gold_gain":0,"player_choice":"Card Removal","damage_taken":0,"max_hp_gain":0,"max_hp_loss":0,"event_name":"Wheel of Change","floor":38,"gold_loss":0}],"is_beta":false,"boss_relics":[{"not_picked":["Replay:Grab Bag","Inserter"],"picked":"Fusion Hammer"},{"not_picked":["Velvet Choker","SlaversCollar"],"picked":"Coffee Dripper"}],"items_purged_floors":[],"is_endless":false,"potions_floor_spawned":[12,13,14,21,22,25,36,39],"killed_by":"Reptomancer","ascension_level":3}}