{"host":"k85tjwrh7mjrrc9a","time":1609278506,"event":{"mods":["AchievementEnabler","BaseMod","Colored Powertips","Highlight Path","Minty Spire (QoL Compilation)","Rare Cards Sparkle","StSLib"],"gold_per_floor":[113,113,213,231,130,159,159,176,176,176,191,191,191,208,208,311,311,291,309,0,15,30,30,30,46,46,75,75,0,0,0,0,98,98,108,128,128,128],"floor_reached":37,"playtime":1862,"items_purged":["Regret"],"score":408,"play_id":"53c4ed67-b001-4ee5-a2a0-9ec756fcee0c","local_time":"20201229164826","is_ascension_mode":true,"campfire_choices":[{"floor":7,"key":"REST"},{"data":"Zap","floor":10,"key":"SMITH"},{"data":"Static Discharge","floor":13,"key":"SMITH"},{"floor":15,"key":"REST"},{"floor":23,"key":"REST"},{"floor":28,"key":"REST"},{"data":"Turbo","floor":30,"key":"SMITH"},{"data":"Creative AI","floor":32,"key":"SMITH"}],"circlet_count":0,"master_deck":["Strike_B+1","Defend_B","Defend_B","Defend_B","Defend_B","Zap+1","Dualcast","Beam Cell","Static Discharge+1","Turbo+1","Compile Driver+1","Rebound","Auto Shields","Creative AI+1","Gash","Skim","Defragment","Flash of Steel","Go for the Eyes+1","Leap","Consume+1","Loop+1","Electrodynamics","Ball Lightning+1","Coolheaded+1"],"relics":["Cracked Core","Ice Cream","Eternal Feather","TungstenRod","The Courier","Black Star","Bottled Tornado","Whetstone","Molten Egg 2","Toxic Egg 2","Empty Cage"],"acts_visited":["Exordium","TheCity","TheBeyond"],"potions_floor_usage":[22,27,27],"damage_taken":[{"damage":1,"enemies":"Jaw Worm","floor":1,"turns":4},{"damage":0,"enemies":"2 Louse","floor":4,"turns":2},{"damage":63,"enemies":"Gremlin Nob","floor":6,"turns":5},{"damage":0,"enemies":"Cultist","floor":8,"turns":3},{"damage":0,"enemies":"Large Slime","floor":11,"turns":4},{"damage":5,"enemies":"2 Fungi Beasts","floor":14,"turns":2},{"damage":25,"enemies":"Hexaghost","floor":16,"turns":6},{"damage":18,"enemies":"2 Thieves","floor":18,"turns":4},{"damage":18,"enemies":"Spheric Guardian","floor":19,"turns":3},{"damage":15,"enemies":"Snake Plant","floor":21,"turns":3},{"damage":14,"enemies":"Cultist and Chosen","floor":22,"turns":4},{"damage":28,"enemies":"Centurion and Healer","floor":25,"turns":3},{"damage":12,"enemies":"Slavers","floor":27,"turns":4},{"damage":61,"enemies":"Automaton","floor":33,"turns":8},{"damage":13,"enemies":"3 Shapes","floor":35,"turns":3},{"damage":23,"enemies":"3 Darklings","floor":36,"turns":2},{"damage":38,"enemies":"Jaw Worm Horde","floor":37,"turns":4}],"seed_played":"-9200968848072403879","potions_obtained":[{"floor":6,"key":"SkillPotion"},{"floor":16,"key":"AttackPotion"},{"floor":18,"key":"GamblersBrew"},{"floor":25,"key":"FairyPotion"},{"floor":36,"key":"Strength Potion"}],"is_trial":false,"path_per_floor":["M","?","?","M","$","E","R","M","T","R","M","?","R","M","R","B",null,"M","M","$","M","M","R","?","M","T","E","R","?","R","$","R","B",null,"M","M","M"],"character_chosen":"DEFECT","items_purchased":["Turbo","Defragment","Flash of Steel","Bottled Tornado"],"campfire_rested":4,"item_purchase_floors":[5,20,20,20],"current_hp_per_floor":[67,67,67,67,67,4,30,30,30,39,39,33,39,34,63,38,68,50,32,32,17,3,35,35,7,7,19,51,51,63,63,68,7,68,55,32,0,0],"gold":128,"neow_bonus":"ONE_RARE_RELIC","is_daily":false,"chose_seed":false,"campfire_upgraded":4,"win_rate":0.0,"timestamp":1609278506,"path_taken":["M","?","?","?","$","E","R","M","T","R","M","?","R","M","R","BOSS","M","M","$","M","M","R","?","M","T","E","R","?","R","?","R","BOSS","M","M","M"],"items_purchased_type":["Card","Card","Card","Relic"],"build_version":"2020-12-22","purchased_purges":1,"victory":false,"max_hp_per_floor":[68,68,68,68,68,68,68,68,68,68,68,68,68,68,68,68,68,68,68,68,68,68,68,68,68,68,68,68,68,68,68,68,68,68,68,68,68,68],"card_choices":[{"not_picked":["Capacitor","Steam"],"picked":"Beam Cell","floor":1},{"not_picked":["Cold Snap","Coolheaded"],"picked":"Static Discharge","floor":4},{"not_picked":["Barrage","All For One"],"picked":"Compile Driver","floor":6},{"not_picked":["Hello World","Double Energy"],"picked":"Rebound","floor":8},{"not_picked":["Stack","Force Field","Aggregate"],"picked":"SKIP","floor":11},{"not_picked":["Glacier","Heatsinks"],"picked":"Auto Shields","floor":14},{"not_picked":["Buffer","Echo Form"],"picked":"Creative AI","floor":16},{"not_picked":["Force Field","Coolheaded"],"picked":"Gash","floor":18},{"not_picked":["Ball Lightning","Conserve Battery"],"picked":"Skim","floor":19},{"not_picked":["Force Field","Self Repair"],"picked":"Go for the Eyes+1","floor":21},{"not_picked":["Fission","Undo+1"],"picked":"Leap","floor":22},{"not_picked":["Cold Snap","Undo"],"picked":"Consume+1","floor":25},{"not_picked":["Gash+1","Heatsinks"],"picked":"Loop+1","floor":27},{"not_picked":["All For One+1","Creative AI"],"picked":"Electrodynamics","floor":33},{"not_picked":["Turbo+1","Beam Cell+1"],"picked":"Ball Lightning+1","floor":35},{"not_picked":["Scrape+1","Leap+1"],"picked":"Coolheaded+1","floor":36}],"player_experience":94287,"relics_obtained":[{"floor":6,"key":"TungstenRod"},{"floor":9,"key":"The Courier"},{"floor":26,"key":"Whetstone"},{"floor":27,"key":"Molten Egg 2"},{"floor":27,"key":"Toxic Egg 2"}],"event_choices":[{"damage_healed":0,"gold_gain":0,"player_choice":"Box","damage_taken":0,"relics_obtained":["Eternal Feather"],"max_hp_gain":0,"max_hp_loss":0,"event_name":"Big Fish","floor":2,"gold_loss":0,"cards_obtained":["Regret"]},{"damage_healed":0,"gold_gain":100,"player_choice":"Pray","damage_taken":0,"max_hp_gain":0,"max_hp_loss":0,"event_name":"Golden Shrine","floor":3,"gold_loss":0},{"cards_removed":["Strike_B"],"damage_healed":0,"gold_gain":0,"player_choice":"Card Removal","damage_taken":7,"max_hp_gain":0,"max_hp_loss":0,"event_name":"Golden Wing","floor":12,"gold_loss":0},{"damage_healed":0,"gold_gain":0,"player_choice":"Ignored","damage_taken":0,"max_hp_gain":0,"max_hp_loss":0,"event_name":"Ghosts","floor":24,"gold_loss":0},{"damage_healed":0,"gold_gain":0,"player_choice":"Paid Fearfully","damage_taken":0,"max_hp_gain":0,"max_hp_loss":0,"event_name":"Masked Bandits","floor":29,"gold_loss":75}],"is_beta":false,"boss_relics":[{"not_picked":["Tiny House","Runic Pyramid"],"picked":"Black Star"},{"not_picked":["Runic Dome","Coffee Dripper"],"picked":"Empty Cage"}],"items_purged_floors":[5],"is_endless":false,"potions_floor_spawned":[6,16,18,19,25,36],"killed_by":"Jaw Worm Horde","ascension_level":1}}