{"host":"m77rrhbqzv44va4v","time":1609217937,"event":{"mods":["AchievementEnabler","BaseMod","Colored Map","DeckTracker","Keyboard Shortcuts","Minty Spire (QoL Compilation)","StSLib","SuperFastMode","everything is the same but u backflip on backflip"],"gold_per_floor":[118,135,151,166,178,203,203,203,228,239,239,252,269,286,286,286,286],"floor_reached":16,"playtime":409,"items_purged":[],"score":189,"play_id":"76cf76c7-e7e0-45cf-b570-7af495b17c5b","local_time":"20201229135857","is_ascension_mode":true,"campfire_choices":[{"data":"Bloodletting","floor":7,"key":"SMITH"},{"floor":11,"key":"REST"},{"floor":15,"key":"REST"}],"circlet_count":0,"master_deck":["AscendersBane","Strike_R","Strike_R","Strike_R","Strike_R","Defend_R+1","Defend_R","Defend_R","Defend_R","Bash","Clothesline","Power Through+1","Bloodletting+1","Inflame","Heavy Blade","Shrug It Off"],"relics":["Burning Blood","Omamori","War Paint"],"acts_visited":["Exordium"],"potions_floor_usage":[6,10,14,14],"damage_taken":[{"damage":0,"enemies":"Small Slimes","floor":1,"turns":3},{"damage":7,"enemies":"Cultist","floor":2,"turns":4},{"damage":8,"enemies":"2 Louse","floor":3,"turns":2},{"damage":10,"enemies":"Red Slaver","floor":4,"turns":4},{"damage":21,"enemies":"Lots of Slimes","floor":5,"turns":6},{"damage":39,"enemies":"Lagavulin","floor":6,"turns":10},{"damage":25,"enemies":"Exordium Thugs","floor":10,"turns":9},{"damage":8,"enemies":"Large Slime","floor":12,"turns":6},{"damage":3,"enemies":"Blue Slaver","floor":13,"turns":3},{"damage":20,"enemies":"Gremlin Gang","floor":14,"turns":5},{"damage":54,"enemies":"Slime Boss","floor":16,"turns":9}],"seed_played":"-6990831895353051136","potions_obtained":[{"floor":4,"key":"BloodPotion"},{"floor":5,"key":"SpeedPotion"},{"floor":6,"key":"DuplicationPotion"},{"floor":12,"key":"FearPotion"}],"is_trial":false,"path_per_floor":["M","M","M","M","M","E","R","?","T","M","R","M","M","M","R","B"],"character_chosen":"IRONCLAD","items_purchased":[],"campfire_rested":2,"item_purchase_floors":[],"current_hp_per_floor":[70,69,67,63,48,32,32,32,32,13,39,37,40,26,52,0,0],"gold":286,"neow_bonus":"TWENTY_PERCENT_HP_BONUS","is_daily":false,"chose_seed":false,"campfire_upgraded":1,"win_rate":0.0,"timestamp":1609217937,"path_taken":["M","M","M","M","M","E","R","?","T","M","R","M","M","?","R","BOSS"],"items_purchased_type":[],"build_version":"2020-12-22","purchased_purges":0,"victory":false,"max_hp_per_floor":[89,89,89,89,89,89,89,89,89,89,89,89,89,89,89,89,89],"card_choices":[{"not_picked":["Armaments","Sentinel"],"picked":"Clothesline","floor":1},{"not_picked":["Anger","Flame Barrier"],"picked":"Power Through","floor":2},{"not_picked":["Heavy Blade","Clothesline"],"picked":"Bloodletting","floor":3},{"not_picked":["Perfected Strike","Dual Wield","Clothesline"],"picked":"SKIP","floor":4},{"not_picked":["Flex","Perfected Strike","Clash"],"picked":"SKIP","floor":5},{"not_picked":["Corruption","Dark Embrace","Clothesline"],"picked":"SKIP","floor":6},{"not_picked":["Pummel","Dual Wield"],"picked":"Inflame","floor":10},{"not_picked":["Bloodletting","Clothesline"],"picked":"Heavy Blade","floor":12},{"not_picked":["Armaments","Hemokinesis"],"picked":"Shrug It Off","floor":13},{"not_picked":["Anger","Heavy Blade","Spot Weakness"],"picked":"SKIP","floor":14}],"player_experience":836810,"relics_obtained":[{"floor":6,"key":"Omamori"},{"floor":9,"key":"War Paint"}],"event_choices":[{"cards_removed":["Strike_R"],"damage_healed":0,"gold_gain":0,"player_choice":"Offered Basic","damage_taken":0,"max_hp_gain":0,"max_hp_loss":0,"event_name":"Bonfire Elementals","floor":8,"gold_loss":0}],"is_beta":false,"boss_relics":[],"items_purged_floors":[],"is_endless":false,"potions_floor_spawned":[4,5,6,12],"killed_by":"Slime Boss","ascension_level":15}}