{"host":"utqe55yv0jihe4d6","time":1609252143,"event":{"mods":["2.2 Compatiblity","AchievementEnabler","BaseMod","Block Reminder","Colored Map","Colored Powertips","Minty Spire (QoL Compilation)","Quick Restart","Rare Cards Sparkle","Relic Stats","SuperFastMode"],"gold_per_floor":[118,131,145,145,162,187,187,201,201,233,253,253,281,294,294,373,373,390,405,440,440,490,490,522,534,598,629,703,231,319,29,29,29,29],"floor_reached":33,"playtime":1883,"items_purged":["Strike_P"],"score":658,"play_id":"8057d078-2db9-4867-a039-f27bc6aebab1","local_time":"20201229092903","is_ascension_mode":true,"campfire_choices":[{"floor":7.0,"key":"REST"},{"floor":12.0,"key":"REST"},{"data":"CrushJoints","floor":15.0,"key":"SMITH"},{"floor":23,"key":"REST"},{"floor":25,"key":"REST"},{"floor":32,"key":"REST"}],"circlet_count":0,"master_deck":["AscendersBane","Strike_P","Strike_P","Strike_P","Defend_P","Defend_P+1","Defend_P","Defend_P+1","Eruption+1","Vigilance+1","Wallop+1","Conclude+1","EmptyFist+1","CrushJoints+1","ThirdEye+1","MentalFortress","Sanctity","LessonLearned+1","Wish+1","Tantrum","ForeignInfluence+1","Consecrate","Ragnarok","Halt+1","Thinking Ahead","WheelKick+1","Wireheading","JustLucky"],"relics":["Runic Pyramid","Lantern","Yang","InkBottle","Smiling Mask","Fusion Hammer","MawBank","CeramicFish","Omamori","Calipers","Sling"],"acts_visited":["Exordium","TheCity"],"potions_floor_usage":[24,30,30],"damage_taken":[{"damage":0.0,"enemies":"Cultist","floor":1.0,"turns":3.0},{"damage":4.0,"enemies":"Small Slimes","floor":2.0,"turns":3.0},{"damage":5.0,"enemies":"Jaw Worm","floor":3.0,"turns":5.0},{"damage":11.0,"enemies":"3 Louse","floor":5.0,"turns":4.0},{"damage":16.0,"enemies":"Gremlin Nob","floor":6.0,"turns":4.0},{"damage":4.0,"enemies":"Red Slaver","floor":8.0,"turns":2.0},{"damage":5.0,"enemies":"Lagavulin","floor":10.0,"turns":5.0},{"damage":7.0,"enemies":"Exordium Thugs","floor":11.0,"turns":4.0},{"damage":1.0,"enemies":"Gremlin Nob","floor":13.0,"turns":3.0},{"damage":0.0,"enemies":"2 Fungi Beasts","floor":14.0,"turns":3.0},{"damage":21.0,"enemies":"The Guardian","floor":16.0,"turns":13.0},{"damage":2.0,"enemies":"Spheric Guardian","floor":18.0,"turns":4.0},{"damage":4,"enemies":"Shell Parasite","floor":19,"turns":4},{"damage":10,"enemies":"Snecko","floor":20,"turns":6},{"damage":3,"enemies":"3 Cultists","floor":22,"turns":4},{"damage":16,"enemies":"Book of Stabbing","floor":24,"turns":4},{"damage":20,"enemies":"Shelled Parasite and Fungi","floor":27,"turns":3},{"damage":30,"enemies":"Gremlin Leader","floor":28,"turns":5},{"damage":9,"enemies":"Slavers","floor":30,"turns":4},{"damage":26,"enemies":"Collector","floor":33,"turns":7}],"seed_played":"-7345403015290936898","potions_obtained":[{"floor":1.0,"key":"ColorlessPotion"},{"floor":3.0,"key":"BlessingOfTheForge"},{"floor":8.0,"key":"BottledMiracle"},{"floor":19,"key":"Explosive Potion"},{"floor":21,"key":"AttackPotion"},{"floor":24,"key":"SmokeBomb"},{"floor":30,"key":"Block Potion"}],"is_trial":false,"path_per_floor":["M","M","M","?","M","E","R","M","T","E","M","R","E","M","R","B",null,"M","M","M","?","M","R","E","R","T","M","E","$","E","$","R","B"],"character_chosen":"WATCHER","items_purchased":["Omamori","LiquidMemories","Thinking Ahead","Sling","Wireheading","JustLucky"],"campfire_rested":5,"item_purchase_floors":[29,29,29,31,31,31],"current_hp_per_floor":[61,57,52,52,41,25,45,41,41,36,29,49,48,48,48,27,58,56,52,42,42,39,59,43,63,63,43,13,13,4,4,24,0,0],"gold":29,"neow_bonus":"BOSS_RELIC","is_daily":false,"chose_seed":false,"campfire_upgraded":1,"win_rate":0.0,"timestamp":1609252143,"path_taken":["M","M","M","?","M","E","R","M","T","E","M","R","E","M","R","BOSS","M","M","M","?","M","R","E","R","T","M","E","?","E","$","R","BOSS"],"items_purchased_type":["Relic","Potion","Card","Relic","Card","Card"],"build_version":"2020-12-22","purchased_purges":1,"victory":false,"max_hp_per_floor":[68,68,68,68,68,68,68,68,68,68,68,68,68,68,68,68,68,68,68,68,68,68,68,68,68,68,68,68,68,68,68,68,68,68],"relic_stats":{"counters":[20,90],"CeramicFish":36,"Yang":[139],"Smiling Mask":25,"MawBank":60,"obtain_stats":[{"Lantern":6,"Calipers":30,"CeramicFish":28,"Yang":9,"Fusion Hammer":17,"Omamori":29,"PureWater":0,"Smiling Mask":13,"MawBank":24,"Sling":31,"InkBottle":10,"Runic Pyramid":0},{"Lantern":5,"Calipers":19,"CeramicFish":18,"Yang":6,"Fusion Hammer":11,"Omamori":18,"PureWater":0,"Smiling Mask":9,"MawBank":16,"Sling":19,"InkBottle":7,"Runic Pyramid":0},{"Lantern":19,"Calipers":83,"CeramicFish":79,"Yang":21,"Fusion Hammer":49,"Omamori":79,"PureWater":0,"Smiling Mask":33,"MawBank":71,"Sling":83,"InkBottle":26,"Runic Pyramid":0}],"InkBottle":[22]},"card_choices":[{"not_picked":["CarveReality","FearNoEvil"],"picked":"Wallop","floor":1.0},{"not_picked":["SashWhip","Perseverance"],"picked":"Conclude","floor":2.0},{"not_picked":["BattleHymn","ForeignInfluence","BowlingBash"],"picked":"SKIP","floor":3.0},{"not_picked":["Nirvana","Meditate"],"picked":"EmptyFist","floor":5.0},{"not_picked":["ClearTheMind","EmptyMind"],"picked":"CrushJoints","floor":6.0},{"not_picked":["WaveOfTheHand","JustLucky"],"picked":"ThirdEye","floor":8.0},{"not_picked":["DeceiveReality","EmptyMind"],"picked":"MentalFortress","floor":10.0},{"not_picked":["ThirdEye","BattleHymn","Pray"],"picked":"SKIP","floor":11.0},{"not_picked":["Evaluate","Protect"],"picked":"Sanctity","floor":13.0},{"not_picked":["CrushJoints","Evaluate"],"picked":"LessonLearned","floor":14.0},{"not_picked":["Scrawl","Brilliance"],"picked":"Wish","floor":16.0},{"not_picked":["ThirdEye","MentalFortress+1"],"picked":"Tantrum","floor":18.0},{"not_picked":["Protect+1","SignatureMove"],"picked":"ForeignInfluence+1","floor":19},{"not_picked":["Tantrum+1","ThirdEye"],"picked":"Consecrate","floor":20},{"not_picked":["ForeignInfluence","FlurryOfBlows+1"],"picked":"Ragnarok","floor":22},{"not_picked":["Tantrum","SandsOfTime"],"picked":"Halt+1","floor":24},{"not_picked":["CrushJoints","FlurryOfBlows","Consecrate+1"],"picked":"SKIP","floor":27},{"not_picked":["BowlingBash","EmptyFist+1","EmptyBody"],"picked":"SKIP","floor":28},{"not_picked":["SashWhip","InnerPeace"],"picked":"WheelKick+1","floor":30}],"player_experience":2889684,"relics_obtained":[{"floor":6.0,"key":"Lantern"},{"floor":9.0,"key":"Yang"},{"floor":10.0,"key":"InkBottle"},{"floor":13.0,"key":"Smiling Mask"},{"floor":24,"key":"MawBank"},{"floor":28,"key":"CeramicFish"},{"floor":30,"key":"Calipers"}],"event_choices":[{"damage_healed":0.0,"max_hp_gain":0.0,"max_hp_loss":0.0,"gold_gain":0.0,"event_name":"Living Wall","player_choice":"Grow","floor":4.0,"gold_loss":0.0,"damage_taken":0.0,"cards_upgraded":["Eruption"]},{"damage_healed":0,"gold_gain":0,"player_choice":"Got Potions","damage_taken":0,"max_hp_gain":0,"max_hp_loss":0,"event_name":"Lab","floor":21,"gold_loss":0}],"is_beta":false,"boss_relics":[{"not_picked":["Black Star","Calling Bell"],"picked":"Fusion Hammer"}],"items_purged_floors":[29],"is_endless":false,"potions_floor_spawned":[1,3,8,10,11,19,24,30],"killed_by":"Collector","ascension_level":20}}