{"host":"naykp6d9ulahlwib","time":1609208736,"event":{"mods":["BaseMod","Highlight Path","Minty Spire (QoL Compilation)","Shop Mod","StSLib"],"gold_per_floor":[118,193,193,212,34,34,45,45,45,45,55,55,55,85,85,159,209,222,222,222,147,175,203,217,217,217,217,228,248,248,263,263,337,337,355,380,380,392,61,61,72,72,72,72,72,72,92,112,112,112],"floor_reached":51,"playtime":4616,"items_purged":["Strike_G","Strike_G"],"score":1152,"play_id":"247e3184-4d92-4d4d-a3fd-d63c9bd17d5c","local_time":"20201228202536","is_ascension_mode":true,"campfire_choices":[{"data":"Apotheosis","floor":8.0,"key":"SMITH"},{"floor":13.0,"key":"REST"},{"floor":15.0,"key":"REST"},{"data":"Footwork","floor":27.0,"key":"SMITH"},{"data":"Accuracy","floor":30.0,"key":"SMITH"},{"floor":32.0,"key":"REST"},{"floor":40.0,"key":"REST"},{"floor":42.0,"key":"RECALL"},{"floor":44.0,"key":"REST"},{"floor":46.0,"key":"REST"},{"floor":49.0,"key":"REST"}],"circlet_count":0,"master_deck":["AscendersBane","Strike_G","Defend_G","Defend_G","Defend_G","Defend_G","Survivor","Neutralize","Die Die Die","Apotheosis+1","Calculated Gamble","Blade Dance","Die Die Die+1","Cloak And Dagger","Die Die Die","Skewer","Cloak And Dagger","Accuracy+1","Footwork+1","Blur","Burst","Adrenaline+1","Infinite Blades","Footwork","Blade Dance","Burst"],"relics":["Ring of the Snake","Shuriken","Ornamental Fan","Orichalcum","Tiny House","Red Mask","InkBottle","Fusion Hammer","Gambling Chip","HornCleat"],"acts_visited":["Exordium","TheCity","TheBeyond"],"potions_floor_usage":[],"damage_taken":[{"damage":0.0,"enemies":"Jaw Worm","floor":1.0,"turns":5.0},{"damage":0.0,"enemies":"Small Slimes","floor":4.0,"turns":4.0},{"damage":0.0,"enemies":"2 Louse","floor":7.0,"turns":2.0},{"damage":0.0,"enemies":"Exordium Thugs","floor":11.0,"turns":4.0},{"damage":10.0,"enemies":"Gremlin Nob","floor":14.0,"turns":4.0},{"damage":6.0,"enemies":"Hexaghost","floor":16.0,"turns":9.0},{"damage":2.0,"enemies":"3 Byrds","floor":18.0,"turns":3.0},{"damage":0.0,"enemies":"Masked Bandits","floor":22.0,"turns":1.0},{"damage":0.0,"enemies":"Slavers","floor":23.0,"turns":4.0},{"damage":4.0,"enemies":"2 Thieves","floor":24.0,"turns":3.0},{"damage":6.0,"enemies":"Snake Plant","floor":28.0,"turns":6.0},{"damage":0.0,"enemies":"Sentry and Sphere","floor":29.0,"turns":4.0},{"damage":13.0,"enemies":"Centurion and Healer","floor":31.0,"turns":5.0},{"damage":2.0,"enemies":"Champ","floor":33.0,"turns":9.0},{"damage":0.0,"enemies":"Orb Walker","floor":35.0,"turns":3.0},{"damage":0.0,"enemies":"Mind Bloom Boss Battle","floor":36.0,"turns":3.0},{"damage":20.0,"enemies":"3 Darklings","floor":38.0,"turns":4.0},{"damage":0.0,"enemies":"Sphere and 2 Shapes","floor":41.0,"turns":2.0},{"damage":0.0,"enemies":"Writhing Mass","floor":47.0,"turns":7.0},{"damage":0.0,"enemies":"Transient","floor":48.0,"turns":5.0},{"damage":9,"enemies":"Awakened One","floor":50,"turns":8}],"seed_played":"-178024057106500875","potions_obtained":[{"floor":7.0,"key":"Weak Potion"},{"floor":11.0,"key":"LiquidBronze"},{"floor":14.0,"key":"PowerPotion"},{"floor":17.0,"key":"SkillPotion"},{"floor":23.0,"key":"Fire Potion"},{"floor":24.0,"key":"SpeedPotion"},{"floor":35.0,"key":"CunningPotion"}],"is_trial":false,"path_per_floor":["M","?","T","M","$","?","M","R","T","?","M","?","R","E","R","B",null,"M","?","?","$","?","E","M","?","T","R","M","M","R","M","R","B",null,"M","?","?","M","$","R","M","R","T","R","?","R","M","M","R","B",null],"character_chosen":"THE_SILENT","items_purchased":["Apotheosis","Footwork","Blade Dance","FairyPotion"],"campfire_rested":7,"item_purchase_floors":[5,39,39,39],"current_hp_per_floor":[44,33,33,33,33,33,33,33,33,33,33,33,52,42,61,55,68,66,66,66,66,66,66,62,62,62,62,56,56,56,43,64,62,69,69,69,69,49,49,70,70,70,70,71,71,71,71,71,71,62],"gold":112,"neow_bonus":"THREE_RARE_CARDS","is_daily":false,"chose_seed":false,"campfire_upgraded":3,"win_rate":0.0,"timestamp":1609208736,"path_taken":["M","?","?","M","$","?","?","R","T","?","M","?","R","E","R","BOSS","M","?","?","$","?","E","M","?","T","R","?","?","R","M","R","BOSS","M","?","?","M","$","R","?","R","T","R","?","R","M","M","R","BOSS"],"items_purchased_type":["Card","Card","Card","Potion"],"build_version":"2020-12-22","purchased_purges":2,"victory":true,"max_hp_per_floor":[66,66,66,66,66,66,66,66,66,66,66,66,66,66,66,66,71,71,71,71,71,71,71,71,71,71,71,71,71,71,71,71,71,71,71,71,71,71,71,71,71,71,71,71,71,71,71,71,71,71],"card_choices":[{"not_picked":["Glass Knife","Tools of the Trade"],"picked":"Die Die Die","floor":0.0},{"not_picked":["Flying Knee","Deflect","Crippling Poison"],"picked":"SKIP","floor":1.0},{"not_picked":["Slice","Dagger Spray","Dodge and Roll"],"picked":"SKIP","floor":4.0},{"not_picked":["Dagger Throw","Riddle With Holes"],"picked":"Calculated Gamble","floor":7.0},{"not_picked":["Deflect","Dodge and Roll"],"picked":"Blade Dance","floor":11.0},{"not_picked":["Caltrops","Quick Slash","Bouncing Flask"],"picked":"SKIP","floor":14.0},{"not_picked":["Night Terror","Storm of Steel"],"picked":"Die Die Die","floor":16.0},{"not_picked":["Outmaneuver","Deadly Poison"],"picked":"Cloak And Dagger","floor":17.0},{"not_picked":["Underhanded Strike","Backflip+1","Slice"],"picked":"SKIP","floor":18.0},{"not_picked":["Dagger Spray","Backflip"],"picked":"Cloak And Dagger","floor":22.0},{"not_picked":["Endless Agony","Dodge and Roll"],"picked":"Accuracy","floor":23.0},{"not_picked":["Catalyst","Flechettes"],"picked":"Footwork","floor":24.0},{"not_picked":["Deflect","Flechettes","Outmaneuver"],"picked":"SKIP","floor":28.0},{"not_picked":["Flying Knee","PiercingWail"],"picked":"Blur","floor":29.0},{"not_picked":["Bane","Cloak And Dagger"],"picked":"Burst","floor":31.0},{"not_picked":["Grand Finale","Storm of Steel"],"picked":"Adrenaline","floor":33.0},{"not_picked":["Endless Agony","Outmaneuver+1","Slice"],"picked":"SKIP","floor":35.0},{"not_picked":["Distraction+1","Sucker Punch"],"picked":"Infinite Blades","floor":38.0},{"not_picked":["Endless Agony","Bane+1","Outmaneuver"],"picked":"SKIP","floor":41.0},{"not_picked":["Dash","Dagger Spray","Venomology"],"picked":"SKIP","floor":47.0},{"not_picked":["Sucker Punch","Distraction","Underhanded Strike+1"],"picked":"SKIP","floor":48.0}],"player_experience":915879,"relics_obtained":[{"floor":3.0,"key":"Shuriken"},{"floor":9.0,"key":"Ornamental Fan"},{"floor":14.0,"key":"Orichalcum"},{"floor":22.0,"key":"Red Mask"},{"floor":26.0,"key":"InkBottle"},{"floor":36.0,"key":"Gambling Chip"},{"floor":43.0,"key":"HornCleat"}],"event_choices":[{"damage_healed":0.0,"max_hp_gain":0.0,"max_hp_loss":0.0,"gold_gain":75.0,"event_name":"World of Goop","player_choice":"Gather Gold","floor":2.0,"gold_loss":0.0,"damage_taken":11.0},{"damage_healed":0.0,"max_hp_gain":0.0,"max_hp_loss":0.0,"gold_gain":0.0,"event_name":"Scrap Ooze","player_choice":"Fled","floor":6.0,"gold_loss":0.0,"damage_taken":0.0},{"damage_healed":0.0,"max_hp_gain":0.0,"max_hp_loss":0.0,"gold_gain":0.0,"event_name":"Liars Game","player_choice":"Ignored","floor":10.0,"gold_loss":0.0,"damage_taken":0.0},{"cards_removed":["Strike_G"],"damage_healed":0.0,"max_hp_gain":0.0,"max_hp_loss":0.0,"gold_gain":0.0,"event_name":"Living Wall","player_choice":"Forget","floor":12.0,"gold_loss":0.0,"damage_taken":0.0},{"damage_healed":0.0,"max_hp_gain":0.0,"max_hp_loss":0.0,"gold_gain":0.0,"cards_transformed":["Strike_G","Defend_G"],"event_name":"Drug Dealer","player_choice":"Became Test Subject","floor":20.0,"gold_loss":0.0,"damage_taken":0.0,"cards_obtained":["Die Die Die","Skewer"]},{"damage_healed":0.0,"max_hp_gain":0.0,"max_hp_loss":0.0,"gold_gain":0.0,"event_name":"Masked Bandits","player_choice":"Fought Bandits","floor":22.0,"gold_loss":0.0,"damage_taken":0.0},{"damage_healed":0.0,"max_hp_gain":0.0,"max_hp_loss":0.0,"gold_gain":0.0,"event_name":"Ghosts","player_choice":"Ignored","floor":25.0,"gold_loss":0.0,"damage_taken":0.0},{"damage_healed":0.0,"max_hp_gain":0.0,"max_hp_loss":0.0,"gold_gain":0.0,"event_name":"MindBloom","player_choice":"Fight","floor":36.0,"gold_loss":0.0,"damage_taken":0.0},{"damage_healed":0.0,"max_hp_gain":0.0,"max_hp_loss":0.0,"gold_gain":0.0,"event_name":"Upgrade Shrine","player_choice":"Upgraded","floor":37.0,"gold_loss":0.0,"damage_taken":0.0,"cards_upgraded":["Adrenaline"]},{"damage_healed":0.0,"max_hp_gain":0.0,"max_hp_loss":0.0,"gold_gain":0.0,"event_name":"Duplicator","player_choice":"Copied","floor":45.0,"gold_loss":0.0,"damage_taken":0.0,"cards_obtained":["Burst"]}],"is_beta":false,"boss_relics":[{"not_picked":["Calling Bell","Pandora\u0027s Box"],"picked":"Tiny House"},{"not_picked":["Busted Crown","Ring of the Serpent"],"picked":"Fusion Hammer"}],"items_purged_floors":[21,39],"is_endless":false,"potions_floor_spawned":[7,11,14,18,23,24,35,41,48],"ascension_level":14}}