{"host":"981nlwu0905dw1bz","time":1609271874,"event":{"mods":["BaseMod","DeckTracker","Minty Spire (QoL Compilation)","Rare Cards Sparkle","SuperFastMode"],"gold_per_floor":[109,61,80,95,95,121,121,121,144,162,6,6,31,49,49,148,148,164,183,26,26,26],"floor_reached":21,"playtime":852,"items_purged":[],"score":208,"play_id":"da99280f-7d32-4fe8-a242-14109cc87317","local_time":"20201230045754","is_ascension_mode":true,"campfire_choices":[{"data":"Dramatic Entrance","floor":7.0,"key":"SMITH"},{"data":"PathToVictory","floor":12,"key":"SMITH"},{"floor":15,"key":"REST"}],"circlet_count":0,"master_deck":["Strike_P","Strike_P","Strike_P","Strike_P","Defend_P","Defend_P","Defend_P","Defend_P","Eruption","Vigilance","Dramatic Entrance+1","Halt","EmptyBody","ReachHeaven+1","LikeWater","Madness","Weave","PathToVictory+1","FearNoEvil","Wish","Worship+1","Pray"],"relics":["PureWater","Happy Flower","Boot","Blood Vial","Torii","SlaversCollar","Orichalcum"],"acts_visited":["Exordium","TheCity"],"potions_floor_usage":[19],"damage_taken":[{"damage":0.0,"enemies":"Jaw Worm","floor":1.0,"turns":2.0},{"damage":0.0,"enemies":"Small Slimes","floor":3.0,"turns":2.0},{"damage":0.0,"enemies":"Cultist","floor":4.0,"turns":3.0},{"damage":14.0,"enemies":"Gremlin Nob","floor":6.0,"turns":3.0},{"damage":0,"enemies":"3 Louse","floor":10,"turns":2},{"damage":18,"enemies":"Lagavulin","floor":13,"turns":5},{"damage":1,"enemies":"Red Slaver","floor":14,"turns":3},{"damage":21,"enemies":"The Guardian","floor":16,"turns":10},{"damage":47,"enemies":"Shell Parasite","floor":18,"turns":7},{"damage":24,"enemies":"2 Thieves","floor":19,"turns":4},{"damage":7,"enemies":"Centurion and Healer","floor":21,"turns":2}],"seed_played":"226159290252956870","potions_obtained":[{"floor":1.0,"key":"SteroidPotion"},{"floor":4.0,"key":"Explosive Potion"},{"floor":13,"key":"GamblersBrew"}],"is_trial":false,"path_per_floor":["M","?","M","M","?","E","R","?","T","M","$","R","E","M","R","B",null,"M","M","$","M"],"character_chosen":"WATCHER","items_purchased":["Blood Vial","Orichalcum"],"campfire_rested":1,"item_purchase_floors":[11,20],"current_hp_per_floor":[72,72,72,72,72,58,58,58,58,58,58,58,42,43,64,45,72,25,3,3,0,0],"gold":26,"neow_bonus":"RANDOM_COLORLESS","is_daily":false,"chose_seed":false,"campfire_upgraded":2,"win_rate":0.0,"timestamp":1609271874,"path_taken":["M","?","M","M","?","E","R","?","T","M","$","R","E","M","R","BOSS","M","?","$","M"],"items_purchased_type":["Relic","Relic"],"build_version":"2020-12-22","purchased_purges":0,"victory":false,"max_hp_per_floor":[72,72,72,72,72,72,72,72,72,72,72,72,72,72,72,72,72,72,72,72,72,72],"card_choices":[{"not_picked":["Bandage Up","Jack Of All Trades"],"picked":"Dramatic Entrance","floor":0.0},{"not_picked":["WaveOfTheHand","Protect"],"picked":"Halt","floor":1.0},{"not_picked":["Consecrate","ThirdEye"],"picked":"EmptyBody","floor":3.0},{"not_picked":["EmptyBody","FlyingSleeves"],"picked":"ReachHeaven","floor":4.0},{"not_picked":["ThirdEye","Crescendo"],"picked":"LikeWater","floor":6.0},{"not_picked":["Vault","SashWhip"],"picked":"PathToVictory","floor":10},{"not_picked":["FlurryOfBlows","Ragnarok"],"picked":"FearNoEvil","floor":13},{"not_picked":["ThirdEye","FlyingSleeves","ForeignInfluence"],"picked":"SKIP","floor":14},{"not_picked":["Alpha","Brilliance"],"picked":"Wish","floor":16},{"not_picked":["FollowUp","ThirdEye"],"picked":"Worship+1","floor":18},{"not_picked":["WheelKick","Study+1"],"picked":"Pray","floor":19}],"player_experience":511877,"relics_obtained":[{"floor":6.0,"key":"Happy Flower"},{"floor":9,"key":"Boot"},{"floor":13,"key":"Torii"}],"event_choices":[{"damage_healed":0.0,"max_hp_gain":0.0,"max_hp_loss":0.0,"gold_gain":0.0,"event_name":"World of Goop","player_choice":"Left Gold","floor":2.0,"gold_loss":48.0,"damage_taken":0.0},{"damage_healed":0.0,"max_hp_gain":0.0,"max_hp_loss":0.0,"gold_gain":0.0,"event_name":"Living Wall","player_choice":"Grow","floor":5.0,"gold_loss":0.0,"damage_taken":0.0,"cards_upgraded":["ReachHeaven"]},{"damage_healed":0,"gold_gain":0,"player_choice":"2 cards matched","damage_taken":0,"max_hp_gain":0,"max_hp_loss":0,"event_name":"Match and Keep!","floor":8,"gold_loss":0,"cards_obtained":["Madness","Weave"]}],"is_beta":false,"boss_relics":[{"not_picked":["Velvet Choker","Cursed Key"],"picked":"SlaversCollar"}],"items_purged_floors":[],"is_endless":false,"potions_floor_spawned":[1,4,13],"killed_by":"Centurion and Healer","ascension_level":2}}