{"host":"sav7uxregyirlf69","time":1609242992,"event":{"mods":["AchievementEnabler","BaseMod","Colored Map","DeckTracker","Keyboard Shortcuts","Minty Spire (QoL Compilation)","READ ME - Guardian Mod","StSLib","SuperFastMode"],"gold_per_floor":[368,443,368,368,39,39,39,39,65,85,85,100,100,123,123,212,212,212],"floor_reached":17,"playtime":240,"items_purged":["Defend_G"],"score":286,"play_id":"fbaa367c-6243-4adc-9eb2-289d5996664f","local_time":"20201229205632","is_ascension_mode":true,"campfire_choices":[{"floor":6,"key":"REST"},{"data":"Neutralize","floor":8,"key":"SMITH"},{"data":"Escape Plan","floor":11,"key":"SMITH"},{"data":"Deadly Poison","floor":15,"key":"SMITH"}],"circlet_count":0,"master_deck":["AscendersBane","Survivor","Neutralize+1","Escape Plan+1","Deadly Poison+1","Catalyst","Burst","Tactician","After Image","Escape Plan","Corpse Explosion","Bouncing Flask","Noxious Fumes"],"relics":["Ring of the Snake","ClockworkSouvenir","Golden Idol","Tiny Chest","Pandora\u0027s Box"],"acts_visited":["Exordium","TheCity"],"potions_floor_usage":[16],"damage_taken":[{"damage":0,"enemies":"Jaw Worm","floor":1,"turns":6},{"damage":0,"enemies":"Small Slimes","floor":10,"turns":4},{"damage":0,"enemies":"2 Louse","floor":12,"turns":3},{"damage":11,"enemies":"Exordium Wildlife","floor":14,"turns":6},{"damage":1,"enemies":"Hexaghost","floor":16,"turns":9}],"seed_played":"168863813060563922","potions_obtained":[{"floor":10,"key":"LiquidMemories"},{"floor":12,"key":"Regen Potion"},{"floor":16,"key":"ColorlessPotion"}],"is_trial":false,"path_per_floor":["M","?","?","?","$","R","?","R","T","M","R","M","?","M","R","B",null],"character_chosen":"THE_SILENT","items_purchased":["ClockworkSouvenir","Escape Plan"],"campfire_rested":1,"item_purchase_floors":[5,5],"current_hp_per_floor":[44,33,33,13,13,32,32,32,32,32,32,32,32,21,21,20,50,50],"gold":212,"neow_bonus":"TWO_FIFTY_GOLD","is_daily":false,"chose_seed":true,"campfire_upgraded":3,"win_rate":0.0,"timestamp":1609242992,"path_taken":["M","?","?","?","$","R","?","R","T","?","R","M","?","M","R","BOSS"],"items_purchased_type":["Relic","Card"],"build_version":"2020-12-22","purchased_purges":1,"victory":false,"max_hp_per_floor":[66,66,66,66,66,66,60,60,60,60,60,60,60,60,60,60,60,60],"card_choices":[{"not_picked":["Bane","Skewer","Cloak And Dagger"],"picked":"SKIP","floor":1},{"not_picked":["Cloak And Dagger","Distraction","Concentrate"],"picked":"SKIP","floor":10},{"not_picked":["Deflect","Quick Slash"],"picked":"Deadly Poison","floor":12},{"not_picked":["Sucker Punch","Acrobatics","Infinite Blades"],"picked":"SKIP","floor":14}],"player_experience":1051701,"relics_obtained":[{"floor":9,"key":"Tiny Chest"}],"event_choices":[{"damage_healed":0,"gold_gain":75,"player_choice":"Gather Gold","damage_taken":11,"max_hp_gain":0,"max_hp_loss":0,"event_name":"World of Goop","floor":2,"gold_loss":0},{"cards_removed":["Strike_G"],"damage_healed":0,"gold_gain":0,"player_choice":"Card Removal","damage_taken":0,"max_hp_gain":0,"max_hp_loss":0,"event_name":"The Cleric","floor":3,"gold_loss":75},{"damage_healed":0,"gold_gain":0,"player_choice":"Entered Light","damage_taken":20,"max_hp_gain":0,"max_hp_loss":0,"event_name":"Shining Light","floor":4,"gold_loss":0,"cards_upgraded":["Defend_G","Defend_G"]},{"damage_healed":0,"gold_gain":0,"player_choice":"Lose Max HP","damage_taken":0,"relics_obtained":["Golden Idol"],"max_hp_gain":0,"max_hp_loss":6,"event_name":"Golden Idol","floor":7,"gold_loss":0},{"damage_healed":0,"gold_gain":0,"player_choice":"Searched \u00270\u0027 times","damage_taken":0,"max_hp_gain":0,"max_hp_loss":0,"event_name":"Dead Adventurer","floor":13,"gold_loss":0}],"is_beta":false,"boss_relics":[{"not_picked":["Runic Dome","Ring of the Serpent"],"picked":"Pandora\u0027s Box"}],"items_purged_floors":[5],"is_endless":false,"potions_floor_spawned":[10,12,16],"ascension_level":20}}