{"host":"19tvufa8xx4wr4o1","time":1609210090,"event":{"mods":["AchievementEnabler","BaseMod","Better Sensory Stone","Better Third Choice","Highlight Path","Minty Spire (QoL Compilation)","Relic Stats","StSLib"],"gold_per_floor":[359,371,303,317,194,194,219,184,207,232,243,274,274,328,328,400,400,411,425,113,113,131,131,162,182,182,182,201,201,211,40,40,114,114,133,150,150,175,18,47,47,63,63,63,63,63,0,17,17,17,17],"floor_reached":50,"playtime":2200,"items_purged":["Strike_P","Decay"],"score":864,"play_id":"ab128005-e53d-424e-a359-77284f607636","local_time":"20201228204810","is_ascension_mode":true,"campfire_choices":[{"floor":6,"key":"REST"},{"data":"EmptyFist","floor":13,"key":"SMITH"},{"data":"Eruption","floor":15,"key":"SMITH"},{"floor":23,"key":"REST"},{"floor":27,"key":"REST"},{"floor":32,"key":"REST"},{"floor":41,"key":"REST"},{"floor":46,"key":"REST"},{"floor":49,"key":"REST"}],"circlet_count":0,"master_deck":["AscendersBane","Strike_P","Strike_P","Strike_P","Defend_P","Defend_P","Defend_P","Defend_P","Eruption+1","Vigilance","SandsOfTime","Wallop","FearNoEvil","LikeWater","EmptyFist+1","CarveReality","ClearTheMind+1","Sanctity+1","Wireheading","Judgement+1","TalkToTheHand","Meditate+1","Worship+1","Nirvana","Halt+1","Protect+1","Vengeance+1","Ragnarok","Wish+1","MentalFortress+1","AscendersBane","Tantrum","Protect+1","Omniscience+1"],"relics":["HolyWater","Happy Flower","Bag of Preparation","Toxic Egg 2","Boot","SlaversCollar","Calipers","Dream Catcher","Damaru","Prayer Wheel","Potion Belt","Smiling Mask","Mercury Hourglass","Juzu Bracelet","Red Mask"],"acts_visited":["Exordium","TheCity","TheBeyond"],"potions_floor_usage":[22,22,24,30,33,40,40,50],"damage_taken":[{"damage":24,"enemies":"Cultist","floor":1,"turns":7},{"damage":5,"enemies":"2 Louse","floor":2,"turns":3},{"damage":3,"enemies":"Small Slimes","floor":4,"turns":3},{"damage":15,"enemies":"Lagavulin","floor":7,"turns":8},{"damage":11,"enemies":"Gremlin Nob","floor":10,"turns":3},{"damage":4,"enemies":"Exordium Wildlife","floor":11,"turns":4},{"damage":2,"enemies":"3 Sentries","floor":12,"turns":4},{"damage":6,"enemies":"Hexaghost","floor":16,"turns":9},{"damage":14,"enemies":"Shell Parasite","floor":18,"turns":5},{"damage":8,"enemies":"2 Thieves","floor":19,"turns":4},{"damage":0,"enemies":"Snake Plant","floor":22,"turns":1},{"damage":17,"enemies":"Slavers","floor":24,"turns":4},{"damage":4,"enemies":"Centurion and Healer","floor":25,"turns":6},{"damage":9,"enemies":"Shelled Parasite and Fungi","floor":28,"turns":5},{"damage":7,"enemies":"3 Cultists","floor":30,"turns":5},{"damage":35,"enemies":"Collector","floor":33,"turns":10},{"damage":12,"enemies":"3 Shapes","floor":35,"turns":5},{"damage":8,"enemies":"Orb Walker","floor":36,"turns":3},{"damage":9,"enemies":"Mind Bloom Boss Battle","floor":38,"turns":7},{"damage":16,"enemies":"Giant Head","floor":40,"turns":7},{"damage":30,"enemies":"3 Darklings","floor":42,"turns":5},{"damage":6,"enemies":"Writhing Mass","floor":48,"turns":7},{"damage":37,"enemies":"Time Eater","floor":50,"turns":6}],"seed_played":"3661350175294688361","potions_obtained":[{"floor":1,"key":"Fire Potion"},{"floor":2,"key":"EssenceOfSteel"},{"floor":16,"key":"BottledMiracle"},{"floor":22,"key":"Fruit Juice"},{"floor":25,"key":"DuplicationPotion"},{"floor":28,"key":"BottledMiracle"},{"floor":33,"key":"Ambrosia"},{"floor":38,"key":"LiquidMemories"},{"floor":42,"key":"LiquidMemories"}],"is_trial":false,"path_per_floor":["M","M","$","M","$","R","E","?","T","E","M","E","R","?","R","B",null,"M","M","$","?","M","R","E","M","T","R","M","?","M","$","R","B",null,"M","M","?","?","$","E","R","M","T","T","?","R","?","M","R","B"],"character_chosen":"WATCHER","items_purchased":["FearNoEvil","EmptyFist","Calipers","Vengeance+1","Potion Belt"],"campfire_rested":7,"item_purchase_floors":[3,5,20,31,39],"current_hp_per_floor":[37,32,32,29,29,47,32,47,47,36,32,30,30,30,30,24,53,39,31,31,31,36,56,39,35,35,55,46,46,39,39,59,24,56,44,36,36,27,27,11,31,1,1,1,1,21,21,15,35,0,0],"gold":17,"neow_bonus":"TWO_FIFTY_GOLD","is_daily":false,"chose_seed":false,"campfire_upgraded":2,"win_rate":0.0,"timestamp":1609210090,"path_taken":["M","?","$","?","$","R","E","?","T","E","M","E","R","?","R","BOSS","M","M","$","?","M","R","E","M","T","R","M","?","?","?","R","BOSS","M","M","?","?","$","E","R","M","T","?","?","R","?","M","R","BOSS"],"items_purchased_type":["Card","Card","Relic","Card","Relic"],"build_version":"2020-12-22","purchased_purges":2,"victory":false,"max_hp_per_floor":[62,62,62,62,62,62,62,62,62,62,62,62,62,62,62,62,62,62,62,62,62,67,67,67,67,67,67,67,67,67,67,67,67,67,67,67,67,67,67,67,67,67,67,67,67,67,67,67,67,67,67],"relic_stats":{"Dream Catcher":5,"Happy Flower":[33],"counters":[25,126],"Prayer Wheel":2,"Bag of Preparation":[38],"Juzu Bracelet":2,"Boot":[36],"Smiling Mask":0,"obtain_stats":[{"Potion Belt":39,"Golden Idol":5,"Juzu Bracelet":8,"Incense Burner":22,"War Paint":9,"Smiling Mask":40,"Burning Blood":0,"Mercury Hourglass":43,"SlaversCollar":34,"Lizard Tail":25,"Strawberry":31,"Molten Egg 2":6,"Prayer Wheel":38,"Mark of Pain":17,"Art of War":26,"Red Mask":47},{"Potion Belt":21,"Golden Idol":3,"Juzu Bracelet":5,"Incense Burner":12,"War Paint":5,"Smiling Mask":22,"Burning Blood":0,"Mercury Hourglass":23,"SlaversCollar":16,"Lizard Tail":12,"Strawberry":15,"Molten Egg 2":4,"Prayer Wheel":21,"Mark of Pain":10,"Art of War":12,"Red Mask":23},{"Potion Belt":101,"Golden Idol":12,"Juzu Bracelet":21,"Incense Burner":48,"War Paint":21,"Smiling Mask":108,"Burning Blood":0,"Mercury Hourglass":113,"SlaversCollar":72,"Lizard Tail":48,"Strawberry":61,"Molten Egg 2":17,"Prayer Wheel":101,"Mark of Pain":43,"Art of War":48,"Red Mask":113}],"Mercury Hourglass":[21]},"card_choices":[{"not_picked":["Wireheading","BowlingBash"],"picked":"SandsOfTime","floor":1},{"not_picked":["SashWhip","FearNoEvil"],"picked":"Wallop","floor":2},{"not_picked":["ClearTheMind","FlurryOfBlows"],"picked":"LikeWater","floor":4},{"not_picked":["Evaluate","ClearTheMind"],"picked":"CarveReality","floor":7},{"not_picked":["Prostrate+1","Devotion"],"picked":"ClearTheMind+1","floor":10},{"not_picked":["CarveReality","FollowUp"],"picked":"Sanctity+1","floor":11},{"not_picked":["EmptyFist","FlyingSleeves"],"picked":"Wireheading","floor":12},{"not_picked":["MasterReality","Blasphemy+1"],"picked":"Judgement+1","floor":16},{"not_picked":["PathToVictory+1","BattleHymn","WindmillStrike"],"picked":"SKIP","floor":18},{"not_picked":["SashWhip","FlyingSleeves"],"picked":"TalkToTheHand","floor":19},{"not_picked":["Protect+1","Consecrate"],"picked":"Meditate+1","floor":22},{"not_picked":["CarveReality","Crescendo+1"],"picked":"Worship+1","floor":24},{"not_picked":["BowlingBash","Consecrate"],"picked":"Nirvana","floor":25},{"not_picked":["SashWhip","Adaptation"],"picked":"Halt+1","floor":27},{"not_picked":["JustLucky","Sanctity+1"],"picked":"Protect+1","floor":28},{"not_picked":["Evaluate+1","Consecrate+1","CrushJoints+1"],"picked":"SKIP","floor":30},{"not_picked":["CutThroughFate","EmptyBody+1"],"picked":"Ragnarok","floor":32},{"not_picked":["Judgement+1","Brilliance"],"picked":"Wish+1","floor":33},{"not_picked":["FollowUp","Consecrate"],"picked":"MentalFortress+1","floor":35},{"not_picked":["BowlingBash","Crescendo+1","Conclude"],"picked":"SKIP","floor":36},{"not_picked":["DeceiveReality+1","FearNoEvil","Consecrate+1"],"picked":"SKIP","floor":40},{"not_picked":["CutThroughFate+1","EmptyBody+1"],"picked":"Protect+1","floor":42},{"not_picked":["BowlingBash","EmptyFist","SashWhip"],"picked":"SKIP","floor":42},{"not_picked":["Prostrate+1","PathToVictory+1"],"picked":"Omniscience+1","floor":48},{"not_picked":["SashWhip","Consecrate","Protect+1"],"picked":"SKIP","floor":48}],"player_experience":547229,"relics_obtained":[{"floor":7,"key":"Happy Flower"},{"floor":9,"key":"Bag of Preparation"},{"floor":10,"key":"Toxic Egg 2"},{"floor":12,"key":"Boot"},{"floor":24,"key":"Dream Catcher"},{"floor":26,"key":"Damaru"},{"floor":38,"key":"Prayer Wheel"},{"floor":40,"key":"Smiling Mask"},{"floor":43,"key":"Mercury Hourglass"},{"floor":44,"key":"Juzu Bracelet"}],"event_choices":[{"damage_healed":15,"gold_gain":0,"player_choice":"Healed","damage_taken":0,"max_hp_gain":0,"max_hp_loss":0,"event_name":"The Cleric","floor":8,"gold_loss":35},{"damage_healed":0,"gold_gain":54,"player_choice":"Gained Gold","damage_taken":0,"max_hp_gain":0,"max_hp_loss":0,"event_name":"Golden Wing","floor":14,"gold_loss":0},{"damage_healed":0,"gold_gain":0,"player_choice":"Ignored","damage_taken":0,"max_hp_gain":0,"max_hp_loss":0,"event_name":"Vampires","floor":21,"gold_loss":0},{"damage_healed":0,"gold_gain":0,"player_choice":"Cursed","damage_taken":0,"max_hp_gain":0,"max_hp_loss":0,"event_name":"Wheel of Change","floor":29,"gold_loss":0,"cards_obtained":["Decay"]},{"damage_healed":0,"gold_gain":3,"player_choice":"3","damage_taken":0,"max_hp_gain":0,"max_hp_loss":0,"event_name":"betterStone:BetterStone","floor":37,"gold_loss":0,"cards_obtained":["Tantrum"]},{"damage_healed":0,"gold_gain":0,"player_choice":"Fight","damage_taken":0,"max_hp_gain":0,"max_hp_loss":0,"event_name":"MindBloom","floor":38,"gold_loss":0},{"damage_healed":0,"gold_gain":0,"player_choice":"Ignored","damage_taken":0,"max_hp_gain":0,"max_hp_loss":0,"event_name":"Mysterious Sphere","floor":45,"gold_loss":0},{"damage_healed":0,"gold_gain":0,"player_choice":"Paid","damage_taken":0,"relics_obtained":["Red Mask"],"max_hp_gain":0,"max_hp_loss":0,"event_name":"Tomb of Lord Red Mask","floor":47,"gold_loss":63}],"is_beta":false,"boss_relics":[{"not_picked":["Pandora\u0027s Box","Black Star"],"picked":"SlaversCollar"},{"not_picked":["Tiny House","Busted Crown"],"picked":"HolyWater"}],"items_purged_floors":[5,31],"is_endless":false,"potions_floor_spawned":[1,2,11,16,18,22,25,28,33,38,42],"killed_by":"Time Eater","ascension_level":14}}