{"host":"j6locglyv7e0c0tm","time":1609286202,"event":{"mods":["BaseMod","Better Altar","Better Match","Better Note","Better Sensory Stone","Better Skull","Better Third Choice","Better Vampires","BetterRewards","Card Forge","Colored Powertips","Custom Start","DeckTracker","Downfall","Googly Eyes","Hermit","Highlight Path","Jorbs\u0027s Wanderer Trilogy","Marked Mod","Minty Spire (QoL Compilation)","Relic Stats","Replay The Spire","Shade Mod","Shop Mod","StSLib","Swap Starting Deck Mod","The Runesmith","TheFirefly"],"gold_per_floor":[113,113,131,149,31,31,31,61,61,61,95,105,132,152,152,254,254,273,49,68,68,83,133,162,162,162,182,65,65,80,113,113,214,214,229,49,125,145,162,162,178,192,192,225,225,225],"floor_reached":45,"playtime":2191,"items_purged":["Strike_B","betterMatch:CurseCard"],"score":705,"play_id":"21706b32-87d1-4b15-acf9-abe9dd888edf","local_time":"20201230105642","is_ascension_mode":false,"campfire_choices":[{"floor":6,"key":"RECALL"},{"data":"Rainbow","floor":10,"key":"SMITH"},{"floor":15,"key":"REST"},{"floor":25,"key":"REST"},{"data":"Defragment","floor":29,"key":"SMITH"},{"floor":32,"key":"REST"},{"floor":40,"key":"REST"}],"circlet_count":0,"master_deck":["Strike_B","Strike_B","Strike_B","Defend_B","Defend_B","Defend_B","Zap","Dualcast","Rainbow+1","Leap","Storm","Time Bomb","Defragment+1","Conserve Battery","Darkness","Defragment+1","Machine Learning+1","Cold Snap","Machine Learning+1","Crystallizer+1","Self Repair+1","Doom and Gloom","Force Field+1","Ball Lightning+1","White Noise","FIFO Queue+1","Ball Lightning","Storm+1","Mirror Shield","stsjorbsmod:PollutedStrike","Pain","Gash+1","Static Discharge+1","Thunder Strike","Loop+1"],"relics":["Cracked Core","Hammer of Thor","Seething Fire","Anvil of the Gods","FaceOfCleric","Replay:Multitool","Frozen Egg 2","Tiny Chest","Lantern","Velvet Choker","Mummified Hand","Gremlin Horn","Replay:Ancient Bell","Blood Vial","Blue Candle","Gambling Chip","Quantum Egg","ReplayFunnel","StoneCalendar"],"acts_visited":["Exordium","TheCity","TheBeyond"],"potions_floor_usage":[13,13,24,24],"damage_taken":[{"damage":0.0,"enemies":"2 Louse","floor":1.0,"turns":4.0},{"damage":0,"enemies":"Cultist","floor":3,"turns":5},{"damage":13,"enemies":"Small Slimes","floor":4,"turns":4},{"damage":22,"enemies":"Gremlin Nob","floor":8,"turns":4},{"damage":12,"enemies":"Lagavulin","floor":11,"turns":5},{"damage":2,"enemies":"Red Slaver","floor":12,"turns":3},{"damage":36,"enemies":"Gremlin Nob","floor":13,"turns":4},{"damage":20,"enemies":"Exordium Wildlife","floor":14,"turns":6},{"damage":13,"enemies":"Hexaghost","floor":16,"turns":9},{"damage":26,"enemies":"2 Thieves","floor":18,"turns":3},{"damage":24,"enemies":"3 Byrds","floor":20,"turns":5},{"damage":15,"enemies":"Snecko","floor":22,"turns":5},{"damage":37,"enemies":"Book of Stabbing","floor":24,"turns":5},{"damage":5,"enemies":"Centurion and Healer","floor":27,"turns":7},{"damage":18,"enemies":"Chosen and Byrds","floor":30,"turns":4},{"damage":26,"enemies":"Gremlin Leader","floor":31,"turns":5},{"damage":14,"enemies":"Pondfish","floor":33,"turns":8},{"damage":38,"enemies":"3 Darklings","floor":35,"turns":4},{"damage":20,"enemies":"3 Shapes","floor":38,"turns":3},{"damage":38,"enemies":"Maw","floor":39,"turns":5},{"damage":24,"enemies":"4 Shapes","floor":41,"turns":4},{"damage":16,"enemies":"Transient","floor":42,"turns":5},{"damage":34,"enemies":"R_Hoarder","floor":44,"turns":5},{"damage":22,"enemies":"Jaw Worm Horde","floor":45,"turns":1}],"seed_played":"-4728939850816967312","potions_obtained":[{"floor":1,"key":"Elixir"},{"floor":4,"key":"Regen Potion"},{"floor":12,"key":"Regen Potion"},{"floor":14,"key":"SteroidPotion"},{"floor":16,"key":"SteroidPotion"},{"floor":24,"key":"SpeedPotion"},{"floor":30,"key":"Strength Potion"},{"floor":41,"key":"FocusPotion"}],"is_trial":false,"path_per_floor":["M","?","M","M","$","R","?","E","T","R","E","M","E","M","R","B",null,"M","$","M","?","M","?","E","R","T","M","$","R","M","E","R","B",null,"M","$","T","M","M","R","M","M","T","E","M"],"character_chosen":"DEFECT","items_purchased":["Defragment","Conserve Battery","Self Repair+1","Doom and Gloom","FIFO Queue+1","Ball Lightning","Static Discharge+1"],"campfire_rested":4,"item_purchase_floors":[5,5,19,19,28,28,36],"current_hp_per_floor":[75,75,76,64,64,64,64,43,43,43,32,31,23,4,28,16,83,58,58,45,45,41,41,15,41,41,47,47,47,40,25,52,49,91,64,64,64,47,22,50,39,36,36,15,0,0],"gold":225,"neow_bonus":"ONE_RANDOM_RARE_CARD","is_daily":false,"chose_seed":false,"campfire_upgraded":2,"win_rate":0.0,"timestamp":1609286202,"path_taken":["M","?","?","M","$","R","?","E","T","R","E","M","E","M","R","BOSS","M","$","M","?","M","?","E","R","T","M","$","R","?","E","R","BOSS","M","$","?","M","M","R","M","M","T","E","M"],"items_purchased_type":["Card","Card","Card","Card","Card","Card","Card"],"build_version":"2020-12-22","purchased_purges":2,"victory":false,"max_hp_per_floor":[75,75,76,77,77,77,77,78,78,78,79,80,81,82,82,83,83,84,84,85,85,86,86,87,87,87,88,88,88,89,90,90,91,91,92,92,92,93,94,94,95,96,96,97,97,97],"relic_stats":{"Blood Vial":12,"FaceOfCleric":22,"Gremlin Horn":[10,10],"counters":[24,113],"Mummified Hand":[93],"Blue Candle":[6],"Gambling Chip":[0],"Tiny Chest":1,"StoneCalendar":[0],"obtain_stats":[{"ReplayFunnel":43,"Lantern":13,"Gremlin Horn":31,"Blue Candle":34,"Quantum Egg":37,"Velvet Choker":17,"StoneCalendar":44,"Hammer of Thor":0,"Replay:Multitool":8,"Replay:Ancient Bell":34,"Seething Fire":0,"Frozen Egg 2":9,"Blood Vial":34,"FaceOfCleric":2,"Anvil of the Gods":0,"Mummified Hand":24,"Gambling Chip":34,"Tiny Chest":11,"Cracked Core":0},{"ReplayFunnel":22,"Lantern":7,"Gremlin Horn":16,"Blue Candle":17,"Quantum Egg":18,"Velvet Choker":9,"StoneCalendar":23,"Hammer of Thor":0,"Replay:Multitool":4,"Replay:Ancient Bell":17,"Seething Fire":0,"Frozen Egg 2":4,"Blood Vial":17,"FaceOfCleric":1,"Anvil of the Gods":0,"Mummified Hand":13,"Gambling Chip":17,"Tiny Chest":5,"Cracked Core":0},{"ReplayFunnel":107,"Lantern":29,"Gremlin Horn":78,"Blue Candle":86,"Quantum Egg":90,"Velvet Choker":44,"StoneCalendar":112,"Hammer of Thor":0,"Replay:Multitool":17,"Replay:Ancient Bell":86,"Seething Fire":0,"Frozen Egg 2":17,"Blood Vial":86,"FaceOfCleric":4,"Anvil of the Gods":0,"Mummified Hand":62,"Gambling Chip":86,"Tiny Chest":22,"Cracked Core":0}]},"card_choices":[{"not_picked":["Go for the Eyes","ReplayTheSpireMod:GoodbyeWorld"],"picked":"Leap","floor":1},{"not_picked":["Coolheaded","Go for the Eyes"],"picked":"Storm","floor":3},{"not_picked":["Stack","Leap"],"picked":"Time Bomb","floor":4},{"not_picked":["Gash","Turbo"],"picked":"Darkness","floor":8},{"not_picked":["Hologram","Beam Cell"],"picked":"Defragment+1","floor":11},{"not_picked":["BasicCrystalCard","Glacier","FTL"],"picked":"SKIP","floor":12},{"not_picked":["Sweeping Beam","Conserve Battery"],"picked":"Machine Learning+1","floor":13},{"not_picked":["Steam","Go for the Eyes"],"picked":"Cold Snap","floor":14},{"not_picked":["Hyperbeam","Mirror Shield"],"picked":"Machine Learning+1","floor":16},{"not_picked":["Steam","Hologram"],"picked":"Crystallizer+1","floor":18},{"not_picked":["Auto Shields","Conserve Battery"],"picked":"Force Field+1","floor":20},{"not_picked":["ReplaySolidLightProjector","ReplayTheSpireMod:Reroute Power"],"picked":"Ball Lightning+1","floor":22},{"not_picked":["Blizzard","Double Energy"],"picked":"White Noise","floor":24},{"not_picked":["Stack","Reprogram","Sunder"],"picked":"SKIP","floor":27},{"not_picked":["Hologram","ReplayTheSpireMod:Repulse","Streamline"],"picked":"SKIP","floor":30},{"not_picked":["Aggregate+1","Compile Driver+1"],"picked":"Storm+1","floor":31},{"not_picked":["Hyperbeam","All For One"],"picked":"Mirror Shield","floor":33},{"not_picked":["stsjorbsmod:Procrastination","hexamod:Haunted"],"picked":"betterMatch:CurseCard","floor":34},{"not_picked":["CommonCold","Sickly"],"picked":"stsjorbsmod:PollutedStrike","floor":34},{"not_picked":["ReplayTheSpireMod:Doomed","sneckomod:Bewildered"],"picked":"Pain","floor":34},{"not_picked":["Ball Lightning","Turbo+1"],"picked":"Gash+1","floor":35},{"not_picked":["Rip and Tear+1","Go for the Eyes+1","Compile Driver"],"picked":"SKIP","floor":38},{"not_picked":["Scrape","Turbo","Sweeping Beam"],"picked":"SKIP","floor":39},{"not_picked":["Glacier+1","Stack+1"],"picked":"Thunder Strike","floor":41},{"not_picked":["Steam Power","Conserve Battery","Recycle+1"],"picked":"SKIP","floor":42},{"not_picked":["Cold Snap+1","Scrape"],"picked":"Loop+1","floor":44}],"player_experience":800342,"relics_obtained":[{"floor":8,"key":"Replay:Multitool"},{"floor":9,"key":"Frozen Egg 2"},{"floor":11,"key":"Tiny Chest"},{"floor":13,"key":"Lantern"},{"floor":24,"key":"Mummified Hand"},{"floor":31,"key":"Gremlin Horn"},{"floor":37,"key":"Quantum Egg"},{"floor":43,"key":"ReplayFunnel"},{"floor":44,"key":"StoneCalendar"}],"event_choices":[{"damage_healed":0,"gold_gain":0,"player_choice":"Trade","damage_taken":0,"relics_obtained":["FaceOfCleric"],"max_hp_gain":0,"max_hp_loss":0,"event_name":"FaceTrader","floor":2,"gold_loss":0},{"cards_removed":["Defend_B"],"damage_healed":0,"gold_gain":0,"player_choice":"Purged","damage_taken":0,"max_hp_gain":0,"max_hp_loss":0,"event_name":"Purifier","floor":7,"gold_loss":0},{"cards_removed":["Defragment"],"damage_healed":0,"gold_gain":0,"player_choice":"Give","damage_taken":0,"max_hp_gain":0,"max_hp_loss":0,"event_name":"betterNote:BetterNote","floor":21,"gold_loss":0,"cards_obtained":["None"]},{"damage_healed":0,"gold_gain":100,"player_choice":"Bet on Murderer","damage_taken":0,"max_hp_gain":0,"max_hp_loss":0,"event_name":"The Joust","floor":23,"gold_loss":50}],"is_beta":false,"boss_relics":[{"not_picked":["Replay:Wanted Poster","Ring of Chaos"],"picked":"Velvet Choker"},{"not_picked":["Pandora\u0027s Box","Black Star"],"picked":"Replay:Ancient Bell"},{"not_picked":["CeramicFish","Replay:Bandana"],"picked":"Blood Vial"},{"not_picked":["White Beast Statue","Question Card"],"picked":"Blue Candle"},{"not_picked":["Replay:PocketPolymizer","WingedGreaves"],"picked":"Gambling Chip"}],"items_purged_floors":[19,36],"is_endless":false,"potions_floor_spawned":[1,4,12,14,16,20,24,30,33,38,41],"killed_by":"Jaw Worm Horde","ascension_level":0}}