{"host":"zxkjcgzis4pm3za5","time":1609257842,"event":{"mods":["AchievementEnabler","BaseMod","Colored Map","Colored Powertips","Minty Spire (QoL Compilation)","Quick Restart","RNG Fix","Random Character Button","StSLib"],"gold_per_floor":[119,137,151,151,151,185,185,197,220,73,73,23,57,71,71,171,171,187,187,207,122,122,157,107,107,133,164,177,195,195,205,205,301,301,313,1312,829,847,857,882,901,901,901],"floor_reached":42,"playtime":1483,"items_purged":["Strike_B","Strike_B","Normality"],"score":742,"play_id":"81425f2e-cdca-43d5-a535-e7e760f54f45","local_time":"20201229213402","is_ascension_mode":true,"campfire_choices":[{"data":"Capacitor","floor":7.0,"key":"SMITH"},{"floor":11.0,"key":"REST"},{"data":"Barrage","floor":15.0,"key":"SMITH"},{"floor":25.0,"key":"REST"},{"floor":30.0,"key":"REST"},{"floor":32.0,"key":"RECALL"}],"circlet_count":0,"master_deck":["AscendersBane","Strike_B+1","Defend_B","Defend_B","Defend_B","Zap","Dualcast","Static Discharge+1","Reinforced Body","Capacitor+1","Barrage+1","Conserve Battery","Ball Lightning","Echo Form","Conserve Battery+1","Leap+1","Consume","Skim","Electrodynamics","Conserve Battery+1","Echo Form","Undo","Normality","Apotheosis","Flash of Steel","Parasite","Compile Driver+1","Coolheaded+1"],"relics":["FrozenCore","NeowsBlessing","Lantern","Smiling Mask","DataDisk","Regal Pillow","Fusion Hammer","Shuriken","Ice Cream","Oddly Smooth Stone","Ancient Tea Set","Medical Kit","Anchor"],"acts_visited":["Exordium","TheCity","TheBeyond"],"potions_floor_usage":[42],"damage_taken":[{"damage":0.0,"enemies":"2 Louse","floor":1.0,"turns":1.0},{"damage":0.0,"enemies":"Cultist","floor":2.0,"turns":1.0},{"damage":0.0,"enemies":"Jaw Worm","floor":3.0,"turns":1.0},{"damage":20.0,"enemies":"Lagavulin","floor":6.0,"turns":8.0},{"damage":0.0,"enemies":"Large Slime","floor":8.0,"turns":5.0},{"damage":25.0,"enemies":"3 Sentries","floor":13.0,"turns":6.0},{"damage":4.0,"enemies":"Looter","floor":14.0,"turns":3.0},{"damage":11.0,"enemies":"Hexaghost","floor":16.0,"turns":6.0},{"damage":7.0,"enemies":"Chosen","floor":18.0,"turns":4.0},{"damage":21.0,"enemies":"3 Byrds","floor":20.0,"turns":4.0},{"damage":20.0,"enemies":"Book of Stabbing","floor":23.0,"turns":5.0},{"damage":6.0,"enemies":"Gremlin Leader","floor":27.0,"turns":7.0},{"damage":8.0,"enemies":"Shelled Parasite and Fungi","floor":28.0,"turns":6.0},{"damage":0.0,"enemies":"Cultist and Chosen","floor":29.0,"turns":4.0},{"damage":12.0,"enemies":"Chosen and Byrds","floor":31.0,"turns":3.0},{"damage":22.0,"enemies":"Automaton","floor":33.0,"turns":7.0},{"damage":10,"enemies":"Orb Walker","floor":35,"turns":4},{"damage":5,"enemies":"3 Shapes","floor":38,"turns":5},{"damage":0,"enemies":"Writhing Mass","floor":39,"turns":7},{"damage":3,"enemies":"Giant Head","floor":40,"turns":8},{"damage":15,"enemies":"Jaw Worm Horde","floor":41,"turns":4},{"damage":33,"enemies":"Reptomancer","floor":42,"turns":4}],"seed_played":"3999473238888341333","potions_obtained":[{"floor":1.0,"key":"PotionOfCapacity"},{"floor":6.0,"key":"FearPotion"},{"floor":8.0,"key":"Dexterity Potion"},{"floor":13.0,"key":"Swift Potion"},{"floor":29.0,"key":"Fire Potion"}],"is_trial":false,"path_per_floor":["M","M","M","?","?","E","R","M","T","$","R","$","E","M","R","B",null,"M","?","M","?","?","E","$","R","T","E","M","M","R","M","R","B",null,"M","?","$","M","M","E","M","E"],"character_chosen":"DEFECT","items_purchased":["DataDisk","Apotheosis","Flash of Steel","Medical Kit"],"campfire_rested":3,"item_purchase_floors":[10,37,37,37],"current_hp_per_floor":[68,68,68,61,46,26,26,26,26,26,48,48,23,19,19,8,58,51,51,30,30,30,10,10,47,47,41,33,33,70,58,58,36,65,55,55,55,50,50,47,32,0,0],"gold":901,"neow_bonus":"THREE_ENEMY_KILL","is_daily":false,"chose_seed":false,"campfire_upgraded":2,"win_rate":0.0,"timestamp":1609257842,"path_taken":["M","?","M","?","?","E","R","M","T","?","R","$","E","M","R","BOSS","M","?","?","?","?","E","?","R","T","E","M","?","R","M","R","BOSS","M","?","$","M","M","E","M","E"],"items_purchased_type":["Relic","Card","Card","Relic"],"build_version":"2020-12-22","purchased_purges":3,"victory":false,"max_hp_per_floor":[75,75,75,75,75,75,75,75,75,75,75,75,75,75,75,75,75,75,75,75,75,75,75,75,75,75,75,75,75,75,75,75,75,75,75,75,75,75,75,75,75,75,75],"card_choices":[{"not_picked":["Hologram","Cold Snap"],"picked":"Static Discharge","floor":1.0},{"not_picked":["Compile Driver","Reprogram"],"picked":"Reinforced Body","floor":2.0},{"not_picked":["Chill","Hello World"],"picked":"Capacitor","floor":3.0},{"not_picked":["Redo","Darkness"],"picked":"Barrage","floor":6.0},{"not_picked":["Steam Power","Gash"],"picked":"Conserve Battery","floor":8.0},{"not_picked":["Redo","Barrage"],"picked":"Ball Lightning","floor":13.0},{"not_picked":["Aggregate","Streamline","Cold Snap"],"picked":"SKIP","floor":14.0},{"not_picked":["Aggregate","Streamline","Cold Snap"],"picked":"SKIP","floor":14.0},{"not_picked":["Machine Learning","Rainbow"],"picked":"Echo Form","floor":16.0},{"not_picked":["Ball Lightning","Beam Cell"],"picked":"Conserve Battery+1","floor":18.0},{"not_picked":["Coolheaded","Compile Driver"],"picked":"Leap+1","floor":20.0},{"not_picked":["Redo","Compile Driver"],"picked":"Consume","floor":23.0},{"not_picked":["Recycle","Undo"],"picked":"Skim","floor":27.0},{"not_picked":["Gash","Tempest"],"picked":"Electrodynamics","floor":28.0},{"not_picked":["Ball Lightning","Go for the Eyes","Redo+1"],"picked":"SKIP","floor":29.0},{"not_picked":["Capacitor","Steam"],"picked":"Conserve Battery+1","floor":31.0},{"not_picked":["Hyperbeam","All For One"],"picked":"Echo Form","floor":33.0},{"not_picked":["Force Field","Streamline+1"],"picked":"Undo","floor":35},{"not_picked":["Sunder","Rebound","Conserve Battery"],"picked":"SKIP","floor":38},{"not_picked":["Go for the Eyes","Leap"],"picked":"Compile Driver+1","floor":39},{"not_picked":["Beam Cell+1","Stack+1"],"picked":"Coolheaded+1","floor":40},{"not_picked":["Streamline+1","Ball Lightning+1","Gash+1"],"picked":"SKIP","floor":41}],"player_experience":155309,"relics_obtained":[{"floor":6.0,"key":"Lantern"},{"floor":9.0,"key":"Smiling Mask"},{"floor":13.0,"key":"Regal Pillow"},{"floor":23.0,"key":"Ice Cream"},{"floor":26.0,"key":"Oddly Smooth Stone"},{"floor":27.0,"key":"Ancient Tea Set"},{"floor":40,"key":"Anchor"}],"event_choices":[{"cards_removed":["Defend_B"],"damage_healed":0.0,"max_hp_gain":0.0,"max_hp_loss":0.0,"gold_gain":0.0,"event_name":"Golden Wing","player_choice":"Card Removal","floor":4.0,"gold_loss":0.0,"damage_taken":7.0},{"damage_healed":0.0,"max_hp_gain":0.0,"max_hp_loss":0.0,"gold_gain":0.0,"event_name":"Shining Light","player_choice":"Entered Light","floor":5.0,"gold_loss":0.0,"damage_taken":15.0,"cards_upgraded":["Static Discharge","Strike_B"]},{"cards_removed":["Strike_B"],"damage_healed":0.0,"max_hp_gain":0.0,"max_hp_loss":0.0,"gold_gain":0.0,"event_name":"Back to Basics","player_choice":"Elegance","floor":19.0,"gold_loss":0.0,"damage_taken":0.0},{"damage_healed":0.0,"max_hp_gain":0.0,"max_hp_loss":0.0,"gold_gain":0.0,"event_name":"Addict","player_choice":"Obtained Relic","floor":21.0,"gold_loss":85.0,"damage_taken":0.0,"relics_obtained":["Shuriken"]},{"damage_healed":0.0,"max_hp_gain":0.0,"max_hp_loss":0.0,"gold_gain":0.0,"event_name":"Ghosts","player_choice":"Ignored","floor":22.0,"gold_loss":0.0,"damage_taken":0.0},{"damage_healed":0,"gold_gain":999,"player_choice":"Gold","damage_taken":0,"max_hp_gain":0,"max_hp_loss":0,"event_name":"MindBloom","floor":36,"gold_loss":0,"cards_obtained":["Normality","Normality"]}],"is_beta":false,"boss_relics":[{"not_picked":["Ectoplasm","Coffee Dripper"],"picked":"Fusion Hammer"},{"not_picked":["Astrolabe","Tiny House"],"picked":"FrozenCore"}],"items_purged_floors":[12,24,37],"is_endless":false,"potions_floor_spawned":[1,6,8,13,14,20,27,29,35,38,40],"killed_by":"Reptomancer","ascension_level":10}}