{"host":"utqe55yv0jihe4d6","time":1609254579,"event":{"mods":["2.2 Compatiblity","AchievementEnabler","BaseMod","Block Reminder","Colored Map","Colored Powertips","Minty Spire (QoL Compilation)","Quick Restart","Rare Cards Sparkle","Relic Stats","SuperFastMode"],"gold_per_floor":[114,39,51,12,12,47,59,92,129,185,197,233,245,245],"floor_reached":13,"playtime":373,"items_purged":[],"score":236,"play_id":"36c1cf13-5ab5-41d6-b0c9-dc4163e4e8d0","local_time":"20201229100939","is_ascension_mode":true,"campfire_choices":[{"floor":11.0,"key":"REST"}],"circlet_count":0,"master_deck":["AscendersBane","Strike_G","Strike_G","Strike_G","Strike_G","Defend_G","Defend_G","Defend_G","Defend_G","Defend_G","Survivor","Neutralize","Footwork","Crippling Poison","Blur","Skewer","Dodge and Roll","Die Die Die","Bane"],"relics":["Ring of the Snake","NeowsBlessing","Golden Idol","MawBank","Dream Catcher","Ancient Tea Set"],"acts_visited":["Exordium"],"potions_floor_usage":[],"damage_taken":[{"damage":0.0,"enemies":"Small Slimes","floor":1.0,"turns":1.0},{"damage":0.0,"enemies":"2 Louse","floor":3.0,"turns":1.0},{"damage":0.0,"enemies":"Gremlin Nob","floor":6.0,"turns":1.0},{"damage":0.0,"enemies":"Jaw Worm","floor":8.0,"turns":6.0},{"damage":43.0,"enemies":"3 Sentries","floor":10.0,"turns":24.0},{"damage":2,"enemies":"Exordium Wildlife","floor":12,"turns":6},{"damage":40,"enemies":"Lagavulin","floor":13,"turns":9}],"seed_played":"-1966592101802943375","potions_obtained":[{"floor":1.0,"key":"Swift Potion"},{"floor":6.0,"key":"Weak Potion"}],"is_trial":false,"path_per_floor":["M","?","M","$","?","E","?","M","T","E","R","M","E"],"character_chosen":"THE_SILENT","items_purchased":["Blur"],"campfire_rested":1,"item_purchase_floors":[4],"current_hp_per_floor":[59,59,59,59,59,59,59,59,59,16,34,32,0,0],"gold":245,"neow_bonus":"THREE_ENEMY_KILL","is_daily":false,"chose_seed":false,"campfire_upgraded":0,"win_rate":0.0,"timestamp":1609254579,"path_taken":["M","?","M","$","?","E","?","?","T","E","R","M","E"],"items_purchased_type":["Card"],"build_version":"2020-12-22","purchased_purges":0,"victory":false,"max_hp_per_floor":[66,66,66,66,60,60,60,60,60,60,60,60,60,60],"relic_stats":{"Dream Catcher":1,"counters":[7,48],"Golden Idol":25,"MawBank":84,"obtain_stats":[{"Dream Catcher":9,"NeowsBlessing":0,"Golden Idol":5,"MawBank":6,"Ancient Tea Set":10,"Ring of the Snake":0},{"Dream Catcher":4,"NeowsBlessing":0,"Golden Idol":2,"MawBank":3,"Ancient Tea Set":5,"Ring of the Snake":0},{"Dream Catcher":9,"NeowsBlessing":0,"Golden Idol":2,"MawBank":3,"Ancient Tea Set":33,"Ring of the Snake":0}],"Ring of the Snake":[14]},"card_choices":[{"not_picked":["Catalyst","Cloak And Dagger"],"picked":"Footwork","floor":1.0},{"not_picked":["Deflect","Sucker Punch"],"picked":"Crippling Poison","floor":3.0},{"not_picked":["PiercingWail","Cloak And Dagger"],"picked":"Skewer","floor":6.0},{"not_picked":["Slice","Quick Slash"],"picked":"Dodge and Roll","floor":8.0},{"not_picked":["Terror","Caltrops"],"picked":"Die Die Die","floor":10.0},{"not_picked":["Underhanded Strike","Acrobatics"],"picked":"Bane","floor":12}],"player_experience":2895469,"relics_obtained":[{"floor":6.0,"key":"MawBank"},{"floor":9.0,"key":"Dream Catcher"},{"floor":10.0,"key":"Ancient Tea Set"}],"event_choices":[{"cards_removed":["Strike_G"],"damage_healed":0.0,"max_hp_gain":0.0,"max_hp_loss":0.0,"gold_gain":0.0,"event_name":"The Cleric","player_choice":"Card Removal","floor":2.0,"gold_loss":75.0,"damage_taken":0.0},{"damage_healed":0.0,"max_hp_gain":0.0,"max_hp_loss":6.0,"gold_gain":0.0,"event_name":"Golden Idol","player_choice":"Lose Max HP","floor":5.0,"gold_loss":0.0,"damage_taken":0.0,"relics_obtained":["Golden Idol"]},{"damage_healed":0.0,"max_hp_gain":0.0,"max_hp_loss":0.0,"gold_gain":0.0,"event_name":"Liars Game","player_choice":"Ignored","floor":7.0,"gold_loss":0.0,"damage_taken":0.0}],"is_beta":false,"boss_relics":[],"items_purged_floors":[],"is_endless":false,"potions_floor_spawned":[1,6],"killed_by":"Lagavulin","ascension_level":20}}