{"host":"grli52lbdph2722t","time":1609222897,"event":{"mods":["AchievementEnabler","BaseMod","Downfall","Minty Spire (QoL Compilation)","Quick Restart","StSLib"],"gold_per_floor":[99,549,549,549,549,549,576,576,589,622,642,652,652,652,652],"floor_reached":13,"playtime":353,"items_purged":[],"score":126,"play_id":"1c750a4c-fbb0-40d3-9544-b699f1955b5e","local_time":"20201229072137","is_ascension_mode":true,"campfire_choices":[{"data":"champ:Taunt","floor":1,"key":"SMITH"}],"circlet_count":0,"master_deck":["AscendersBane","champ:Strike","champ:Strike","champ:Strike","champ:Strike","champ:Defend","champ:Defend","champ:Defend","champ:Defend","champ:Execute","champ:Taunt+1","Slimebound:Icky","Slimebound:Icky","champ:FocusedBerserking","Pain","champ:FaceSlap","champ:SwordSigil","champ:Duel","champ:BringItOn","champ:Lariat","champ:BerserkerStyle"],"relics":["champ:ChampionCrown","downfall:HeartsMalice","WarpedTongs","Guardian:PocketSentry","The Courier"],"acts_visited":["Exordium"],"potions_floor_usage":[12,13],"damage_taken":[{"damage":0,"enemies":"Cultist","floor":4,"turns":1},{"damage":0,"enemies":"Jaw Worm","floor":6,"turns":1},{"damage":0,"enemies":"Small Slimes","floor":8,"turns":1},{"damage":19,"enemies":"Red Slaver","floor":9,"turns":3},{"damage":34,"enemies":"Lagavulin","floor":10,"turns":7},{"damage":46,"enemies":"Gremlin Gang","floor":11,"turns":4},{"damage":15,"enemies":"Exordium Wildlife","floor":12,"turns":4},{"damage":15,"enemies":"3 Sentries","floor":13,"turns":2}],"seed_played":"-5797668684419458968","potions_obtained":[{"floor":9,"key":"Dexterity Potion"},{"floor":10,"key":"champ:TechniquePotion"},{"floor":12,"key":"SpeedPotion"}],"is_trial":false,"path_per_floor":["R","?","?","M","?","M","T","M","M","E","M","M","E"],"character_chosen":"THE_CHAMP","items_purchased":[],"campfire_rested":0,"item_purchase_floors":[],"current_hp_per_floor":[81,81,81,81,81,81,81,81,62,48,27,12,0,0,0],"gold":652,"neow_bonus":"THREE_ENEMY_KILL","is_daily":false,"chose_seed":false,"campfire_upgraded":1,"win_rate":0.0,"timestamp":1609222897,"path_taken":["R","?","?","M","?","?","T","M","?","E","M","M","E"],"items_purchased_type":[],"build_version":"2020-12-22","purchased_purges":0,"victory":false,"max_hp_per_floor":[90,90,90,90,90,90,90,90,90,90,90,90,90,90,90],"card_choices":[{"not_picked":["champ:CrookedStrike","champ:ArenaPreparation"],"picked":"champ:FocusedBerserking","floor":4},{"not_picked":["champ:FocusedBerserking","champ:CrookedStrike"],"picked":"champ:FaceSlap","floor":6},{"not_picked":["champ:FlashCut","champ:Riposte"],"picked":"champ:SwordSigil","floor":8},{"not_picked":["champ:CrookedStrike","champ:Backstep"],"picked":"champ:Duel","floor":9},{"not_picked":["champ:Shatter","champ:FanOfKnives"],"picked":"champ:BringItOn","floor":10},{"not_picked":["champ:RisingSlash","champ:ShieldSigil"],"picked":"champ:Lariat","floor":11},{"not_picked":["champ:TornadoPunch","champ:Control"],"picked":"champ:BerserkerStyle","floor":12}],"player_experience":4927115,"relics_obtained":[{"floor":7,"key":"Guardian:PocketSentry"},{"floor":10,"key":"The Courier"}],"event_choices":[{"cards_removed":["Slimebound:Icky"],"damage_healed":0,"gold_gain":0,"player_choice":"Card Removal","damage_taken":0,"max_hp_gain":0,"max_hp_loss":0,"event_name":"The Cleric","floor":3,"gold_loss":0},{"damage_healed":0,"gold_gain":0,"player_choice":"Rummage","damage_taken":0,"relics_obtained":["WarpedTongs"],"max_hp_gain":0,"max_hp_loss":0,"event_name":"Accursed Blacksmith","floor":5,"gold_loss":0,"cards_obtained":["Pain"]}],"is_beta":false,"boss_relics":[],"items_purged_floors":[],"is_endless":false,"potions_floor_spawned":[9,10,12],"killed_by":"3 Sentries","ascension_level":11}}