{"host":"lvglfvqy3xrupc2a","time":1609223933,"event":{"mods":["Act Like it!","Aspiration","BaseMod","Better Altar","Better Match","Better Note","Better Sensory Stone","Better Skull","Better Third Choice","BetterRewards","Conspire","Friendly Minions","Gensokyo","Grow up Mod","Hallownest","Hubris","HumanHunterMod(????mod)","Humility","Infinite Spire","Mimic Mod","Minty Spire (QoL Compilation)","MostiFishMod","Pale of the Ancients","Remove Card Discount Mod","Replay The Spire","Reworked Bosses","Spicy Shops","StSLib","The Blue Laboratory","The Factory","The Necromancer","Uncapped","Wandering Minibosses","[IsaacMod]????","vexMod"],"gold_per_floor":[109,125,136,136,600,600,634,634,670,687,719,739,453,486,486,620,620,638,563,563,618,651,686,715,752,752,779,565,636,678,760,760,848,848,899,923,930,787,635,635,670,744,744,807,807,863,863,903,903,1045,1136,1181,1181,954,954,1003,1003,698,698,833],"floor_reached":61,"playtime":3419,"items_purged":["Writhe"],"score":2303,"play_id":"1114b47b-e46c-4c6f-b7c7-79cda25e6f2c","local_time":"20201229003853","is_ascension_mode":true,"campfire_choices":[{"data":"Bone_Wall","floor":6.0,"key":"SMITH"},{"data":"Negative_Energy_Arrows","floor":8.0,"key":"SMITH"},{"data":"Summon_Undead_Army","floor":15.0,"key":"SMITH"},{"data":"Forethought","floor":32,"key":"SMITH"},{"data":"Blood_Is_Power","floor":40,"key":"SMITH"},{"data":"Summon_Vampire_Lady","floor":45,"key":"SMITH"},{"data":"Summon_Undead","floor":49,"key":"SMITH"},{"data":"Cloudkill","floor":55,"key":"SMITH"},{"data":"Summon_Lich","floor":57,"key":"SMITH"}],"circlet_count":0,"master_deck":["AscendersBane","Strike_W","Strike_W","Strike_W","Strike_W","Defend_W","Defend_W","Defend_W","Defend_W","Negative_Energy_Arrows+1","Bone_Wall+1","Bone_Bullets","Negative_Energy_Javelin","Bone_Armory","Necrotic_Claws","Skeleton_Dragon+1","Negative_Energy_Shield","Spectral_Armor","Summon_Lich+1","Summon_Undead+1","Summon_Undead_Army+1","Summon_Undead+1","Vampiric_Strike","Vampiric_Strike","Spectral_Armor","Blood_Curse","Summon_Vampire_Lady+1","Negative_Energy_Shield","Blood_Wake+1","Grasp_Heart+1","Summon_Death_Knight+1","Strike_from_Beyond","Siphon_Strength+1","Bone_Spikes","Negative_Energy_Shield","Vampiric_Strike+1","Cloudkill+1","Magnetism+1","MostiFishMod:KingOfFree","Forethought+1","Scare","Stop_Heart","Siphon_Strength+1","Necrotic_Claws","Consume_Illness","Detonate_Bones+1","Negative_Energy_Sphere","Negative_Energy_Mist+1","Thousand_Bone_Knives+1","Blood_for_Blood","infinitespire:NeuralNetwork","Negative_Energy_Sphere","Blood_Is_Power+1","Summon_Undead_Army+1","Blood_Whip","Siphon_Strength+1","Hellfire+1","Vampiric_Strike+1","Bone_Armor","Bone_Armory+1","Bone_Armory+1","Consume_Illness","Summon_Undead+1","Blood_Curse+1","Uncharnel+1","Summon_Lich+1","Spectral_Armor+1"],"relics":["Vampire_Amulet","HushsDoor","DaveBox","BookofShadows","Membership Card","aspiration:Nostalgia","Sizzling Blood","SynthV:TestCard","vexMod:MemoryStick","wanderingMiniBosses:LockLocket","Replay:Rubber Ducky","BookOfRevelations","Incense Burner","SalivaCoin","infinitespire:Beetle Shell","vexMod:CardConverter","RhineFirstAidKit","aspiration:FrozenJewel","conspire:TopHat","Prayer Wheel","Calipers","Pear","ReplayTheSpireMod:ShopPack","DeathBook","Simple Rune","hubris:SlimyHat","Anchor","Strawberry","Golden Egg","aspiration:SneckoTail","Molten Egg 2","hubris:Towel","paleoftheancients:Timepiece","paleoftheancients:KeyRelic","Sozu","MoneyPower","conspire:GlowingRock","Technique","paleoftheancients:SoulOfTheVixen","aspiration:Lifesprig","vexMod:PaidLearning","Guide Book","PokeGo"],"acts_visited":["Exordium","Hallownest:Greenpath","Hallownest:CityofTears","Hallownest:KingdomsEdge"],"potions_floor_usage":[36,51,60],"damage_taken":[{"damage":0.0,"enemies":"2_ Uuma","floor":1.0,"turns":1.0},{"damage":8.0,"enemies":"Hallownest:2_MossCreeps","floor":2.0,"turns":7.0},{"damage":10.0,"enemies":"Hallownest:2_Tiktiks_and_1_Crawlid","floor":3.0,"turns":7.0},{"damage":32.0,"enemies":"Hallownest:Guard_and_Warrior","floor":5.0,"turns":33.0},{"damage":20.0,"enemies":"Hallownest:eliteVengeflyKing","floor":7.0,"turns":12.0},{"damage":6.0,"enemies":"Hallownest:MossCreep_and_Mosskin","floor":9.0,"turns":10.0},{"damage":7.0,"enemies":"Hallownest:MossCreep_and_Mosskin","floor":10.0,"turns":8.0},{"damage":36.0,"enemies":"Hallownest:eliteCrystalGuardian","floor":11.0,"turns":10.0},{"damage":23.0,"enemies":"Hallownest:1_Ooma_and_2_Uuma","floor":12.0,"turns":7.0},{"damage":9.0,"enemies":"Hallownest:eliteMossKnight","floor":14.0,"turns":7.0},{"damage":32.0,"enemies":"Hallownest:BossBrokenVessel","floor":16.0,"turns":11.0},{"damage":13.0,"enemies":"Hallownest:Flukemon_and_Top","floor":18.0,"turns":7.0},{"damage":10,"enemies":"Hallownest:Guard_and_Sentry","floor":22,"turns":7},{"damage":0,"enemies":"Hallownest:Nosk","floor":23,"turns":7},{"damage":6,"enemies":"Hallownest:2_Flukemon","floor":24,"turns":5},{"damage":3,"enemies":"Hallownest:eliteSoulWarrior","floor":25,"turns":6},{"damage":0,"enemies":"Hallownest:Nosk","floor":27,"turns":7},{"damage":13,"enemies":"Hallownest:Glutton_and_Coward","floor":29,"turns":4},{"damage":16,"enemies":"Hallownest:3_Mistakes","floor":30,"turns":6},{"damage":12,"enemies":"Hallownest:BossGrimm","floor":33,"turns":8},{"damage":26,"enemies":"Hallownest:2_Littles","floor":35,"turns":4},{"damage":1,"enemies":"Hallownest:Shield_Heavy","floor":36,"turns":8},{"damage":2,"enemies":"Hallownest:eliteCollector","floor":41,"turns":8},{"damage":25,"enemies":"Hallownest:2_Wing_and_1_Kings","floor":42,"turns":8},{"damage":37,"enemies":"Hallownest:eliteHiveKnight","floor":44,"turns":8},{"damage":5,"enemies":"Hallownest:eliteCollector","floor":46,"turns":11},{"damage":13,"enemies":"Hallownest:Shield_Sturdy","floor":48,"turns":6},{"damage":31,"enemies":"Hallownest:BossGreyPrinceZote","floor":50,"turns":10},{"damage":78,"enemies":"Hallownest:BossGreyPrinceZote","floor":51,"turns":11},{"damage":26,"enemies":"Hallownest:BossGreyPrinceZote","floor":52,"turns":9},{"damage":31,"enemies":"Hallownest:BossGreyPrinceZote","floor":56,"turns":10},{"damage":277,"enemies":"paleoftheancients:N","floor":60,"turns":15}],"seed_played":"-1652273220559847210","potions_obtained":[{"floor":3.0,"key":"blueLaboratory:LouseDecoction"},{"floor":10.0,"key":"AttackPotion"},{"floor":12.0,"key":"EssenceOfSteel"},{"floor":16.0,"key":"Strength Potion"},{"floor":18.0,"key":"Languid Potion"},{"floor":35,"key":"blueLaboratory:FruitPunch"},{"floor":46,"key":"Block Potion"}],"is_trial":false,"path_per_floor":["M","M","M","T","M","R","E","R","MIM","M","E","M","$","E","R","B",null,"M","?","?","T","M","E","M","E","T","E","$","M","M","?","R","B",null,"M","M","?","$","$","R","E","M","T","E","R","E","?","M","R","B","M","M","T","$","R","M","R","$","?","B",null],"character_chosen":"NECROMANCER","items_purchased":["Summon_Undead_Army","Summon_Undead","SalivaCoin","Vampiric_Strike","infinitespire:Beetle Shell","Spectral_Armor","ReplayTheSpireMod:ShopPack","DeathBook","Scare","Simple Rune","Negative_Energy_Sphere","Blood_Is_Power","hubris:SlimyHat","Anchor","conspire:GlowingRock","Technique","aspiration:Lifesprig","Summon_Lich+1","Spectral_Armor","vexMod:PaidLearning","Guide Book","PokeGo"],"campfire_rested":0,"item_purchase_floors":[13,13,13,13,13,13,28,28,28,38,38,38,39,39,54,54,58,58,58,58,58,58],"current_hp_per_floor":[99,107,117,127,115,125,135,145,155,166,146,143,153,164,174,199,250,264,280,292,302,313,337,351,363,383,395,413,425,437,432,442,450,477,471,500,382,396,406,416,460,459,469,452,462,510,520,535,545,649,670,698,708,718,728,747,757,771,781,675],"gold":833,"neow_bonus":"NOSTALGIA","is_daily":false,"chose_seed":false,"campfire_upgraded":9,"win_rate":0.0,"timestamp":1609223933,"path_taken":["M","M","M","?","M","R","E","R","MIM","?","E","M","?","E","R","BOSS","M","?","?","?","?","E","M","E","T","E","$","M","M","?","R","BOSS","M","M","?","?","$","R","E","M","T","E","R","E","?","M","R","BOSS","M","M","?","$","R","M","R","$","?","BOSS"],"items_purchased_type":["Card","Card","Relic","Card","Relic","Card","Relic","Relic","Card","Relic","Card","Card","Relic","Relic","Relic","Relic","Relic","Card","Card","Relic","Relic","Relic"],"build_version":"2020-12-22","purchased_purges":1,"victory":true,"max_hp_per_floor":[99,109,119,129,139,149,159,169,179,189,199,209,219,231,241,253,263,275,291,303,313,325,337,351,363,383,395,413,427,441,451,461,473,483,497,513,525,539,549,559,576,590,600,612,622,634,644,658,668,678,692,706,716,726,736,750,760,774,784,794],"card_choices":[{"not_picked":[],"picked":"Bomb","floor":0.0},{"not_picked":["Blood_Curse","Bones_to_Steel"],"picked":"Bone_Bullets","floor":1.0},{"not_picked":["Bone_Spikes","Scare","Pandemic","Bone_Armory"],"picked":"Negative_Energy_Javelin","floor":2.0},{"not_picked":["Bone_Shift","Stop_Heart","Shackles_Of_Pain","Bone_Bullets"],"picked":"Bone_Armory","floor":3.0},{"not_picked":["Violent_Necrosis","Negative_Energy_Mist","Blood_Whip","Bones_to_Steel"],"picked":"Necrotic_Claws","floor":5.0},{"not_picked":["Negative_Energy_Shield","Consume_Illness","Negative_Energy_Burst","Bone_Prison"],"picked":"Skeleton_Dragon","floor":7.0},{"not_picked":["Blood_for_Blood","Blood_Whip","Life_Tap","Toxic_Smoke_Screen"],"picked":"Negative_Energy_Shield","floor":9.0},{"not_picked":["Bones_to_Steel","Negative_Energy_Javelin","Epidemic","Finger_Of_Death"],"picked":"Spectral_Armor","floor":10.0},{"not_picked":["Consume_Illness","Bone_Shift","Detonate_Bones","Blood_Shield"],"picked":"Summon_Lich","floor":11.0},{"not_picked":["Bone_Armor","Negative_Energy_Sphere","Blood_Whip","Negative_Energy_Javelin"],"picked":"Summon_Undead","floor":12.0},{"not_picked":["Blood_Magic","Deaths_Shadow","Finger_Of_Death","Negative_Energy_Mist"],"picked":"Blood_Curse","floor":14.0},{"not_picked":["Blood_Wake","Reap_The_Weak","Skeleton_Dragon","Detonate_Bones"],"picked":"Summon_Vampire_Lady","floor":16.0},{"not_picked":["Finger_Of_Death+1","Negative_Energy_Mist","Bones_to_Steel","Plague_Bolt"],"picked":"Negative_Energy_Shield","floor":18.0},{"not_picked":["Cloudkill+1","Summon_Vampire_Lady+1","Skeleton_Dragon+1","Blood_Magic+1"],"picked":"Blood_Wake+1","floor":19},{"not_picked":["Blood_Wake+1","Blood_Magic+1","Requiem+1","Hellfire+1"],"picked":"Grasp_Heart+1","floor":19},{"not_picked":["Skeleton_Dragon+1","Grasp_Heart+1","Blood_Magic+1","Blood_Wake+1"],"picked":"Summon_Death_Knight+1","floor":19},{"not_picked":["Negative_Energy_Mist","Death_March_Dance","Death_Coil","Spectral_Walk"],"picked":"Strike_from_Beyond","floor":22},{"not_picked":["Whirlwind_of_Bones","Pandemic","Life_Drain","Chill_Blood"],"picked":"Siphon_Strength+1","floor":23},{"not_picked":["Epidemic","Toxic_Smoke_Screen","Negative_Energy_Mist","Death_March_Dance"],"picked":"Bone_Spikes","floor":24},{"not_picked":["Shackles_Of_Pain","Death_Knell","Life_Drain","Death_Coil"],"picked":"Negative_Energy_Shield","floor":24},{"not_picked":["Violent_Necrosis","Shade_Step+1","Death_Knell","Blood_Whip"],"picked":"Vampiric_Strike+1","floor":25},{"not_picked":["Stop_Heart","Vampiric_Strike","Deaths_Shadow","Consume_Illness"],"picked":"Cloudkill","floor":27},{"not_picked":["Panache","Mayhem","Sadistic Nature","MostiFishMod:PerfectForm"],"picked":"Magnetism","floor":28},{"not_picked":["MostiFishMod:Kaleido","Purity","Mayhem","SuicideKing"],"picked":"MostiFishMod:KingOfFree","floor":28},{"not_picked":["Replay:BasicMightCard","Impatience","ReplayTheSpireMod:Uncanny Aura","MostiFishMod:OneDayCity"],"picked":"Forethought","floor":28},{"not_picked":["Strike_from_Beyond","Spectral_Walk","Shackles_Of_Pain","Necromantic_Selection"],"picked":"Stop_Heart","floor":29},{"not_picked":["Scare","Necromantic_Selection","Death_Coil","Negative_Energy_Shield"],"picked":"Siphon_Strength","floor":29},{"not_picked":["Death_March_Dance","Flesh_Made_Foul","Cloudkill","Bone_Shift"],"picked":"Necrotic_Claws","floor":30},{"not_picked":["Shade_Step","Blood_Shield","Bone_Spikes","Scare"],"picked":"Consume_Illness","floor":30},{"not_picked":["Reap_The_Weak","Requiem","Negative_Energy_Bomb","Skeleton_Dragon"],"picked":"Detonate_Bones","floor":33},{"not_picked":["Flesh_Made_Foul+1","Plague_Bolt","Chill_Blood","Necromantic_Selection"],"picked":"Negative_Energy_Sphere","floor":35},{"not_picked":["Life_Drain","Negative_Energy_Shield+1","Bone_Shift","Acid_Javelin"],"picked":"Negative_Energy_Mist+1","floor":35},{"not_picked":["Negative_Energy_Javelin","Spectral_Walk","Necrotic_Claws","Chill_Blood"],"picked":"Thousand_Bone_Knives+1","floor":36},{"not_picked":["Bone_Bullets","Blood_Curse","Life_Drain+1","Necrotic_Claws"],"picked":"Blood_for_Blood","floor":36},{"not_picked":["ReplayTheSpireMod:Echoes of Time","infinitespire:Gouge"],"picked":"infinitespire:NeuralNetwork","floor":37},{"not_picked":["Bones_to_Steel","Skeleton_Dragon","Stop_Heart","Death_Coil","Epidemic"],"picked":"SKIP","floor":41},{"not_picked":["Flesh_Made_Foul+1","Epidemic","Toxic_Smoke_Screen","Consume_Illness+1"],"picked":"Summon_Undead_Army","floor":42},{"not_picked":["Negative_Energy_Mist","Scare","Shackles_Of_Pain","Shade_Step+1"],"picked":"Blood_Whip","floor":42},{"not_picked":["Bone_Bullets","Whirlwind_of_Bones","Shackles_Of_Pain+1","Bones_to_Steel"],"picked":"Siphon_Strength+1","floor":44},{"not_picked":["Deaths_Shadow+1","Summon_Lich","Finger_Of_Death+1","Negative_Energy_Mist"],"picked":"Hellfire+1","floor":46},{"not_picked":["Strike_from_Beyond+1","Blood_Is_Power","Bone_Shift+1","Death_March_Dance+1"],"picked":"Vampiric_Strike+1","floor":48},{"not_picked":["Bone_Shift","Consume_Illness","Toxic_Smoke_Screen","Bone_Bullets+1"],"picked":"Bone_Armor","floor":48},{"not_picked":["Strike_from_Beyond+1","Death_March_Dance+1","Negative_Energy_Mist","Vampiric_Strike+1"],"picked":"Bone_Armory+1","floor":51},{"not_picked":["Blood_Is_Power","Blood_Wake+1","Negative_Energy_Burst+1","Necromantic_Selection"],"picked":"Bone_Armory+1","floor":51},{"not_picked":["Strike_from_Beyond+1","Whirlwind_of_Bones+1","Bone_Spikes+1","Bone_Shift"],"picked":"Consume_Illness","floor":52},{"not_picked":["Blood_for_Blood","Finger_Of_Death+1","Shackles_Of_Pain+1","Toxic_Smoke_Screen"],"picked":"Summon_Undead+1","floor":52},{"not_picked":["Bone_Spikes+1","Vampiric_Strike+1","Negative_Energy_Sphere+1","Scare+1"],"picked":"Blood_Curse+1","floor":56},{"not_picked":["Blood_Is_Power+1","Bone_Bullets+1","Blood_Curse+1","Skeleton_Dragon"],"picked":"Uncharnel+1","floor":56}],"player_experience":1278029,"relics_obtained":[{"floor":1.0,"key":"SynthV:TestCard"},{"floor":4.0,"key":"vexMod:MemoryStick"},{"floor":5.0,"key":"wanderingMiniBosses:LockLocket"},{"floor":7.0,"key":"Replay:Rubber Ducky"},{"floor":9.0,"key":"BookOfRevelations"},{"floor":11.0,"key":"Incense Burner"},{"floor":14.0,"key":"vexMod:CardConverter"},{"floor":21,"key":"conspire:TopHat"},{"floor":23,"key":"Prayer Wheel"},{"floor":25,"key":"Calipers"},{"floor":26,"key":"Pear"},{"floor":41,"key":"Strawberry"},{"floor":43,"key":"Golden Egg"},{"floor":44,"key":"aspiration:SneckoTail"},{"floor":46,"key":"Molten Egg 2"},{"floor":53,"key":"MoneyPower"},{"floor":56,"key":"paleoftheancients:SoulOfTheVixen"}],"event_choices":[{"damage_healed":0,"gold_gain":0,"player_choice":"3","damage_taken":0,"max_hp_gain":0,"max_hp_loss":0,"event_name":"betterMatch:BetterMatch","floor":19,"gold_loss":0,"cards_obtained":["betterMatch:RareCard"]}],"is_beta":false,"boss_relics":[{"not_picked":["hubris:RunicObelisk","Pandora\u0027s Box"],"picked":"RhineFirstAidKit"},{"not_picked":[]},{"not_picked":["conspire:RunicOctahedron","TakeMeEscape","vexMod:DeviousBotling"]}],"items_purged_floors":[28],"is_endless":false,"potions_floor_spawned":[3,10,12,14,16,18,22,27,35,42,46,48,52],"ascension_level":13}}