{"host":"svab9sudlrudptws","time":1609266619,"event":{"mods":["BaseMod","Colored Powertips","Minty Spire (QoL Compilation)","Robot Space Explorer","Shade Mod","StSLib","The Blackbeard","The Marked","The Mystic","The Necromancer","The Poker Player","The Servant 0.9.4","TheFirefly"],"gold_per_floor":[112,125,142,142,154,182,193,221,221,296,296,323,323,356,356,458,458,474,399,419,123,123,151,151,178,178,198,233,244,24,24,24,119,119,133,133,151,8,8,8,40,40,63,97,115,127,154,166,166,166,166],"floor_reached":50,"playtime":4817,"items_purged":["Decay"],"score":787,"play_id":"ad9fef6e-d817-4cc3-9cb0-e94d93e17453","local_time":"20201229203019","is_ascension_mode":true,"campfire_choices":[{"data":"mysticmod:Natural20","floor":13,"key":"SMITH"},{"data":"mysticmod:MightyMagic","floor":15,"key":"SMITH"},{"data":"mysticmod:Daze","floor":24,"key":"SMITH"},{"data":"mysticmod:HeavyStrike","floor":32,"key":"SMITH"},{"data":"mysticmod:MagicWeapon","floor":40,"key":"SMITH"},{"floor":42,"key":"REST"},{"floor":49,"key":"REST"}],"circlet_count":0,"master_deck":["mysticmod:Defend_Mystic","mysticmod:Defend_Mystic","mysticmod:Defend_Mystic","mysticmod:Defend_Mystic","mysticmod:ArcaneDodge","mysticmod:ShockingGrasp","mysticmod:EnchantedMoulinet","mysticmod:Natural20+1","mysticmod:DiviningBlow","mysticmod:Disintegrate","mysticmod:Sideswipe","mysticmod:Daze+1","mysticmod:MightyMagic+1","mysticmod:GreaterInvisibility","mysticmod:Riposte","mysticmod:RapidCaster+1","mysticmod:HeavyStrike+1","mysticmod:ObscuringMist","mysticmod:MirrorEntity","CurseOfTheBell","mysticmod:ArcaneAccuracy","mysticmod:MagicWeapon+1","Clumsy","mysticmod:FloatingDisk","mysticmod:Stoneskin+1"],"relics":["mysticmod:SpellBook","Bag of Preparation","Centennial Puzzle","Orichalcum","Toy Ornithopter","HornCleat","Cursed Key","TungstenRod","CaptainsWheel","Regal Pillow","Peace Pipe","InkBottle","Pear","Blood Vial","Calling Bell","mysticmod:TrainingManual","Singing Bowl","Du-Vu Doll","Strange Spoon","Question Card","The Courier","Meat on the Bone"],"acts_visited":["Exordium","TheCity","TheBeyond"],"potions_floor_usage":[8,8,25,50],"damage_taken":[{"damage":0,"enemies":"2 Louse","floor":1,"turns":1},{"damage":0,"enemies":"Jaw Worm","floor":2,"turns":2},{"damage":0,"enemies":"Small Slimes","floor":3,"turns":2},{"damage":2,"enemies":"Blue Slaver","floor":5,"turns":4},{"damage":6,"enemies":"3 Sentries","floor":6,"turns":4},{"damage":1,"enemies":"Looter","floor":7,"turns":2},{"damage":0,"enemies":"Lagavulin","floor":8,"turns":2},{"damage":0,"enemies":"Gremlin Nob","floor":12,"turns":3},{"damage":3,"enemies":"3 Sentries","floor":14,"turns":2},{"damage":12,"enemies":"Slime Boss","floor":16,"turns":6},{"damage":6,"enemies":"Chosen","floor":18,"turns":2},{"damage":0,"enemies":"2 Thieves","floor":20,"turns":4},{"damage":18,"enemies":"Gremlin Leader","floor":23,"turns":7},{"damage":1,"enemies":"Book of Stabbing","floor":25,"turns":4},{"damage":10,"enemies":"Shelled Parasite and Fungi","floor":27,"turns":3},{"damage":15,"enemies":"Gremlin Leader","floor":28,"turns":8},{"damage":5,"enemies":"Chosen and Byrds","floor":29,"turns":4},{"damage":51,"enemies":"Champ","floor":33,"turns":9},{"damage":3,"enemies":"3 Darklings","floor":35,"turns":4},{"damage":8,"enemies":"Orb Walker","floor":37,"turns":5},{"damage":46,"enemies":"Nemesis","floor":41,"turns":9},{"damage":5,"enemies":"Reptomancer","floor":44,"turns":4},{"damage":30,"enemies":"Writhing Mass","floor":45,"turns":6},{"damage":12,"enemies":"3 Darklings","floor":46,"turns":7},{"damage":7,"enemies":"Giant Head","floor":47,"turns":6},{"damage":3,"enemies":"Spire Growth","floor":48,"turns":3},{"damage":95,"enemies":"Donu and Deca","floor":50,"turns":9}],"seed_played":"1559162083714331597","potions_obtained":[{"floor":2,"key":"Weak Potion"},{"floor":5,"key":"FearPotion"},{"floor":6,"key":"LiquidMemories"},{"floor":7,"key":"Dexterity Potion"},{"floor":14,"key":"CultistPotion"},{"floor":18,"key":"FearPotion"},{"floor":27,"key":"EntropicBrew"}],"is_trial":false,"path_per_floor":["M","M","M","?","M","E","M","E","T","?","?","E","R","E","R","B",null,"M","?","M","$","?","E","R","E","T","M","E","M","$","?","R","B",null,"M","?","M","$","?","R","E","R","T","E","M","M","E","M","R","B"],"character_chosen":"MYSTIC_CLASS","items_purchased":["TungstenRod","Blood Vial","Strange Spoon"],"campfire_rested":2,"item_purchase_floors":[21,30,38],"current_hp_per_floor":[70,70,70,70,68,62,61,61,61,50,55,55,55,52,52,40,75,69,69,69,69,63,45,45,49,49,39,34,29,29,57,57,8,85,82,82,76,76,76,76,34,75,75,72,44,36,33,46,88,0,0],"gold":166,"neow_bonus":"TRANSFORM_TWO_CARDS","is_daily":false,"chose_seed":false,"campfire_upgraded":5,"win_rate":0.0,"timestamp":1609266619,"path_taken":["M","M","M","?","M","E","M","E","T","?","?","E","R","E","R","BOSS","M","?","M","$","?","E","R","E","T","M","E","M","$","?","R","BOSS","M","?","?","$","?","R","E","R","T","E","M","M","E","M","R","BOSS"],"items_purchased_type":["Relic","Relic","Relic"],"build_version":"2020-12-22","purchased_purges":1,"victory":false,"max_hp_per_floor":[70,70,70,70,70,70,70,70,70,70,75,75,75,75,75,75,75,75,75,75,75,75,75,75,75,75,75,85,85,85,85,85,85,85,85,85,85,85,85,85,87,87,87,87,87,89,91,93,93,93,93],"card_choices":[{"not_picked":["mysticmod:ComponentsPouch","mysticmod:TomeOfSpells"],"picked":"mysticmod:DiviningBlow","floor":1},{"not_picked":["mysticmod:PureInstinct","mysticmod:Alacrity","mysticmod:SuddenClarity"],"picked":"SKIP","floor":2},{"not_picked":["mysticmod:MagicMissile","mysticmod:Snowball"],"picked":"mysticmod:Disintegrate","floor":3},{"not_picked":["mysticmod:Probe","mysticmod:Alacrity"],"picked":"mysticmod:Sideswipe","floor":5},{"not_picked":["mysticmod:Fly","mysticmod:TomeOfSpells","mysticmod:PowerAttack"],"picked":"SKIP","floor":6},{"not_picked":["mysticmod:Shield","mysticmod:DiviningBlow","mysticmod:PowerAttack"],"picked":"SKIP","floor":7},{"not_picked":["mysticmod:BulkUp","mysticmod:Shield","mysticmod:DiviningBlow"],"picked":"SKIP","floor":8},{"not_picked":["mysticmod:PureInstinct","mysticmod:PowerSlash"],"picked":"mysticmod:Daze","floor":12},{"not_picked":["mysticmod:EnergizedRift","mysticmod:Feint"],"picked":"mysticmod:MightyMagic","floor":14},{"not_picked":["mysticmod:SpontaneousCaster","mysticmod:SpellRecall"],"picked":"mysticmod:GreaterInvisibility","floor":16},{"not_picked":["mysticmod:Shield","mysticmod:ChargedParry"],"picked":"mysticmod:Riposte","floor":18},{"not_picked":["mysticmod:HunkerDown","mysticmod:SuddenClarity","mysticmod:Snowball+1"],"picked":"SKIP","floor":20},{"not_picked":["mysticmod:Lunge","mysticmod:Alacrity+1"],"picked":"mysticmod:RapidCaster+1","floor":23},{"not_picked":["mysticmod:Dedication","mysticmod:Riposte"],"picked":"mysticmod:HeavyStrike","floor":25},{"not_picked":["mysticmod:PowerAttack","mysticmod:TomeOfSpells","mysticmod:DiviningBlow"],"picked":"SKIP","floor":27},{"not_picked":["mysticmod:Flurry","mysticmod:PowerSlash+1"],"picked":"mysticmod:ObscuringMist","floor":28},{"not_picked":["mysticmod:Feint","mysticmod:CorrosiveTouch+1","mysticmod:TomeOfSpells"],"picked":"SKIP","floor":29},{"not_picked":["mysticmod:SpontaneousCaster","mysticmod:Haste"],"picked":"mysticmod:MirrorEntity","floor":33},{"not_picked":["mysticmod:RapidCaster+1","mysticmod:Riposte+1"],"picked":"mysticmod:ArcaneAccuracy","floor":35},{"not_picked":["mysticmod:ComponentsPouch","mysticmod:Daze"],"picked":"mysticmod:MagicWeapon","floor":37},{"not_picked":["mysticmod:PureInstinct","mysticmod:EbbAndFlow","mysticmod:PowerSlash+1"],"picked":"Singing Bowl","floor":41},{"not_picked":["mysticmod:Shield+1","mysticmod:Sideswipe+1","mysticmod:TomeOfSpells+1"],"picked":"mysticmod:FloatingDisk","floor":44},{"not_picked":["mysticmod:Disengage+1","mysticmod:PunishingArmor","mysticmod:Doublecast"],"picked":"mysticmod:Stoneskin+1","floor":45},{"not_picked":["mysticmod:Disengage+1","mysticmod:ChargedParry+1","mysticmod:HeavyStrike","mysticmod:Alacrity+1"],"picked":"Singing Bowl","floor":46},{"not_picked":["mysticmod:AllIn+1","mysticmod:Haste","mysticmod:RapidCaster","mysticmod:BladedDash+1"],"picked":"Singing Bowl","floor":47},{"not_picked":["mysticmod:Grapple+1","mysticmod:Snowball+1","mysticmod:ChargedParry","mysticmod:Alacrity+1"],"picked":"Singing Bowl","floor":48}],"player_experience":1680212,"relics_obtained":[{"floor":6,"key":"Bag of Preparation"},{"floor":8,"key":"Centennial Puzzle"},{"floor":9,"key":"Orichalcum"},{"floor":12,"key":"Toy Ornithopter"},{"floor":14,"key":"HornCleat"},{"floor":23,"key":"Regal Pillow"},{"floor":25,"key":"Peace Pipe"},{"floor":26,"key":"InkBottle"},{"floor":28,"key":"Pear"},{"floor":34,"key":"mysticmod:TrainingManual"},{"floor":34,"key":"Singing Bowl"},{"floor":34,"key":"Du-Vu Doll"},{"floor":41,"key":"Question Card"},{"floor":44,"key":"The Courier"},{"floor":47,"key":"Meat on the Bone"}],"event_choices":[{"damage_healed":0,"gold_gain":0,"player_choice":"Ignored","damage_taken":0,"max_hp_gain":0,"max_hp_loss":0,"event_name":"Liars Game","floor":4,"gold_loss":0},{"damage_healed":0,"gold_gain":75,"player_choice":"Gather Gold","damage_taken":11,"max_hp_gain":0,"max_hp_loss":0,"event_name":"World of Goop","floor":10,"gold_loss":0},{"damage_healed":0,"gold_gain":0,"player_choice":"Donut","damage_taken":0,"max_hp_gain":5,"max_hp_loss":0,"event_name":"Big Fish","floor":11,"gold_loss":0},{"cards_removed":["mysticmod:Strike_Mystic"],"damage_healed":0,"gold_gain":0,"player_choice":"Gave Gold","damage_taken":0,"max_hp_gain":0,"max_hp_loss":0,"event_name":"Beggar","floor":19,"gold_loss":75},{"damage_healed":0,"gold_gain":0,"player_choice":"CaptainsWheel","damage_taken":0,"relics_obtained":["CaptainsWheel"],"max_hp_gain":0,"max_hp_loss":0,"event_name":"blackbeard:ShipwreckEvent","floor":22,"gold_loss":0},{"damage_healed":28,"gold_gain":0,"player_choice":"Heal","damage_taken":0,"max_hp_gain":0,"max_hp_loss":0,"event_name":"The Library","floor":31,"gold_loss":0},{"cards_removed":["mysticmod:Strike_Mystic"],"damage_healed":0,"gold_gain":0,"player_choice":"Offered Basic","damage_taken":0,"max_hp_gain":0,"max_hp_loss":0,"event_name":"Bonfire Elementals","floor":36,"gold_loss":0},{"damage_healed":0,"gold_gain":0,"player_choice":"Got Potions","damage_taken":0,"max_hp_gain":0,"max_hp_loss":0,"event_name":"Lab","floor":39,"gold_loss":0}],"is_beta":false,"boss_relics":[{"not_picked":["SlaversCollar","Tiny House"],"picked":"Cursed Key"},{"not_picked":["Black Star","Philosopher\u0027s Stone"],"picked":"Calling Bell"}],"items_purged_floors":[30],"is_endless":false,"potions_floor_spawned":[2,5,6,7,14,18,27,37,46,47],"killed_by":"Donu and Deca","ascension_level":2}}