{"host":"sav7uxregyirlf69","time":1609248255,"event":{"mods":["AchievementEnabler","BaseMod","Colored Map","DeckTracker","Keyboard Shortcuts","Minty Spire (QoL Compilation)","READ ME - Guardian Mod","StSLib","SuperFastMode"],"gold_per_floor":[16,16,16,16,40,40,73,73,73,73,93,117,131,56,56,152,152,170,195,195,195,215,215,215,215,238,238,238],"floor_reached":27,"playtime":583,"items_purged":[],"score":422,"play_id":"45a4257d-b09a-4704-9c5f-53675ff206af","local_time":"20201229222415","is_ascension_mode":true,"campfire_choices":[{"data":"Concentrate","floor":6,"key":"SMITH"},{"data":"Expertise","floor":8,"key":"SMITH"},{"data":"Neutralize","floor":10,"key":"SMITH"},{"data":"Choke","floor":15,"key":"SMITH"},{"data":"Ghostly","floor":23,"key":"SMITH"},{"data":"Ghostly","floor":25,"key":"SMITH"}],"circlet_count":0,"master_deck":["AscendersBane","Strike_G","Strike_G","Defend_G","Defend_G","Defend_G","Survivor","Neutralize+1","Expertise+1","Choke+1","Deflect","Dagger Throw","Concentrate+1","Calculated Gamble","Backflip","Prepared","Cloak And Dagger","Ghostly+1","Ghostly+1","Ghostly"],"relics":["Ring of the Snake","Golden Idol","Bronze Scales","Vajra","Runic Pyramid","Centennial Puzzle"],"acts_visited":["Exordium","TheCity"],"potions_floor_usage":[7,16],"damage_taken":[{"damage":0,"enemies":"Small Slimes","floor":1,"turns":4},{"damage":0,"enemies":"2 Louse","floor":5,"turns":2},{"damage":22,"enemies":"Lagavulin","floor":7,"turns":6},{"damage":0,"enemies":"Cultist","floor":11,"turns":2},{"damage":3,"enemies":"Gremlin Gang","floor":12,"turns":4},{"damage":0,"enemies":"2 Fungi Beasts","floor":13,"turns":3},{"damage":8,"enemies":"The Guardian","floor":16,"turns":10},{"damage":16,"enemies":"2 Thieves","floor":18,"turns":4},{"damage":15,"enemies":"Chosen","floor":19,"turns":5},{"damage":0,"enemies":"Centurion and Healer","floor":22,"turns":6},{"damage":3,"enemies":"Chosen and Byrds","floor":27,"turns":5}],"seed_played":"-5236665684025007078","potions_obtained":[{"floor":4,"key":"SmokeBomb"},{"floor":4,"key":"AttackPotion"},{"floor":11,"key":"DistilledChaos"},{"floor":13,"key":"SteroidPotion"},{"floor":16,"key":"Energy Potion"}],"is_trial":false,"path_per_floor":["M","?","?","?","M","R","E","R","T","R","M","M","M","?","R","B",null,"M","M","?","?","M","R","?","R","T","M"],"character_chosen":"THE_SILENT","items_purchased":[],"campfire_rested":0,"item_purchase_floors":[],"current_hp_per_floor":[59,59,59,59,59,59,37,37,37,37,37,34,34,34,34,26,52,36,21,21,21,21,21,21,21,21,18,18],"gold":238,"neow_bonus":"TRANSFORM_TWO_CARDS","is_daily":false,"chose_seed":false,"campfire_upgraded":6,"win_rate":0.0,"timestamp":1609248255,"path_taken":["M","?","?","?","?","R","E","R","T","R","?","M","M","?","R","BOSS","M","M","?","?","M","R","?","R","T","M"],"items_purchased_type":[],"build_version":"2020-12-22","purchased_purges":0,"victory":false,"max_hp_per_floor":[66,66,60,60,60,60,60,60,60,60,60,60,60,60,60,60,60,60,60,30,30,30,30,30,30,30,30,30],"card_choices":[{"not_picked":["Accuracy","PiercingWail"],"picked":"Deflect","floor":1},{"not_picked":["Dodge and Roll","Finisher"],"picked":"Concentrate","floor":5},{"not_picked":["All Out Attack","Setup","Choke"],"picked":"SKIP","floor":7},{"not_picked":["Dodge and Roll","Backflip"],"picked":"Calculated Gamble","floor":11},{"not_picked":["Dodge and Roll","Footwork"],"picked":"Backflip","floor":12},{"not_picked":["Envenom","Quick Slash","Endless Agony"],"picked":"SKIP","floor":13},{"not_picked":["Dodge and Roll","Finisher"],"picked":"Prepared","floor":18},{"not_picked":["Underhanded Strike","Predator"],"picked":"Cloak And Dagger","floor":19},{"not_picked":["Flying Knee","Predator","Prepared"],"picked":"SKIP","floor":22}],"player_experience":1055189,"relics_obtained":[{"floor":7,"key":"Bronze Scales"},{"floor":9,"key":"Vajra"},{"floor":26,"key":"Centennial Puzzle"}],"event_choices":[{"damage_healed":0,"gold_gain":0,"cards_transformed":["Strike_G"],"player_choice":"Change","damage_taken":0,"max_hp_gain":0,"max_hp_loss":0,"event_name":"Living Wall","floor":2,"gold_loss":0,"cards_obtained":["Dagger Throw"]},{"damage_healed":0,"gold_gain":0,"player_choice":"Lose Max HP","damage_taken":0,"relics_obtained":["Golden Idol"],"max_hp_gain":0,"max_hp_loss":6,"event_name":"Golden Idol","floor":3,"gold_loss":0},{"damage_healed":0,"gold_gain":0,"player_choice":"Got Potions","damage_taken":0,"max_hp_gain":0,"max_hp_loss":0,"event_name":"Lab","floor":4,"gold_loss":0},{"cards_removed":["Defend_G"],"damage_healed":0,"gold_gain":0,"player_choice":"Card Removal","damage_taken":0,"max_hp_gain":0,"max_hp_loss":0,"event_name":"The Cleric","floor":14,"gold_loss":75},{"damage_healed":0,"gold_gain":0,"player_choice":"Became a Ghost","damage_taken":0,"max_hp_gain":0,"max_hp_loss":30,"event_name":"Ghosts","floor":20,"gold_loss":0,"cards_obtained":["Ghostly","Ghostly","Ghostly"]},{"damage_healed":0,"gold_gain":0,"player_choice":"Ignored","damage_taken":0,"max_hp_gain":0,"max_hp_loss":0,"event_name":"Vampires","floor":21,"gold_loss":0},{"cards_removed":["Strike_G"],"damage_healed":0,"gold_gain":0,"player_choice":"Elegance","damage_taken":0,"max_hp_gain":0,"max_hp_loss":0,"event_name":"Back to Basics","floor":24,"gold_loss":0}],"is_beta":false,"boss_relics":[{"not_picked":["Runic Dome","Sozu"],"picked":"Runic Pyramid"}],"items_purged_floors":[],"is_endless":false,"potions_floor_spawned":[5,11,13,16,18,19],"killed_by":"Chosen and Byrds","ascension_level":20}}