{"host":"fxgsgr3e13htip8z","time":1609259347,"event":{"mods":["Aspiration","BaseMod","ChefMod","Dota2Spire","Ekko","Hubris","Hyrulean Relics","Minty Spire (QoL Compilation)","Relic Stats","Replay The Spire","Robot Space Explorer","StSLib","Trackpad","Wandering Minibosses","vexMod"],"gold_per_floor":[114,114,149,149,149,189,114,114,114,160,193,193,226,251,251,359,359,384,384,411,436,461,461,495,516,516,554,255,274,305,328,328,338,338],"floor_reached":33,"playtime":5763,"items_purged":["chefmod:Strike","chefmod:Strike"],"score":324,"play_id":"014c6a50-6027-48e0-9d14-02c970b1bf53","local_time":"20201229102907","daily_mods":["Allstar","Blue Cards","Night Terrors"],"is_ascension_mode":false,"campfire_choices":[{"data":"Transmutation","floor":8,"key":"SMITH"},{"data":"chefmod:TodaysSpecial","floor":12,"key":"SMITH"},{"floor":15,"key":"DIG"},{"floor":23,"key":"REST"},{"data":"Mayhem","floor":32,"key":"SMITH"}],"circlet_count":0,"master_deck":["chefmod:Strike","chefmod:Strike","chefmod:Defend","chefmod:Defend","chefmod:Defend","chefmod:QuickThaw","chefmod:TodaysSpecial+1","Jack Of All Trades","Transmutation+1","PanicButton","Panacea","Master of Strategy","Hallucinations","chefmod:NewMenu","chefmod:FireUp","chefmod:FireUp","chefmod:CandyBowl","chefmod:Sorbet+1","chefmod:NewMenu","chefmod:CandyBowl","chefmod:LocoMoco+1","Mayhem+1","chefmod:DimSum","chefmod:FireUp","chefmod:FiveAlarmChili"],"relics":["chefmod:TrustyPot","Ring of Peace","Replay:Bandana","Darkstone Periapt","Dream Catcher","Pet Ghost","Replay:Mystery Machine","hubris:SlimyHat","Dota2Spire:ArmletOfMordiggian","Chameleon Ring","aspiration:SeaSaltIceCream","trackpad:GuardianSpirit"],"acts_visited":["Exordium","TheCity"],"potions_floor_usage":[27,27],"damage_taken":[{"damage":0,"enemies":"Jaw Worm","floor":1,"turns":7},{"damage":0,"enemies":"2 Louse","floor":3,"turns":2},{"damage":18,"enemies":"Lagavulin","floor":6,"turns":9},{"damage":0,"enemies":"Gremlin Nob","floor":10,"turns":4},{"damage":0,"enemies":"Cultist","floor":11,"turns":3},{"damage":0,"enemies":"Large Slime","floor":13,"turns":5},{"damage":0,"enemies":"Exordium Thugs","floor":14,"turns":5},{"damage":15,"enemies":"Slime Boss","floor":16,"turns":19},{"damage":63,"enemies":"3 Byrds","floor":18,"turns":9},{"damage":0,"enemies":"Shell Parasite","floor":20,"turns":5},{"damage":0,"enemies":"Centurion and Healer","floor":21,"turns":10},{"damage":19,"enemies":"Replay:Snechameleon","floor":24,"turns":8},{"damage":8,"enemies":"Shelled Parasite and Fungi","floor":25,"turns":6},{"damage":27,"enemies":"Slavers","floor":27,"turns":7},{"damage":0,"enemies":"Snake Plant","floor":29,"turns":4},{"damage":32,"enemies":"Cultist and Chosen","floor":30,"turns":5},{"damage":11,"enemies":"Centurion and Healer","floor":31,"turns":8},{"damage":63,"enemies":"Collector","floor":33,"turns":6}],"seed_played":"6838610760785432018","potions_obtained":[{"floor":1,"key":"chefmod:PotionOfPlenty"},{"floor":10,"key":"Elixir"},{"floor":11,"key":"EssenceOfSteel"}],"is_trial":false,"path_per_floor":["M","?","M","?","?","E","$","R","T","E","M","R","M","M","R","B",null,"M","?","M","M","T","R","E","M","T","E","$","M","M","M","R","B"],"character_chosen":"THE_CHEF","items_purchased":["Mayhem","chefmod:DimSum"],"campfire_rested":1,"item_purchase_floors":[28,28],"current_hp_per_floor":[76,76,76,69,69,51,51,51,51,51,51,51,51,51,51,36,76,13,13,13,13,13,71,52,44,44,17,17,17,31,20,20,0,0],"gold":338,"neow_bonus":"","is_daily":true,"chose_seed":false,"campfire_upgraded":3,"win_rate":0.0,"timestamp":1609259347,"path_taken":["M","?","M","?","?","E","$","R","T","E","?","R","M","M","R","BOSS","M","?","M","M","?","R","E","M","T","E","$","M","M","M","R","BOSS"],"items_purchased_type":["Card","Card"],"build_version":"2020-12-22","purchased_purges":2,"victory":false,"max_hp_per_floor":[76,76,76,76,76,76,76,76,76,76,76,76,76,76,76,76,76,76,76,76,76,76,71,71,71,71,71,71,71,71,71,71,71,71],"relic_stats":{"Darkstone Periapt":0,"Dream Catcher":1,"counters":[18,122],"obtain_stats":[{"Darkstone Periapt":6,"trackpad:GuardianSpirit":27,"chefmod:TrustyPot":0,"Replay:Bandana":5,"Dream Catcher":9,"Chameleon Ring":26,"Ring of Peace":2,"Dota2Spire:ArmletOfMordiggian":24,"hubris:SlimyHat":22,"aspiration:SeaSaltIceCream":27,"Replay:Mystery Machine":15,"Pet Ghost":10},{"Darkstone Periapt":3,"trackpad:GuardianSpirit":14,"chefmod:TrustyPot":0,"Replay:Bandana":2,"Dream Catcher":3,"Chameleon Ring":13,"Ring of Peace":1,"Dota2Spire:ArmletOfMordiggian":12,"hubris:SlimyHat":11,"aspiration:SeaSaltIceCream":14,"Replay:Mystery Machine":7,"Pet Ghost":4},{"Darkstone Periapt":18,"trackpad:GuardianSpirit":99,"chefmod:TrustyPot":0,"Replay:Bandana":9,"Dream Catcher":18,"Chameleon Ring":92,"Ring of Peace":7,"Dota2Spire:ArmletOfMordiggian":86,"hubris:SlimyHat":78,"aspiration:SeaSaltIceCream":99,"Replay:Mystery Machine":35,"Pet Ghost":22}]},"card_choices":[{"not_picked":["chefmod:FreshProduce","chefmod:ZaruSoba"],"picked":"chefmod:Chop","floor":1},{"not_picked":["chefmod:ZaruSoba","chefmod:IcePick"],"picked":"chefmod:NewMenu","floor":3},{"not_picked":["chefmod:Julienne","chefmod:Defrost"],"picked":"chefmod:FireUp","floor":6},{"not_picked":["chefmod:Fillet","chefmod:Julienne","chefmod:ZaruSoba"],"picked":"SKIP","floor":10},{"not_picked":["chefmod:Puree","chefmod:MonsterBait"],"picked":"chefmod:FireUp","floor":11},{"not_picked":["chefmod:CleanHouse","chefmod:Gelato","chefmod:Chop"],"picked":"SKIP","floor":13},{"not_picked":["chefmod:SliceAndDice","chefmod:QuickChop","chefmod:FryPan"],"picked":"SKIP","floor":14},{"not_picked":["chefmod:SushiPlatter","chefmod:TwoForOne"],"picked":"chefmod:CandyBowl","floor":16},{"not_picked":["chefmod:Fillet","chefmod:ZaruSoba","chefmod:Escargot"],"picked":"SKIP","floor":18},{"not_picked":["chefmod:ColdSteel","chefmod:ZaruSoba"],"picked":"chefmod:Sorbet+1","floor":20},{"not_picked":["chefmod:ZaruSoba","chefmod:BaoBuns"],"picked":"chefmod:NewMenu","floor":21},{"not_picked":["chefmod:FreezerBurn+1","chefmod:Puree"],"picked":"chefmod:CandyBowl","floor":24},{"not_picked":["chefmod:ColdSteel+1","chefmod:IceCreamCone+1","chefmod:FryPan+1"],"picked":"SKIP","floor":25},{"not_picked":["chefmod:PotatoGratin+1","chefmod:TastyDistraction"],"picked":"chefmod:LocoMoco+1","floor":27},{"not_picked":["chefmod:TonkotsuRamen","chefmod:HotSoup+1","chefmod:Gelato"],"picked":"SKIP","floor":29},{"not_picked":["chefmod:Ratatouille","chefmod:Sorbet"],"picked":"chefmod:FireUp","floor":30},{"not_picked":["chefmod:FryPan","chefmod:Gelato+1"],"picked":"chefmod:FiveAlarmChili","floor":31}],"player_experience":1508472,"relics_obtained":[{"floor":2,"key":"Ring of Peace"},{"floor":6,"key":"Darkstone Periapt"},{"floor":9,"key":"Dream Catcher"},{"floor":10,"key":"Pet Ghost"},{"floor":15,"key":"Replay:Mystery Machine"},{"floor":22,"key":"hubris:SlimyHat"},{"floor":24,"key":"Dota2Spire:ArmletOfMordiggian"},{"floor":26,"key":"Chameleon Ring"},{"floor":27,"key":"aspiration:SeaSaltIceCream"}],"event_choices":[{"cards_removed":["chefmod:Strike"],"damage_healed":0,"gold_gain":0,"player_choice":"Card Removal","damage_taken":7,"max_hp_gain":0,"max_hp_loss":0,"event_name":"Golden Wing","floor":4,"gold_loss":0},{"cards_removed":["chefmod:Chop"],"damage_healed":0,"gold_gain":0,"player_choice":"Gave Card","damage_taken":0,"relics_obtained":["Replay:Bandana"],"max_hp_gain":0,"max_hp_loss":0,"event_name":"WeMeetAgain","floor":5,"gold_loss":0}],"is_beta":false,"boss_relics":[{"not_picked":["vexMod:EndlessSickness","aspiration:PoetsPen_weak","Snecko Eye"]}],"items_purged_floors":[7,28],"is_endless":false,"potions_floor_spawned":[1,10,11,18,20,25,27],"killed_by":"Collector","ascension_level":0}}