{"host":"mwqnlghgfp5mgeui","time":1609265786,"event":{"mods":["2.2 Compatiblity","BaseMod","DeckTracker","Highlight Path","Minty Spire (QoL Compilation)","SuperFastMode","everything is the same but u backflip on backflip"],"gold_per_floor":[113,128,141,141,141,141,159,172,172,172,193,212,276,316,316,316,316],"floor_reached":16,"playtime":364,"items_purged":[],"score":106,"play_id":"74f559c3-af2b-4f02-8b83-f51468ffa65b","local_time":"20201230031626","is_ascension_mode":false,"campfire_choices":[{"floor":6,"key":"REST"},{"floor":15,"key":"REST"}],"circlet_count":0,"master_deck":["Strike_B","Strike_B","Strike_B","Strike_B","Defend_B","Defend_B","Defend_B","Defend_B","Zap","Dualcast","Conserve Battery","Undo","Rebound","Static Discharge","Skim","Force Field+1","Tempest+1","Stack+1","Melter"],"relics":["Cracked Core","Bronze Scales","Golden Idol","Toxic Egg 2","SsserpentHead","WingedGreaves"],"acts_visited":["Exordium"],"potions_floor_usage":[14],"damage_taken":[{"damage":11,"enemies":"Jaw Worm","floor":1,"turns":3},{"damage":6,"enemies":"2 Louse","floor":2,"turns":1},{"damage":3,"enemies":"Cultist","floor":3,"turns":4},{"damage":2,"enemies":"3 Louse","floor":7,"turns":3},{"damage":4,"enemies":"Blue Slaver","floor":8,"turns":4},{"damage":13,"enemies":"Looter","floor":11,"turns":3},{"damage":8,"enemies":"3 Louse","floor":12,"turns":3},{"damage":14,"enemies":"Blue Slaver","floor":13,"turns":3},{"damage":16,"enemies":"3 Sentries","floor":14,"turns":6},{"damage":25,"enemies":"The Guardian","floor":16,"turns":6}],"seed_played":"5527034968221394349","potions_obtained":[{"floor":7,"key":"EssenceOfSteel"},{"floor":11,"key":"FocusPotion"},{"floor":13,"key":"GamblersBrew"}],"is_trial":false,"path_per_floor":["M","M","M","?","?","R","M","M","T","?","M","M","M","E","R","B"],"character_chosen":"DEFECT","items_purchased":[],"campfire_rested":2,"item_purchase_floors":[],"current_hp_per_floor":[64,58,55,37,37,59,57,53,53,53,40,32,18,2,24,0,0],"gold":316,"neow_bonus":"RANDOM_COMMON_RELIC","is_daily":false,"chose_seed":false,"campfire_upgraded":0,"win_rate":0.0,"timestamp":1609265786,"path_taken":["M","M","M","?","?","R","M","M","T","?","M","M","?","E","R","BOSS"],"items_purchased_type":[],"build_version":"2020-12-22","purchased_purges":0,"victory":false,"max_hp_per_floor":[75,75,75,75,75,75,75,75,75,75,75,75,75,75,75,75,75],"card_choices":[{"not_picked":["Turbo","Ball Lightning"],"picked":"Conserve Battery","floor":1},{"not_picked":["Scrape","Rip and Tear"],"picked":"Undo","floor":2},{"not_picked":["Tempest","Turbo"],"picked":"Rebound","floor":3},{"not_picked":["Steam Power","Coolheaded"],"picked":"Static Discharge","floor":7},{"not_picked":["Reinforced Body","Steam"],"picked":"Skim","floor":8},{"not_picked":["Streamline","Gash"],"picked":"Force Field+1","floor":11},{"not_picked":["Go for the Eyes","All For One"],"picked":"Tempest+1","floor":12},{"not_picked":["Hologram+1","Barrage"],"picked":"Stack+1","floor":13},{"not_picked":["Defragment","Chaos+1"],"picked":"Melter","floor":14}],"player_experience":136216,"relics_obtained":[{"floor":9,"key":"Toxic Egg 2"},{"floor":14,"key":"WingedGreaves"}],"event_choices":[{"damage_healed":0,"gold_gain":0,"player_choice":"Take Damage","damage_taken":18,"relics_obtained":["Golden Idol"],"max_hp_gain":0,"max_hp_loss":0,"event_name":"Golden Idol","floor":4,"gold_loss":0},{"damage_healed":0,"gold_gain":0,"player_choice":"Fled","damage_taken":0,"max_hp_gain":0,"max_hp_loss":0,"event_name":"Scrap Ooze","floor":5,"gold_loss":0},{"damage_healed":0,"gold_gain":0,"player_choice":"Trade","damage_taken":0,"relics_obtained":["SsserpentHead"],"max_hp_gain":0,"max_hp_loss":0,"event_name":"FaceTrader","floor":10,"gold_loss":0}],"is_beta":false,"boss_relics":[],"items_purged_floors":[],"is_endless":false,"potions_floor_spawned":[7,11,13],"killed_by":"The Guardian","ascension_level":0}}