{"host":"sc0o2qwpf9j16a4i","time":1609238241,"event":{"mods":["AchievementEnabler","BaseMod","BetterRewards","Block Reminder","Colored Map","Colored Powertips","Custom Start","Highlight Path","Minty Spire (QoL Compilation)","Relic Stats"],"gold_per_floor":[118,128,128,148,159,159,188,200,249,249,249,281,206,218,218,313,313,327,337,337,20,32,61,61,71,71,97,97,97,97,114,114,216,216,226,236,11,61,61,61,92,92,165,198,198,217,247,264,264,264,264,264,264,264],"floor_reached":53,"playtime":2092,"items_purged":["Strike_B","Strike_B"],"score":1149,"play_id":"d51c4851-d287-4c24-82bd-de9f12eaacff","local_time":"20201229123721","is_ascension_mode":true,"campfire_choices":[{"data":"Apotheosis","floor":6,"key":"SMITH"},{"data":"Multi-Cast","floor":10,"key":"SMITH"},{"data":"Echo Form","floor":15,"key":"SMITH"},{"data":"Reinforced Body","floor":24,"key":"SMITH"},{"data":"Fission","floor":28,"key":"SMITH"},{"data":"Loop","floor":30,"key":"SMITH"},{"data":"Recycle","floor":32,"key":"SMITH"},{"floor":40,"key":"RECALL"},{"data":"Reboot","floor":42,"key":"SMITH"},{"data":"Undo","floor":49,"key":"SMITH"},{"data":"Darkness","floor":52,"key":"SMITH"}],"circlet_count":0,"master_deck":["Defend_B+1","Defend_B","Defend_B","Zap+1","Dualcast","Apotheosis+1","Leap","Redo","Glacier+1","Ball Lightning","Self Repair","Ball Lightning","Multi-Cast+1","Cold Snap","Undo+1","Darkness+1","Reinforced Body+1","Echo Form+1","Core Surge","Recycle+1","Static Discharge+1","Sweeping Beam+1","Necronomicurse","Loop+1","Fission+1","Amplify","Leap+1","Electrodynamics","Hello World","Defragment+1","Capacitor+1","Coolheaded+1","Doom and Gloom","Stack+1","Reboot+1","Go for the Eyes+1"],"relics":["Cracked Core","Prayer Wheel","PreservedInsect","Cables","Velvet Choker","Necronomicon","Lantern","Symbiotic Virus","Inserter","Runic Capacitor","Torii","War Paint","Pantograph","Bottled Tornado","Orichalcum"],"acts_visited":["Exordium","TheCity","TheBeyond","TheEnding"],"potions_floor_usage":[14,16,23,23],"damage_taken":[{"damage":0,"enemies":"Small Slimes","floor":1,"turns":3},{"damage":0,"enemies":"Cultist","floor":2,"turns":3},{"damage":0,"enemies":"2 Louse","floor":4,"turns":4},{"damage":5,"enemies":"Exordium Thugs","floor":5,"turns":4},{"damage":3,"enemies":"Lagavulin","floor":7,"turns":5},{"damage":0,"enemies":"2 Fungi Beasts","floor":8,"turns":3},{"damage":0,"enemies":"Gremlin Nob","floor":12,"turns":3},{"damage":14,"enemies":"Gremlin Gang","floor":14,"turns":3},{"damage":5,"enemies":"Hexaghost","floor":16,"turns":7},{"damage":0,"enemies":"Spheric Guardian","floor":18,"turns":5},{"damage":0,"enemies":"Shell Parasite","floor":19,"turns":6},{"damage":8,"enemies":"Snecko","floor":22,"turns":6},{"damage":0,"enemies":"Gremlin Leader","floor":23,"turns":8},{"damage":9,"enemies":"Sentry and Sphere","floor":25,"turns":5},{"damage":6,"enemies":"Book of Stabbing","floor":27,"turns":5},{"damage":5,"enemies":"Snake Plant","floor":31,"turns":5},{"damage":4,"enemies":"Champ","floor":33,"turns":7},{"damage":0,"enemies":"3 Shapes","floor":35,"turns":3},{"damage":4,"enemies":"Orb Walker","floor":36,"turns":4},{"damage":0,"enemies":"Mind Bloom Boss Battle","floor":38,"turns":4},{"damage":0,"enemies":"Giant Head","floor":41,"turns":6},{"damage":15,"enemies":"Nemesis","floor":44,"turns":7},{"damage":38,"enemies":"Jaw Worm Horde","floor":46,"turns":7},{"damage":0,"enemies":"Giant Head","floor":47,"turns":7},{"damage":0,"enemies":"4 Shapes","floor":48,"turns":4},{"damage":26,"enemies":"Donu and Deca","floor":50,"turns":10}],"seed_played":"3814913518802283279","potions_obtained":[{"floor":4,"key":"Fire Potion"},{"floor":7,"key":"SkillPotion"},{"floor":12,"key":"FocusPotion"},{"floor":14,"key":"EssenceOfSteel"},{"floor":16,"key":"EssenceOfDarkness"},{"floor":22,"key":"Swift Potion"},{"floor":31,"key":"Fire Potion"},{"floor":41,"key":"SneckoOil"},{"floor":45,"key":"LiquidBronze"},{"floor":45,"key":"Dexterity Potion"}],"is_trial":false,"path_per_floor":["M","M","?","M","M","R","E","M","T","R","?","E","$","M","R","B",null,"M","M","?","$","M","E","R","M","T","E","R","?","R","M","R","B",null,"M","M","$","?","$","R","E","R","T","E","?","M","E","M","R","B",null,"R","$"],"character_chosen":"DEFECT","items_purchased":["Apotheosis","Leap","Redo","Loop","Fission","Runic Capacitor","Doom and Gloom"],"campfire_rested":0,"item_purchase_floors":[0,0,0,21,21,37,37],"current_hp_per_floor":[68,68,68,68,70,70,75,75,75,75,75,75,75,61,61,56,75,75,75,59,59,51,71,71,62,62,56,56,56,56,71,71,75,75,75,71,71,71,71,71,75,75,75,60,60,36,56,63,63,59,75,75,75,75],"gold":264,"neow_bonus":"","is_daily":false,"chose_seed":false,"campfire_upgraded":10,"win_rate":0.0,"timestamp":1609238241,"path_taken":["M","M","?","M","?","R","E","M","T","R","?","E","?","M","R","BOSS","M","M","?","?","?","E","R","M","T","E","R","?","R","M","R","BOSS","M","M","$","?","$","R","E","R","T","E","?","?","E","?","R","BOSS","R","$"],"items_purchased_type":["Card","Card","Card","Card","Card","Relic","Card"],"build_version":"2020-12-22","purchased_purges":2,"victory":false,"max_hp_per_floor":[75,75,75,75,75,75,75,75,75,75,75,75,75,75,75,75,75,75,75,75,75,75,75,75,75,75,75,75,75,75,75,75,75,75,75,75,75,75,75,75,75,75,75,75,75,75,75,75,75,75,75,75,75,75],"relic_stats":{"Inserter":[17],"Torii":6,"counters":[104,558],"Pantograph":12,"Prayer Wheel":11,"PreservedInsect":435,"Necronomicon":[8],"War Paint":["Glacier","Defend_B"],"Orichalcum":[18],"obtain_stats":[{"TwistedFunnel":0,"CeramicFish":9,"Vajra":7,"Runic Capacitor":37,"Bottled Tornado":44,"Boot":10,"Old Coin":40,"Blood Vial":43,"Centennial Puzzle":40,"Strawberry":8,"Prayer Wheel":7,"Necronomicon":20,"Toxic Egg 2":6,"Velvet Choker":17,"Eternal Feather":47,"Pen Nib":9,"War Paint":41,"Akabeko":0,"Cables":12,"SlaversCollar":34,"Snecko Eye":17,"Pandora\u0027s Box":17,"Molten Egg 2":5,"Symbiotic Virus":27,"Regal Pillow":0,"Lantern":23,"Singing Bowl":0,"Torii":38,"Bag of Preparation":9,"Cursed Key":0,"Smiling Mask":30,"ClockworkSouvenir":46,"Dream Catcher":8,"Tough Bandages":0,"Pantograph":24,"Tiny Chest":13,"Ring of the Snake":0,"Potion Belt":11,"Lee\u0027s Waffle":0,"Inserter":34,"Golden Idol":5,"PreservedInsect":6,"The Courier":7,"Frozen Egg 2":0,"Orichalcum":47,"White Beast Statue":0,"Busted Crown":34,"Ornamental Fan":9,"Bloody Idol":20,"Bag of Marbles":46,"Bottled Lightning":31,"Membership Card":12,"FossilizedHelix":45,"Toy Ornithopter":0},{"TwistedFunnel":43,"CeramicFish":48,"Vajra":71,"Runic Capacitor":97,"Bottled Tornado":100,"Boot":23,"Old Coin":39,"Blood Vial":39,"Centennial Puzzle":63,"Strawberry":48,"Prayer Wheel":83,"Necronomicon":89,"Toxic Egg 2":21,"Velvet Choker":87,"Eternal Feather":41,"Pen Nib":71,"War Paint":99,"Akabeko":43,"Cables":85,"SlaversCollar":59,"Snecko Eye":14,"Pandora\u0027s Box":27,"Molten Egg 2":46,"Symbiotic Virus":93,"Regal Pillow":67,"Lantern":91,"Singing Bowl":43,"Torii":98,"Bag of Preparation":11,"Cursed Key":0,"Smiling Mask":57,"ClockworkSouvenir":40,"Dream Catcher":22,"Tough Bandages":43,"Pantograph":31,"Tiny Chest":49,"Ring of the Snake":0,"Potion Belt":72,"Lee\u0027s Waffle":67,"Inserter":95,"Golden Idol":3,"PreservedInsect":4,"The Courier":11,"Frozen Egg 2":67,"Orichalcum":102,"White Beast Statue":43,"Busted Crown":35,"Ornamental Fan":22,"Bloody Idol":15,"Bag of Marbles":40,"Bottled Lightning":34,"Membership Card":72,"FossilizedHelix":64,"Toy Ornithopter":67},{"TwistedFunnel":217,"CeramicFish":232,"Vajra":389,"Runic Capacitor":513,"Bottled Tornado":530,"Boot":119,"Old Coin":192,"Blood Vial":192,"Centennial Puzzle":347,"Strawberry":232,"Prayer Wheel":443,"Necronomicon":470,"Toxic Egg 2":110,"Velvet Choker":459,"Eternal Feather":203,"Pen Nib":389,"War Paint":523,"Akabeko":217,"Cables":449,"SlaversCollar":315,"Snecko Eye":84,"Pandora\u0027s Box":131,"Molten Egg 2":222,"Symbiotic Virus":494,"Regal Pillow":372,"Lantern":484,"Singing Bowl":217,"Torii":517,"Bag of Preparation":65,"Cursed Key":0,"Smiling Mask":296,"ClockworkSouvenir":197,"Dream Catcher":116,"Tough Bandages":217,"Pantograph":146,"Tiny Chest":236,"Ring of the Snake":0,"Potion Belt":393,"Lee\u0027s Waffle":372,"Inserter":506,"Golden Idol":13,"PreservedInsect":21,"The Courier":65,"Frozen Egg 2":372,"Orichalcum":544,"White Beast Statue":217,"Busted Crown":169,"Ornamental Fan":116,"Bloody Idol":90,"Bag of Marbles":197,"Bottled Lightning":161,"Membership Card":393,"FossilizedHelix":356,"Toy Ornithopter":372}],"Cables":[88,53,16,19,0]},"card_choices":[{"not_picked":["Stack","Aggregate"],"picked":"Glacier","floor":1},{"not_picked":["Redo","Reprogram"],"picked":"Ball Lightning","floor":2},{"not_picked":["Rebound","Streamline"],"picked":"Self Repair","floor":4},{"not_picked":["Recycle","Chaos"],"picked":"Ball Lightning","floor":5},{"not_picked":["Sweeping Beam","Hologram"],"picked":"Multi-Cast","floor":7},{"not_picked":["Coolheaded","Force Field"],"picked":"Cold Snap","floor":8},{"not_picked":["Double Energy","Stack"],"picked":"Undo","floor":8},{"not_picked":["Turbo","Redo"],"picked":"Darkness","floor":12},{"not_picked":["Hologram","Steam"],"picked":"Reinforced Body","floor":14},{"not_picked":["Turbo","Steam"],"picked":"Echo Form","floor":14},{"not_picked":["Multi-Cast","Creative AI"],"picked":"Core Surge","floor":16},{"not_picked":["Darkness+1","Compile Driver"],"picked":"Recycle","floor":18},{"not_picked":["Tempest+1","Turbo","Rebound+1"],"picked":"SKIP","floor":18},{"not_picked":["White Noise","Ball Lightning"],"picked":"Static Discharge+1","floor":19},{"not_picked":["White Noise","Conserve Battery"],"picked":"Sweeping Beam+1","floor":19},{"not_picked":["Turbo","Hologram+1"],"picked":"Amplify","floor":22},{"not_picked":["Stack","Beam Cell+1","Streamline"],"picked":"SKIP","floor":22},{"not_picked":["Storm","Undo+1"],"picked":"Leap+1","floor":23},{"not_picked":["Chaos+1","Leap","White Noise"],"picked":"SKIP","floor":25},{"not_picked":["Streamline","Ball Lightning","Conserve Battery+1"],"picked":"SKIP","floor":25},{"not_picked":["Redo","Scrape","Gash"],"picked":"SKIP","floor":27},{"not_picked":["Fusion","Compile Driver+1"],"picked":"Defragment+1","floor":31},{"not_picked":["Streamline","Beam Cell+1","Turbo"],"picked":"SKIP","floor":31},{"not_picked":["Redo","Leap","Cold Snap+1"],"picked":"SKIP","floor":35},{"not_picked":["Self Repair+1","Chill","Streamline"],"picked":"SKIP","floor":35},{"not_picked":["Barrage","Streamline+1"],"picked":"Capacitor+1","floor":36},{"not_picked":["Beam Cell+1","Go for the Eyes"],"picked":"Coolheaded+1","floor":36},{"not_picked":["Barrage","Redo"],"picked":"Stack+1","floor":38},{"not_picked":["Cold Snap","All For One"],"picked":"Reboot","floor":41},{"not_picked":["Leap","Rip and Tear+1","Gash+1"],"picked":"SKIP","floor":44},{"not_picked":["Cold Snap+1","Leap"],"picked":"Go for the Eyes+1","floor":46},{"not_picked":["Cold Snap","Rebound","Stack+1"],"picked":"SKIP","floor":46},{"not_picked":["Sunder+1","FTL","Steam Power+1"],"picked":"SKIP","floor":47},{"not_picked":["Go for the Eyes","Static Discharge+1","Chill"],"picked":"SKIP","floor":48},{"not_picked":["Gash+1","Beam Cell+1","Conserve Battery"],"picked":"SKIP","floor":48}],"player_experience":381302,"relics_obtained":[{"floor":7,"key":"Prayer Wheel"},{"floor":9,"key":"PreservedInsect"},{"floor":12,"key":"Cables"},{"floor":20,"key":"Necronomicon"},{"floor":23,"key":"Lantern"},{"floor":27,"key":"Symbiotic Virus"},{"floor":38,"key":"Torii"},{"floor":41,"key":"War Paint"},{"floor":43,"key":"Pantograph"},{"floor":44,"key":"Bottled Tornado"},{"floor":47,"key":"Orichalcum"}],"event_choices":[{"cards_removed":["Strike_B"],"damage_healed":0,"gold_gain":0,"player_choice":"Offered Basic","damage_taken":0,"max_hp_gain":0,"max_hp_loss":0,"event_name":"Bonfire Elementals","floor":3,"gold_loss":0},{"damage_healed":0,"gold_gain":0,"player_choice":"Upgraded","damage_taken":0,"max_hp_gain":0,"max_hp_loss":0,"event_name":"Upgrade Shrine","floor":11,"gold_loss":0,"cards_upgraded":["Zap"]},{"damage_healed":0,"gold_gain":0,"player_choice":"Obtained Book","damage_taken":16,"max_hp_gain":0,"max_hp_loss":0,"event_name":"Cursed Tome","floor":20,"gold_loss":0},{"damage_healed":0,"gold_gain":0,"cards_transformed":["Defend_B","Strike_B"],"player_choice":"Became Test Subject","damage_taken":0,"max_hp_gain":0,"max_hp_loss":0,"event_name":"Drug Dealer","floor":29,"gold_loss":0,"cards_obtained":["Electrodynamics","Hello World"]},{"damage_healed":0,"gold_gain":0,"player_choice":"Fight","damage_taken":0,"max_hp_gain":0,"max_hp_loss":0,"event_name":"MindBloom","floor":38,"gold_loss":0},{"damage_healed":0,"gold_gain":0,"player_choice":"Got Potions","damage_taken":0,"max_hp_gain":0,"max_hp_loss":0,"event_name":"Lab","floor":45,"gold_loss":0}],"is_beta":false,"boss_relics":[{"not_picked":["Empty Cage","FrozenCore"],"picked":"Velvet Choker"},{"not_picked":["Astrolabe","Pandora\u0027s Box"],"picked":"Inserter"}],"items_purged_floors":[13,21],"is_endless":false,"potions_floor_spawned":[4,7,12,14,16,18,22,31,41,46,48],"ascension_level":1}}