{"host":"n7gt2lywuauec2nz","time":1609236663,"event":{"mods":["2.2 Compatiblity","Act Like it!","Arknights The Spire","Aspiration","BaseMod","Better Third Choice","Colored Powertips","DeckTracker","Dota2Spire","GifTheSpireLib","Highlight Path","Hubris","Infinite Spire","Minty Spire (QoL Compilation)","Quick Restart","Random Character Button","Relic Sorter","Replay The Spire","Retaliation","StSLib","Synergy Search","The Alterego","The Caster","The Dragon Tamer","The Hierophant","The IronCluck","Yakumo Yukari mod"],"gold_per_floor":[140,155,166,166,14,14,41,55,55,55,55,84,112,131,131,235,235,257,266,286,286,286,286,324,24,24,56,0,0,0,22,22,140,167,227,275,317,317,344,387,387,425,425,460,507,549,592,628,628,637,637,637,42,106,184],"floor_reached":56,"playtime":2613,"items_purged":["Defend_purpleEX","Defend_purpleEX"],"score":1555,"play_id":"17f40d26-795a-48e6-9764-8c16f450c0a3","local_time":"20201229021103","is_ascension_mode":false,"campfire_choices":[{"floor":6,"key":"REST"},{"floor":10,"key":"REST"},{"floor":15,"key":"REST"},{"floor":23,"key":"REST"},{"floor":29,"key":"REST"},{"floor":32,"key":"REST"},{"floor":41,"key":"RECALL"},{"data":"LoveAcrossDimensions_purple","floor":49,"key":"SMITH"},{"data":"MagicEyes_LaplaceDemon_purple","floor":52,"key":"SMITH"}],"circlet_count":0,"master_deck":["AT_purpleEX","AT_purpleEX","AT_purpleEX","AT_purpleEX","Defend_purpleEX","Defend_purpleEX","Observe_purple_1","Observe_purple_2","WeekHit_purple","OmniscientAndOmnipotent_Monster_purple","BarrageBoundary_PipeDream_purple","Boundary_of_Extermination_purpleEX","DimensionStaggered_purple","Boundary_of_Extermination_purpleEX","PurpleNeedle_purple","Line_surface_state_purple","ContainerChange_purple+1","GluttonyofRealm_purpleEX","DimensionStaggered_purple+1","hubris:InfiniteBlow+7","Boundary_of_Extermination_purpleEX+1","StateErode_purple","CommonSense_AntiCommonSense_purple","Midas Touch","Jack Of All Trades","Bait_HighSpeedFlying_purple","WingOfChimera_purple+1","LoveAcrossDimensions_purple+1","hubris:Wrath","hubris:Greed","Injury","hubris:Greed","MagicEyes_LaplaceDemon_purple+1","hubris:Greed","Boundary_DreamRealityDamnation_purple","CommonSense_AntiCommonSense_purple","Mirror_FourBoundary_purple+1","StretchesForeverDream_purple","OmniscientAndOmnipotent_Monster_purple+1","OmniscientAndOmnipotent_Monster_purple","SharpContractionReality_purple+1","D_absorption_purple","hubris:Greed","Boundary_of_Extermination_purpleEX","Fancifulhole_purple"],"relics":["Boundary_crack","Dota2Spire:MantaStyle","Dota2Spire:LotusOrb","Memoryfragments_purpleEX","NeowsBlessing","ats:Originium","Pantograph","CeramicFish","Ring of Chaos","SlaversCollar","hubris:DeckOfHolding","ats:Originium","Dota2Spire:AghanimScepter","infinitespire:Midas Blood","Replay:Ancient Bell","Dota2Spire:PhaseBoots","Letter Opener","Counterbalance","Vajra","ReplayFunnel","ats:Originium","Replay:Towering Pillar of Hats","Mummified Hand","infinitespire:Broken Mirror","ats:Originium","Dota2Spire:ArmletOfMordiggian"],"acts_visited":["Exordium","TheCity","TheBeyond","TheEnding"],"potions_floor_usage":[12,13,16,33,50,50,55],"damage_taken":[{"damage":0,"enemies":"2 Louse","floor":1,"turns":2},{"damage":0,"enemies":"Jaw Worm","floor":2,"turns":1},{"damage":0,"enemies":"Cultist","floor":3,"turns":1},{"damage":31,"enemies":"Replay:BlueRogue","floor":7,"turns":7},{"damage":6,"enemies":"Exordium Wildlife","floor":8,"turns":3},{"damage":16,"enemies":"Large Slime","floor":12,"turns":4},{"damage":15,"enemies":"2 Fungi Beasts","floor":13,"turns":4},{"damage":0,"enemies":"Exordium Wildlife","floor":14,"turns":3},{"damage":41,"enemies":"Hexaghost","floor":16,"turns":10},{"damage":29,"enemies":"Chosen","floor":18,"turns":7},{"damage":7,"enemies":"3 Byrds","floor":20,"turns":5},{"damage":45,"enemies":"Book of Stabbing","floor":24,"turns":4},{"damage":8,"enemies":"Snecko","floor":27,"turns":4},{"damage":5,"enemies":"Sentry and Sphere","floor":31,"turns":3},{"damage":49,"enemies":"Automaton","floor":33,"turns":7},{"damage":56,"enemies":"3 Darklings","floor":35,"turns":5},{"damage":9,"enemies":"3 Shapes","floor":36,"turns":3},{"damage":0,"enemies":"Writhing Mass","floor":37,"turns":1},{"damage":0,"enemies":"Jaw Worm Horde","floor":40,"turns":1},{"damage":0,"enemies":"3 Darklings","floor":42,"turns":1},{"damage":0,"enemies":"Sphere and 2 Shapes","floor":44,"turns":1},{"damage":7,"enemies":"R_Hoarder","floor":45,"turns":1},{"damage":0,"enemies":"Writhing Mass","floor":46,"turns":1},{"damage":0,"enemies":"Jaw Worm Horde","floor":47,"turns":1},{"damage":0,"enemies":"Transient","floor":48,"turns":1},{"damage":0,"enemies":"Donu and Deca","floor":50,"turns":8},{"damage":0,"enemies":"Shield and Spear","floor":54,"turns":3},{"damage":76,"enemies":"The Heart","floor":55,"turns":8}],"seed_played":"-2147320108853128793","potions_obtained":[{"floor":3,"key":"Strength Potion"},{"floor":8,"key":"Explosive Potion"},{"floor":12,"key":"Dota2Spire:HealingSalve"},{"floor":14,"key":"DDmod:CleansePotion"},{"floor":20,"key":"DDmod:CleansePotion"},{"floor":31,"key":"Adrenaline Potion"},{"floor":35,"key":"DDmod:CleansePotion"},{"floor":45,"key":"Swift Potion"},{"floor":46,"key":"Energy Potion"},{"floor":54,"key":"FearPotion"}],"is_trial":false,"path_per_floor":["M","M","M","?","$","R","E","M","T","R","?","M","M","M","R","B",null,"M","AVR","M","?","?","R","E","$","T","M","?","R","$","M","R","B",null,"M","M","M","?","T","M","R","M","T","M","E","M","M","M","R","B",null,"R","$","E","B",null],"character_chosen":"Youkari","items_purchased":["Boundary_of_Extermination_purpleEX","CommonSense_AntiCommonSense_purple","Midas Touch","Jack Of All Trades","Mummified Hand","infinitespire:Broken Mirror","Boundary_of_Extermination_purpleEX","PowerPotion"],"campfire_rested":6,"item_purchase_floors":[5,25,25,25,53,53,53,53],"current_hp_per_floor":[70,70,70,45,45,66,35,32,32,53,53,37,36,39,60,32,70,41,41,37,37,37,58,18,18,18,10,10,31,31,26,47,27,73,22,15,15,22,22,22,22,22,22,22,15,15,15,15,15,73,73,73,73,73,53],"gold":184,"neow_bonus":"THREE_ENEMY_KILL","is_daily":false,"chose_seed":false,"campfire_upgraded":2,"win_rate":0.0,"timestamp":1609236663,"path_taken":["M","M","M","?","$","R","E","M","T","R","?","M","M","?","R","BOSS","M","AVR","M","?","?","R","E","?","T","M","?","R","$","?","R","BOSS","M","M","M","?","?","M","R","M","T","M","E","M","M","M","R","BOSS","R","$","E","BOSS"],"items_purchased_type":["Card","Card","Card","Card","Relic","Relic","Card","Potion"],"build_version":"2020-12-22","purchased_purges":2,"victory":true,"max_hp_per_floor":[70,70,70,70,70,70,70,70,70,70,70,70,70,70,70,70,70,70,70,73,73,73,73,73,73,73,73,73,73,73,73,73,73,73,73,73,73,73,73,73,73,73,73,73,73,73,73,73,73,73,73,73,73,73,73],"card_choices":[{"not_picked":["RuleDissolution_purple","Line_surface_state_purple"],"picked":"WeekHit_purple","floor":1},{"not_picked":["MeetDecomposer_purple","StateDuplicate_purple"],"picked":"OmniscientAndOmnipotent_Monster_purple","floor":2},{"not_picked":["Umbrella_purple","ExternalForce_HighSpeedFlying_purple"],"picked":"BarrageBoundary_PipeDream_purple","floor":3},{"not_picked":["StateDuplicate_purple","Boundary_of_Extermination_purpleEX"],"picked":"DimensionStaggered_purple","floor":7},{"not_picked":["ExternalForce_HighSpeedFlying_purple","Realm_recovery_purpleEX"],"picked":"Boundary_of_Extermination_purpleEX","floor":8},{"not_picked":["Umbrella_purple","OmniscientAndOmnipotent_Monster_purple"],"picked":"PurpleNeedle_purple","floor":12},{"not_picked":["MeetDecomposer_purple","Bait_Toxicbait_purple"],"picked":"Line_surface_state_purple","floor":13},{"not_picked":["StateDuplicate_purple","Line_surface_state_purple"],"picked":"ContainerChange_purple","floor":14},{"not_picked":["MagicEyes_LaplaceDemon_purple","WangLiang_LineAndCurveDreams_purple"],"picked":"GluttonyofRealm_purpleEX","floor":16},{"not_picked":["Mirror_FormAndEmptin_purple","Realm_recovery_purpleEX"],"picked":"DimensionStaggered_purple+1","floor":18},{"not_picked":["WingOfChimera_purple","Erosivefilter_purple+1"],"picked":"Boundary_of_Extermination_purpleEX+1","floor":20},{"not_picked":["DimensionStaggered_purple+1","RuleDissolution_purple"],"picked":"StateErode_purple","floor":24},{"not_picked":["StateErode_purple","Worldmountain_purple"],"picked":"Bait_HighSpeedFlying_purple","floor":27},{"not_picked":["Mirror_FormAndEmptin_purple","MeetDecomposer_purple"],"picked":"WingOfChimera_purple+1","floor":31},{"not_picked":["BarrageBoundary_PipeDream_purple","Human_Monster_Realm_purple"],"picked":"LoveAcrossDimensions_purple","floor":33},{"not_picked":["hubris:Envy","CurseOfTheBell"],"picked":"hubris:Wrath","floor":34},{"not_picked":["Replay:Hysterical Blindness","hubris:Gluttony"],"picked":"hubris:Greed","floor":34},{"not_picked":["ReplayTheSpireMod:Faulty Equipment","Shame"],"picked":"Injury","floor":34},{"not_picked":["StateErode_purple","Realm_recovery_purpleEX"],"picked":"MagicEyes_LaplaceDemon_purple","floor":35},{"not_picked":["Mirror_FormAndEmptin_purple","ButterflyHabitatTemple_purple"],"picked":"Boundary_DreamRealityDamnation_purple","floor":36},{"not_picked":["Umbrella_purple+1","MeetDecomposer_purple"],"picked":"CommonSense_AntiCommonSense_purple","floor":37},{"not_picked":["AdvanceAttack_purple+1","Boundary_LightAndDark_purple"],"picked":"Mirror_FourBoundary_purple+1","floor":40},{"not_picked":["StateDuplicate_purple","Anti_communist_purple+1"],"picked":"StretchesForeverDream_purple","floor":42},{"not_picked":["Bait_Toxicbait_purple+1","Mirror_Drifter_purple+1"],"picked":"OmniscientAndOmnipotent_Monster_purple+1","floor":44},{"not_picked":["WorldDissolvedintheRealm_purple+1","Yakumo_Ran_purple+1","ExistenceContinue_purple+1"],"picked":"SKIP","floor":45},{"not_picked":["Anti_communist_purple+1","Boundary_LightAndDark_purple+1"],"picked":"OmniscientAndOmnipotent_Monster_purple","floor":46},{"not_picked":["StateDuplicate_purple+1","MeetDecomposer_purple+1"],"picked":"SharpContractionReality_purple+1","floor":47},{"not_picked":["DimensionStaggered_purple+1","ExistenceContinue_purple+1"],"picked":"D_absorption_purple","floor":48},{"not_picked":["DimensionStaggered_purple","MeetDecomposer_purple+1"],"picked":"Fancifulhole_purple","floor":54}],"player_experience":162421,"relics_obtained":[{"floor":7,"key":"ats:Originium"},{"floor":7,"key":"Pantograph"},{"floor":11,"key":"CeramicFish"},{"floor":24,"key":"ats:Originium"},{"floor":24,"key":"Dota2Spire:AghanimScepter"},{"floor":26,"key":"infinitespire:Midas Blood"},{"floor":39,"key":"Vajra"},{"floor":43,"key":"ReplayFunnel"},{"floor":45,"key":"ats:Originium"},{"floor":45,"key":"Replay:Towering Pillar of Hats"},{"floor":54,"key":"ats:Originium"},{"floor":54,"key":"Dota2Spire:ArmletOfMordiggian"}],"event_choices":[{"damage_healed":0,"gold_gain":0,"player_choice":"Relic ","damage_taken":25,"max_hp_gain":0,"max_hp_loss":0,"event_name":"betterThird:BetterScrap","floor":4,"gold_loss":0,"cards_obtained":["TalkToTheHand"]},{"damage_healed":0,"gold_gain":0,"player_choice":"Paid Fearfully","damage_taken":0,"max_hp_gain":0,"max_hp_loss":0,"event_name":"Masked Bandits","floor":28,"gold_loss":56}],"is_beta":false,"boss_relics":[{"not_picked":["hubris:GrandSneckoEye","ChewingGum"],"picked":"Ring of Chaos"},{"not_picked":["hubris:Stopwatch","Abe\u0027s Treasure"],"picked":"Replay:Ancient Bell"},{"not_picked":["Orichalcum","Akabeko"],"picked":"Dota2Spire:PhaseBoots"},{"not_picked":["Replay:Bottled Flurry","hubris:MysteriousPyramids"],"picked":"Letter Opener"},{"not_picked":["Dota2Spire:Mjollnir","hubris:FunFungus"],"picked":"Counterbalance"}],"items_purged_floors":[5,19],"is_endless":false,"potions_floor_spawned":[3,8,12,14,20,31,35,37,45,46,54],"ascension_level":0}}