{"host":"l84l8xigz5v5foa2","time":1609260158,"event":{"mods":["2.2 Compatiblity","AchievementEnabler","BaseMod","Better Note","Better Vampires","Card Filter","Colored Map","DeckTracker","Downfall","Gremlin Skip","Highlight Path","Keyboard Shortcuts","Minty Spire (QoL Compilation)","Permanent Neow","Quick Restart","Relic Filter","Relic Stats","StSLib","SuperFastMode","Transform Curses","Unknown Chances"],"gold_per_floor":[0,11,11,29,29,61,61,61,93,119,29,41,41,59,70,144,144,144,160,174,185,185,218,241,259,259,271,271,299,224,237,248,325,325,325,338,357,377,426,426,426,426,199,226,245,218,68,86,101,101,101,136,11,11,11],"floor_reached":56,"playtime":5157,"items_purged":["Pain","champ:Defend","champ:Defend"],"score":2116,"play_id":"4f304f66-b8bc-4b16-b192-b00691f075e4","local_time":"20201230014238","is_ascension_mode":true,"campfire_choices":[{"data":"champ:Taunt","floor":1.0,"key":"SMITH"},{"data":"champ:Lariat","floor":8.0,"key":"SMITH"},{"data":"champ:Devastate","floor":18.0,"key":"SMITH"},{"data":"champ:Lariat","floor":30.0,"key":"SMITH"},{"floor":35.0,"key":"RECALL"},{"data":"champ:StrikeOfGenius","floor":47,"key":"SMITH"},{"data":"champ:Duel","floor":54,"key":"SMITH"}],"circlet_count":0,"master_deck":["AscendersBane","champ:Strike","champ:Strike","champ:Defend","champ:Execute","champ:Taunt+1","champ:PerfectedStrike","champ:PerfectedStrike","champ:Duel+1","champ:Lariat+1","champ:CrookedStrike","champ:PerfectedStrike","champ:BringItOn","champ:Devastate+1","champ:Backstep","champ:Lariat+1","champ:CrookedStrike+1","champ:Circumvent+1","champ:StrikeOfGenius+1","champ:ViciousMockery+1","expansioncontent:DefensiveStance","expansioncontent:Collect","champ:PerfectedStrike","champ:FlashCut","champ:FlashCut+1"],"relics":["champ:ChampionCrown","WarpedTongs","Singing Bowl","Centennial Puzzle","Odd Mushroom","sneckomod:SneckoTalon","hexamod:BolsterEngine","Ancient Tea Set","champ:FightingForDummies","downfall:HeartBlessingGreen","Philosopher\u0027s Stone","champ:GladiatorsBookOfMartialProwess","Eternal Feather","Potion Belt","champ:SpectersHand","downfall:HeartBlessingRed","downfall:HeartBlessingBlue","Pocketwatch"],"acts_visited":["TheCity","TheBeyond","TheEnding"],"potions_floor_usage":[55,55,55,55],"damage_taken":[{"damage":0.0,"enemies":"2 Louse","floor":2.0,"turns":2.0},{"damage":7.0,"enemies":"Cultist","floor":4.0,"turns":3.0},{"damage":24.0,"enemies":"Lagavulin","floor":6.0,"turns":7.0},{"damage":20.0,"enemies":"3 Sentries","floor":9.0,"turns":7.0},{"damage":4.0,"enemies":"The Mushroom Lair","floor":10.0,"turns":4.0},{"damage":12.0,"enemies":"downfall:FleeingMerchant","floor":11.0,"turns":4.0},{"damage":0.0,"enemies":"Jaw Worm","floor":12.0,"turns":2.0},{"damage":0.0,"enemies":"Blue Slaver","floor":14.0,"turns":2.0},{"damage":0.0,"enemies":"2 Fungi Beasts","floor":15.0,"turns":3.0},{"damage":10.0,"enemies":"downfall:Watcher","floor":16.0,"turns":13.0},{"damage":22.0,"enemies":"3 Byrds","floor":19.0,"turns":5.0},{"damage":12.0,"enemies":"Centurion and Healer","floor":20.0,"turns":3.0},{"damage":9.0,"enemies":"Snecko","floor":21.0,"turns":5.0},{"damage":9.0,"enemies":"Book of Stabbing","floor":23.0,"turns":5.0},{"damage":5.0,"enemies":"3 Cultists","floor":25.0,"turns":5.0},{"damage":5.0,"enemies":"Shelled Parasite and Fungi","floor":27.0,"turns":3.0},{"damage":7.0,"enemies":"Gremlin Leader","floor":29.0,"turns":4.0},{"damage":5.0,"enemies":"Centurion and Healer","floor":31.0,"turns":5.0},{"damage":0.0,"enemies":"Snecko","floor":32.0,"turns":4.0},{"damage":12.0,"enemies":"downfall:Ironclad","floor":33.0,"turns":9.0},{"damage":10.0,"enemies":"3 Darklings","floor":36.0,"turns":8.0},{"damage":5.0,"enemies":"Orb Walker","floor":37.0,"turns":2.0},{"damage":1.0,"enemies":"Writhing Mass","floor":38.0,"turns":5.0},{"damage":4.0,"enemies":"2 Orb Walkers","floor":39.0,"turns":5.0},{"damage":5.0,"enemies":"downfall:FleeingMerchant","floor":43.0,"turns":4.0},{"damage":43,"enemies":"Reptomancer","floor":44,"turns":7},{"damage":6,"enemies":"Sphere and 2 Shapes","floor":45,"turns":6},{"damage":0,"enemies":"downfall:FleeingMerchant","floor":46,"turns":2},{"damage":5,"enemies":"Transient","floor":48,"turns":5},{"damage":16,"enemies":"Maw","floor":49,"turns":6},{"damage":0,"enemies":"downfall:Defect","floor":50,"turns":7},{"damage":33,"enemies":"downfall:CharBossMerchant","floor":52,"turns":10},{"damage":81,"enemies":"downfall:NeowBoss","floor":55,"turns":21}],"seed_played":"1237355055004858581","potions_obtained":[{"floor":9.0,"key":"Fruit Juice"},{"floor":10.0,"key":"DuplicationPotion"},{"floor":14.0,"key":"DuplicationPotion"},{"floor":20.0,"key":"hexamod:EctoCoolerPotion"},{"floor":25.0,"key":"sneckomod:MuddlingPotion"},{"floor":29.0,"key":"BlessingOfTheForge"},{"floor":32.0,"key":"GamblersBrew"},{"floor":44,"key":"Regen Potion"},{"floor":48,"key":"BlessingOfTheForge"}],"is_trial":false,"path_per_floor":["R","M","?","M","?","E","T","R","E","?","$","M","?","M","M","B",null,"R","M","M","M","?","E","T","M","?","M","?","E","R","M","M","B",null,"R","M","M","M","?","?","T","?","?","E","M","$","R","M","M","B",null,"E","$","R","B",null],"character_chosen":"THE_CHAMP","items_purchased":["champ:PerfectedStrike","champ:FlashCut","champ:SpectersHand","Ancient Potion"],"campfire_rested":0,"item_purchase_floors":[43,43,46,46],"current_hp_per_floor":[73,73,73,71,71,52,52,52,42,40,38,40,100,100,102,101,102,102,92,87,83,83,81,81,83,83,78,78,78,78,78,78,66,101,101,103,105,106,102,102,102,94,96,62,64,66,91,93,89,89,127,106,106,121,118],"gold":11,"neow_bonus":"TRANSFORM_TWO_CARDS","is_daily":false,"chose_seed":false,"campfire_upgraded":6,"win_rate":0.0,"timestamp":1609260158,"path_taken":["R","M","?","?","?","E","T","R","E","?","$","M","?","?","M","BOSS","R","M","M","M","?","E","T","?","?","M","?","E","R","M","M","BOSS","R","M","M","M","?","?","T","?","?","E","M","$","R","M","M","BOSS","E","$","R","BOSS"],"items_purchased_type":["Card","Card","Relic","Potion"],"build_version":"2020-12-22","purchased_purges":3,"victory":true,"max_hp_per_floor":[81,81,81,81,81,81,81,81,86,88,88,90,100,100,102,102,102,102,104,106,106,106,108,108,110,110,110,110,112,112,112,112,112,112,112,114,116,118,118,118,118,120,122,122,124,126,136,138,140,140,140,142,142,142,142],"relic_stats":{"Centennial Puzzle":[69],"Singing Bowl":36,"counters":[33,183],"Eternal Feather":30,"obtain_stats":[{"Potion Belt":44,"Singing Bowl":6,"downfall:HeartBlessingRed":47,"champ:ChampionCrown":0,"downfall:HeartBlessingGreen":30,"Eternal Feather":41,"Odd Mushroom":10,"sneckomod:SneckoTalon":17,"Ancient Tea Set":24,"WarpedTongs":3,"champ:GladiatorsBookOfMartialProwess":39,"Centennial Puzzle":9,"downfall:HeartBlessingBlue":47,"Philosopher\u0027s Stone":34,"hexamod:BolsterEngine":23,"champ:FightingForDummies":29,"champ:SpectersHand":46,"Pocketwatch":52},{"Potion Belt":26,"Singing Bowl":3,"downfall:HeartBlessingRed":28,"champ:ChampionCrown":0,"downfall:HeartBlessingGreen":17,"Eternal Feather":24,"Odd Mushroom":5,"sneckomod:SneckoTalon":10,"Ancient Tea Set":14,"WarpedTongs":1,"champ:GladiatorsBookOfMartialProwess":24,"Centennial Puzzle":4,"downfall:HeartBlessingBlue":28,"Philosopher\u0027s Stone":20,"hexamod:BolsterEngine":14,"champ:FightingForDummies":17,"champ:SpectersHand":28,"Pocketwatch":32},{"Potion Belt":126,"Singing Bowl":12,"downfall:HeartBlessingRed":134,"champ:ChampionCrown":0,"downfall:HeartBlessingGreen":77,"Eternal Feather":115,"Odd Mushroom":23,"sneckomod:SneckoTalon":47,"Ancient Tea Set":65,"WarpedTongs":2,"champ:GladiatorsBookOfMartialProwess":115,"Centennial Puzzle":19,"downfall:HeartBlessingBlue":134,"Philosopher\u0027s Stone":95,"hexamod:BolsterEngine":65,"champ:FightingForDummies":77,"champ:SpectersHand":134,"Pocketwatch":162}],"WarpedTongs":[166],"Pocketwatch":[17]},"card_choices":[{"not_picked":["champ:BladeFlurry","champ:BerserkersShout"],"picked":"champ:PerfectedStrike","floor":2.0},{"not_picked":["champ:FanOfKnives","champ:Balance"],"picked":"champ:Duel","floor":4.0},{"not_picked":["champ:BerserkerStyle","champ:BringItOn"],"picked":"champ:Lariat","floor":6.0},{"not_picked":["champ:EnchantSword","champ:DeathBlow"],"picked":"champ:CrookedStrike","floor":9.0},{"not_picked":["champ:HeartStrike","champ:FanOfKnives","champ:BladeFlurry"],"picked":"Singing Bowl","floor":10.0},{"not_picked":["champ:Circumvent","champ:BerserkersShout"],"picked":"champ:PerfectedStrike","floor":11.0},{"not_picked":["champ:ShieldSigil","champ:GladiatorsShout","champ:FocusedBerserking"],"picked":"Singing Bowl","floor":12.0},{"not_picked":["champ:IronFortress","champ:TornadoPunch"],"picked":"champ:BringItOn","floor":14.0},{"not_picked":["champ:IronFortress","champ:FlashCut","champ:TornadoPunch"],"picked":"Singing Bowl","floor":15.0},{"not_picked":["champ:ShieldSlam","champ:Improvising"],"picked":"champ:Devastate","floor":16.0},{"not_picked":["champ:FaceSlap","champ:TornadoPunch","champ:FocusedDefense"],"picked":"Singing Bowl","floor":19.0},{"not_picked":["champ:BladeFlurry","champ:ShieldSigil","champ:IronFortress"],"picked":"Singing Bowl","floor":20.0},{"not_picked":["champ:DefensiveShout","champ:GladiatorStyle"],"picked":"champ:Backstep","floor":21.0},{"not_picked":["champ:RisingSlash","champ:DeathBlow+1","champ:Riposte+1"],"picked":"Singing Bowl","floor":23.0},{"not_picked":["champ:BladeFlurry","champ:StrikeOfGenius","champ:SwordSigil"],"picked":"Singing Bowl","floor":25.0},{"not_picked":["champ:Riposte","champ:FanOfKnives"],"picked":"champ:Lariat","floor":27.0},{"not_picked":["champ:GutPunch","champ:DefensiveShout","champ:FocusedDefense"],"picked":"Singing Bowl","floor":29.0},{"not_picked":["champ:DefensiveStyle","champ:GladiatorsShout"],"picked":"champ:CrookedStrike+1","floor":31.0},{"not_picked":["champ:BerserkerStyle","champ:ShieldSigil"],"picked":"champ:Circumvent+1","floor":32.0},{"not_picked":["champ:MurderStrike","champ:IgnorePain"],"picked":"champ:StrikeOfGenius","floor":33.0},{"not_picked":["champ:FlashCut","champ:FocusedBerserking","champ:EndlessRage+1"],"picked":"Singing Bowl","floor":36.0},{"not_picked":["champ:ShieldSigil","champ:FocusedGladiator","champ:ViciousMockery"],"picked":"Singing Bowl","floor":37.0},{"not_picked":["champ:TornadoPunch","champ:Lariat","champ:FaceSlap+1"],"picked":"Singing Bowl","floor":38.0},{"not_picked":["champ:Riposte","champ:Circumvent"],"picked":"champ:ViciousMockery+1","floor":39.0},{"not_picked":["expansioncontent:PrepareCrush","expansioncontent:Flail"],"picked":"expansioncontent:DefensiveStance","floor":42.0},{"not_picked":["expansioncontent:ChargeUp","expansioncontent:Chronoboost","expansioncontent:DecasProtection"],"picked":"Singing Bowl","floor":42.0},{"not_picked":["expansioncontent:SuperHexaguard","expansioncontent:DecasProtection"],"picked":"expansioncontent:Collect","floor":42.0},{"not_picked":["champ:Aggression+1","champ:FocusedDefense","champ:RageSigil"],"picked":"Singing Bowl","floor":43.0},{"not_picked":["champ:DefensiveShout+1","champ:FocusedBerserking+1"],"picked":"champ:FlashCut+1","floor":44},{"not_picked":["champ:BladeFlurry","champ:Riposte+1","champ:BerserkerStyle"],"picked":"Singing Bowl","floor":45},{"not_picked":["champ:ShieldSigil","champ:FightOn","champ:RageSigil+1"],"picked":"Singing Bowl","floor":46},{"not_picked":["champ:EnchantSword","champ:BerserkersShout","champ:ShieldSigil"],"picked":"Singing Bowl","floor":48},{"not_picked":["champ:CrookedStrike","champ:ShieldSigil","champ:TornadoPunch+1"],"picked":"Singing Bowl","floor":49},{"not_picked":["champ:ShieldSigil","champ:BringItOn","champ:FalseCounter"],"picked":"Singing Bowl","floor":52}],"player_experience":2797057,"relics_obtained":[{"floor":6.0,"key":"Singing Bowl"},{"floor":9.0,"key":"Centennial Puzzle"},{"floor":10.0,"key":"Odd Mushroom"},{"floor":23.0,"key":"hexamod:BolsterEngine"},{"floor":24.0,"key":"Ancient Tea Set"},{"floor":29.0,"key":"champ:FightingForDummies"},{"floor":39.0,"key":"champ:GladiatorsBookOfMartialProwess"},{"floor":41.0,"key":"Eternal Feather"},{"floor":44,"key":"Potion Belt"},{"floor":52,"key":"Pocketwatch"}],"event_choices":[{"damage_healed":0.0,"max_hp_gain":0.0,"max_hp_loss":0.0,"gold_gain":0.0,"event_name":"Accursed Blacksmith","player_choice":"Rummage","floor":3.0,"gold_loss":0.0,"damage_taken":0.0,"relics_obtained":["WarpedTongs"],"cards_obtained":["Pain"]},{"damage_healed":0.0,"max_hp_gain":0.0,"max_hp_loss":0.0,"gold_gain":0.0,"event_name":"Mushrooms","player_choice":"Fought Mushrooms","floor":10.0,"gold_loss":0.0,"damage_taken":0.0},{"cards_removed":["champ:CrownThrow"],"damage_healed":50.0,"max_hp_gain":10.0,"max_hp_loss":0.0,"gold_gain":0.0,"event_name":"Bonfire Elementals","player_choice":"Offered Rare","floor":13.0,"gold_loss":0.0,"damage_taken":0.0},{"damage_healed":0.0,"max_hp_gain":0.0,"max_hp_loss":0.0,"gold_gain":0.0,"event_name":"Vampires","player_choice":"Ignored","floor":28.0,"gold_loss":0.0,"damage_taken":0.0},{"damage_healed":0.0,"max_hp_gain":0.0,"max_hp_loss":0.0,"gold_gain":0.0,"event_name":"Mysterious Sphere","player_choice":"Fight","floor":39.0,"gold_loss":0.0,"damage_taken":0.0}],"is_beta":false,"boss_relics":[{"not_picked":["champ:PowerArmor","Runic Pyramid"],"picked":"sneckomod:SneckoTalon"},{"not_picked":["Cursed Key","SlaversCollar"],"picked":"Philosopher\u0027s Stone"}],"items_purged_floors":[11,43,53],"is_endless":false,"potions_floor_spawned":[9,10,14,16,20,25,29,31,32,44,48],"ascension_level":16}}