{"host":"1hv1kueuvc4r3rdp","time":1609282134,"event":{"mods":["AchievementEnabler","BaseMod","DeckTracker","Highlight Path","Minty Spire (QoL Compilation)","Permanent Neow","StSLib"],"gold_per_floor":[117,96,107,125,142,169,169,199,199,215,215,233,257,39,39,137,137,150,150,169,184,196,196,222,222,222,222,79,99,118,130,130,130,130],"floor_reached":33,"playtime":1717,"items_purged":["Setup"],"score":436,"play_id":"38ef463a-aee9-425e-848b-eefc9721eb5e","local_time":"20201229164854","is_ascension_mode":true,"campfire_choices":[{"data":"Riddle With Holes","floor":7,"key":"SMITH"},{"floor":11,"key":"REST"},{"data":"Footwork","floor":15,"key":"SMITH"},{"data":"Well Laid Plans","floor":23,"key":"SMITH"},{"data":"Leg Sweep","floor":25,"key":"SMITH"},{"data":"Terror","floor":27,"key":"SMITH"},{"data":"Caltrops","floor":32,"key":"SMITH"}],"circlet_count":0,"master_deck":["AscendersBane","Survivor","Neutralize","Riddle With Holes+1","Dagger Throw","Leg Sweep","Dagger Spray","Glass Knife","Footwork+1","Terror+1","Well Laid Plans+1","Adrenaline","Setup","Unload","Deflect","Outmaneuver","Adrenaline","Flechettes","Riddle With Holes","Doppelganger","Leg Sweep+1","Caltrops+1"],"relics":["Ring of the Snake","White Beast Statue","Akabeko","MealTicket","Blood Vial","PreservedInsect","Nloth\u0027s Gift","Mummified Hand","Pantograph"],"acts_visited":["Exordium","TheCity"],"potions_floor_usage":[6,6,33],"damage_taken":[{"damage":0,"enemies":"Jaw Worm","floor":1,"turns":5},{"damage":0,"enemies":"2 Louse","floor":3,"turns":5},{"damage":2,"enemies":"Cultist","floor":4,"turns":4},{"damage":4,"enemies":"Exordium Wildlife","floor":5,"turns":6},{"damage":36,"enemies":"Gremlin Nob","floor":6,"turns":6},{"damage":17,"enemies":"3 Sentries","floor":8,"turns":9},{"damage":0,"enemies":"Exordium Thugs","floor":10,"turns":2},{"damage":0,"enemies":"Looter","floor":12,"turns":2},{"damage":15,"enemies":"The Guardian","floor":16,"turns":15},{"damage":0,"enemies":"Spheric Guardian","floor":18,"turns":2},{"damage":9,"enemies":"2 Thieves","floor":20,"turns":5},{"damage":7,"enemies":"Snake Plant","floor":21,"turns":2},{"damage":0,"enemies":"Snecko","floor":22,"turns":3},{"damage":8,"enemies":"Book of Stabbing","floor":24,"turns":4},{"damage":4,"enemies":"Chosen and Byrds","floor":29,"turns":5},{"damage":5,"enemies":"Centurion and Healer","floor":30,"turns":6},{"damage":5,"enemies":"Shelled Parasite and Fungi","floor":31,"turns":3},{"damage":74,"enemies":"Champ","floor":33,"turns":12}],"seed_played":"1300403019277397265","potions_obtained":[{"floor":0,"key":"AttackPotion"},{"floor":0,"key":"Regen Potion"},{"floor":6,"key":"Strength Potion"},{"floor":8,"key":"Ancient Potion"},{"floor":12,"key":"LiquidMemories"}],"is_trial":false,"path_per_floor":["M","?","M","M","M","E","R","E","T","M","R","M","T","$","R","B",null,"M","?","M","M","M","R","E","R","T","R","$","M","M","M","R","B"],"character_chosen":"THE_SILENT","items_purchased":["PreservedInsect","Well Laid Plans","Caltrops"],"campfire_rested":1,"item_purchase_floors":[14,14,28],"current_hp_per_floor":[63,63,63,61,57,35,35,18,18,18,39,39,39,54,54,41,63,65,65,58,53,55,55,49,49,49,49,64,62,59,56,56,0,0],"gold":130,"neow_bonus":"THREE_SMALL_POTIONS","is_daily":false,"chose_seed":false,"campfire_upgraded":6,"win_rate":0.0,"timestamp":1609282134,"path_taken":["M","?","M","M","M","E","R","E","T","M","R","M","?","$","R","BOSS","M","?","M","M","M","R","E","R","T","R","$","M","?","M","R","BOSS"],"items_purchased_type":["Relic","Card","Card"],"build_version":"2020-12-22","purchased_purges":1,"victory":false,"max_hp_per_floor":[70,70,70,70,70,70,70,70,70,70,70,70,70,70,70,70,70,70,70,70,70,70,70,70,70,70,70,70,70,70,70,70,70,70],"card_choices":[{"not_picked":["Slice","Quick Slash"],"picked":"Riddle With Holes","floor":1},{"not_picked":["Slice","PiercingWail"],"picked":"Dagger Throw","floor":3},{"not_picked":["Prepared","Expertise"],"picked":"Leg Sweep","floor":4},{"not_picked":["Dodge and Roll","Sucker Punch"],"picked":"Dagger Spray","floor":5},{"not_picked":["Footwork","Escape Plan"],"picked":"Glass Knife","floor":6},{"not_picked":["Poisoned Stab","Underhanded Strike","Quick Slash"],"picked":"SKIP","floor":8},{"not_picked":["Skewer","Predator"],"picked":"Footwork","floor":10},{"not_picked":["Reflex","Quick Slash"],"picked":"Terror","floor":12},{"not_picked":["Wraith Form v2","Corpse Explosion"],"picked":"Adrenaline","floor":16},{"not_picked":["Deadly Poison","Tactician","Bane"],"picked":"SKIP","floor":18},{"not_picked":["Skewer","Flying Knee+1","Masterful Stab"],"picked":"SKIP","floor":20},{"not_picked":["Prepared","Underhanded Strike+1","Poisoned Stab"],"picked":"SKIP","floor":21},{"not_picked":["Glass Knife","Concentrate","Dodge and Roll"],"picked":"SKIP","floor":22},{"not_picked":["Deadly Poison+1","Burst","Well Laid Plans"],"picked":"SKIP","floor":24},{"not_picked":["Eviscerate+1","Well Laid Plans+1","Choke+1"],"picked":"SKIP","floor":29},{"not_picked":["Quick Slash","Skewer","Underhanded Strike"],"picked":"SKIP","floor":30},{"not_picked":["Quick Slash","Masterful Stab","Caltrops"],"picked":"SKIP","floor":31}],"player_experience":1117013,"relics_obtained":[{"floor":6,"key":"White Beast Statue"},{"floor":8,"key":"Akabeko"},{"floor":9,"key":"MealTicket"},{"floor":13,"key":"Blood Vial"},{"floor":24,"key":"Mummified Hand"},{"floor":26,"key":"Pantograph"}],"event_choices":[{"damage_healed":0,"gold_gain":0,"player_choice":"Left Gold","damage_taken":0,"max_hp_gain":0,"max_hp_loss":0,"event_name":"World of Goop","floor":2,"gold_loss":21},{"damage_healed":0,"gold_gain":0,"player_choice":"Traded Relic","damage_taken":0,"relics_obtained":["Nloth\u0027s Gift"],"max_hp_gain":0,"max_hp_loss":0,"event_name":"N\u0027loth","floor":19,"relics_lost":["Pandora\u0027s Box"],"gold_loss":0}],"is_beta":false,"boss_relics":[{"not_picked":["Empty Cage","Snecko Eye"],"picked":"Pandora\u0027s Box"}],"items_purged_floors":[28],"is_endless":false,"potions_floor_spawned":[4,5,6,8,10,12,16,18,20,21,22,24,29,30,31],"killed_by":"Champ","ascension_level":11}}