{"host":"b0l902yh1rk3g5bq","time":1609235003,"event":{"mods":["AchievementEnabler","Act Like it!","Aspiration","BaseMod","Better Match","Better Sensory Stone","Better Skull","Better Third Choice","BetterRewards","Challenge The Spire","Colored Map","Colored Powertips","Conspire","Downfall","Energized Spire","GifTheSpireLib","Halation","Hubris","Infinite Spire","Minty Spire (QoL Compilation)","Quick Restart","Rare Cards Sparkle","Replay The Spire","StSLib","Stuff the Spire","Trackpad","Virulent Crown","Wandering Minibosses","egg","everything is the same but u backflip on backflip","vexMod"],"gold_per_floor":[99,109,109,120,120,140,165,181,181,191,191,220,220,249,266,266,266,266],"floor_reached":16,"playtime":672,"items_purged":[],"score":112,"play_id":"132a0b5f-f7d9-412d-bea9-ee88af2b4580","local_time":"20201229104323","is_ascension_mode":false,"campfire_choices":[{"data":"Guardian:TwinSlam","floor":1,"key":"SMITH"},{"floor":13,"key":"REST"}],"circlet_count":0,"master_deck":["Guardian:Strike_Guardian","Guardian:Strike_Guardian","Guardian:Strike_Guardian","Guardian:Strike_Guardian","Guardian:Defend_Guardian","Guardian:Defend_Guardian","Guardian:Defend_Guardian","Guardian:Defend_Guardian","Guardian:CurlUp","Guardian:TwinSlam+1","StuffTheSpire:CuriosityCurse","Replay:SS_fish_1","Guardian:ArmoredProtocol","Guardian:Repulse","Guardian:DonusPower","Guardian:EvasiveProtocol"],"relics":["Guardian:ModeShifter","StuffTheSpire:EmeraldSignet","infinitespire:Beetle Shell","hubris:Icosahedron","Juzu Bracelet","Molten Egg 2"],"acts_visited":["Exordium"],"potions_floor_usage":[12,16,16],"damage_taken":[{"damage":0,"enemies":"Small Slimes","floor":2,"turns":4},{"damage":1,"enemies":"2 Louse","floor":4,"turns":3},{"damage":5,"enemies":"Cultist","floor":6,"turns":4},{"damage":7,"enemies":"Blue Slaver","floor":8,"turns":3},{"damage":12,"enemies":"Exordium Thugs","floor":10,"turns":6},{"damage":37,"enemies":"Gremlin Nob","floor":12,"turns":6},{"damage":9,"enemies":"Lagavulin","floor":14,"turns":6},{"damage":17,"enemies":"Exordium Wildlife","floor":15,"turns":7},{"damage":44,"enemies":"downfall:Defect","floor":16,"turns":8}],"seed_played":"-7302488683350629882","potions_obtained":[{"floor":6,"key":"SteroidPotion"},{"floor":9,"key":"downfall:CursedFountainPotion"},{"floor":14,"key":"Ancient Potion"},{"floor":15,"key":"hexamod:EctoCoolerPotion"}],"is_trial":false,"path_per_floor":["R","M","?","M","?","M","T","M","?","M","?","E","R","E","M","B"],"character_chosen":"GUARDIAN","items_purchased":[],"campfire_rested":1,"item_purchase_floors":[],"current_hp_per_floor":[88,88,88,87,87,82,82,75,75,69,69,32,58,49,32,0,0,0],"gold":266,"neow_bonus":"TEN_PERCENT_HP_BONUS","is_daily":false,"chose_seed":false,"campfire_upgraded":1,"win_rate":0.0,"timestamp":1609235003,"path_taken":["R","M","?","M","?","M","T","M","?","?","?","E","R","E","M","BOSS"],"items_purchased_type":[],"build_version":"2020-12-22","purchased_purges":0,"victory":false,"max_hp_per_floor":[88,88,88,88,88,88,88,88,88,88,88,88,88,88,88,88,88,88],"card_choices":[{"not_picked":["Guardian:TemporalShield","Guardian:RefractedBeam","Guardian:Gem_Red"],"picked":"SKIP","floor":2},{"not_picked":["Guardian:Planning","Guardian:RefractedBeam","Guardian:CrystalBeam"],"picked":"SKIP","floor":4},{"not_picked":["Discovery","Thinking Ahead"],"picked":"Replay:SS_fish_1","floor":5},{"not_picked":["Guardian:Gem_White","Guardian:WalkerClaw"],"picked":"Guardian:ArmoredProtocol","floor":6},{"not_picked":["Guardian:Gem_Green","Guardian:Planning"],"picked":"Guardian:Repulse","floor":8},{"not_picked":["Guardian:Gem_White","Guardian:VentSteam"],"picked":"Guardian:DonusPower","floor":10},{"not_picked":["Guardian:ExploitGems","Guardian:ChargeUp"],"picked":"Guardian:Gem_Purple","floor":12},{"not_picked":["Guardian:WalkerClaw+1","Guardian:ChargeCore+1"],"picked":"Guardian:EvasiveProtocol","floor":14},{"not_picked":["Guardian:RollAttack+1","Guardian:Reroute+1","Guardian:ChargeCore+1"],"picked":"SKIP","floor":15}],"player_experience":606869,"relics_obtained":[{"floor":7,"key":"infinitespire:Beetle Shell"},{"floor":12,"key":"Juzu Bracelet"},{"floor":14,"key":"Molten Egg 2"}],"event_choices":[{"damage_healed":0,"gold_gain":1,"player_choice":"1","damage_taken":0,"max_hp_gain":0,"max_hp_loss":0,"event_name":"betterStone:BetterStone","floor":5,"gold_loss":0}],"is_beta":false,"boss_relics":[],"items_purged_floors":[],"is_endless":false,"potions_floor_spawned":[6,14,15],"killed_by":"downfall:Defect","ascension_level":0}}