{"host":"sc0o2qwpf9j16a4i","time":1609271502,"event":{"mods":["AchievementEnabler","BaseMod","BetterRewards","Block Reminder","Colored Map","Colored Powertips","Custom Start","Highlight Path","Minty Spire (QoL Compilation)","Relic Stats"],"gold_per_floor":[118,54,66,80,45,72,91,91,142,142,171,24,24,51,51,139,139,163,78,107,107,122,122,156,156,180,199,208,133,159,177,186,270,297,317,317,339,366,385,394,432,432,432,442,486,510,538,373,382,382,382,382],"floor_reached":51,"playtime":1859,"items_purged":["Strike_G","Defend_G+1"],"score":1857,"play_id":"c33c1f16-23ce-483b-872e-520f3705bf6a","local_time":"20201229215142","is_ascension_mode":true,"campfire_choices":[{"floor":8,"key":"REST"},{"floor":13,"key":"REST"},{"floor":15,"key":"REST"},{"floor":23,"key":"REST"},{"floor":28,"key":"REST"},{"floor":32,"key":"REST"},{"floor":40,"key":"REST"},{"floor":42,"key":"RECALL"},{"floor":49,"key":"REST"}],"circlet_count":0,"master_deck":["AscendersBane","Strike_G+1","Defend_G+1","Defend_G+1","Defend_G+1","Survivor","Neutralize","Sucker Punch","Riddle With Holes","Predator","Dash","Deadly Poison","Infinite Blades","Backstab","Corpse Explosion","Crippling Poison","Deflect+1","Dagger Spray+1","Backflip+1","Adrenaline+1","Bouncing Flask+1","Wraith Form v2+1","Backstab+1","Underhanded Strike+1","After Image+1","Backflip+1","Cloak And Dagger+1","Noxious Fumes","Terror+1","Escape Plan+1","Parasite","Backflip+1","PiercingWail+1","Bane+1","Infinite Blades","Dodge and Roll+1"],"relics":["Ring of the Snake","ClockworkSouvenir","Question Card","Matryoshka","Mummified Hand","Kunai","Anchor","CeramicFish","HornCleat","Shuriken","Busted Crown","Toxic Egg 2","Molten Egg 2","Dream Catcher","Astrolabe","Sundial","Vajra"],"acts_visited":["Exordium","TheCity","TheBeyond"],"potions_floor_usage":[4,16,24,33,45],"damage_taken":[{"damage":0,"enemies":"Cultist","floor":1,"turns":4},{"damage":0,"enemies":"Small Slimes","floor":3,"turns":4},{"damage":7,"enemies":"Jaw Worm","floor":4,"turns":6},{"damage":28,"enemies":"Gremlin Nob","floor":6,"turns":5},{"damage":1,"enemies":"2 Fungi Beasts","floor":7,"turns":4},{"damage":38,"enemies":"Lagavulin","floor":11,"turns":8},{"damage":0,"enemies":"Large Slime","floor":14,"turns":4},{"damage":20,"enemies":"The Guardian","floor":16,"turns":9},{"damage":0,"enemies":"Chosen","floor":18,"turns":3},{"damage":2,"enemies":"Shell Parasite","floor":20,"turns":5},{"damage":2,"enemies":"Chosen and Byrds","floor":22,"turns":5},{"damage":27,"enemies":"Gremlin Leader","floor":24,"turns":8},{"damage":2,"enemies":"Centurion and Healer","floor":27,"turns":4},{"damage":0,"enemies":"Snecko","floor":30,"turns":4},{"damage":0,"enemies":"Shelled Parasite and Fungi","floor":31,"turns":4},{"damage":46,"enemies":"Champ","floor":33,"turns":10},{"damage":0,"enemies":"3 Shapes","floor":35,"turns":3},{"damage":0,"enemies":"3 Darklings","floor":37,"turns":3},{"damage":18,"enemies":"Jaw Worm Horde","floor":38,"turns":2},{"damage":0,"enemies":"4 Shapes","floor":39,"turns":3},{"damage":0,"enemies":"Writhing Mass","floor":41,"turns":6},{"damage":0,"enemies":"Jaw Worm Horde","floor":44,"turns":4},{"damage":0,"enemies":"Nemesis","floor":45,"turns":9},{"damage":9,"enemies":"Transient","floor":46,"turns":6},{"damage":23,"enemies":"Giant Head","floor":47,"turns":8},{"damage":34,"enemies":"Awakened One","floor":50,"turns":13},{"damage":19,"enemies":"Donu and Deca","floor":51,"turns":4}],"seed_played":"-8316830685585558618","potions_obtained":[{"floor":3,"key":"Regen Potion"},{"floor":11,"key":"FearPotion"},{"floor":14,"key":"PowerPotion"},{"floor":20,"key":"CultistPotion"},{"floor":24,"key":"SpeedPotion"},{"floor":31,"key":"DuplicationPotion"},{"floor":41,"key":"Energy Potion"},{"floor":46,"key":"SmokeBomb"},{"floor":47,"key":"Ancient Potion"}],"is_trial":false,"path_per_floor":["M","?","M","M","?","E","M","R","T","T","E","$","R","M","R","B",null,"M","?","M","?","M","R","E","?","T","M","R","?","M","M","R","B",null,"M","?","M","M","M","R","M","R","T","M","E","M","E","$","R","B","B"],"character_chosen":"THE_SILENT","items_purchased":["ClockworkSouvenir","Question Card","Matryoshka","Sucker Punch","Infinite Blades","Infinite Blades"],"campfire_rested":8,"item_purchase_floors":[0,0,0,0,12,48],"current_hp_per_floor":[35,35,35,43,59,31,30,49,49,49,11,11,30,30,49,29,57,57,57,55,37,35,56,29,29,29,27,48,48,48,48,69,23,59,59,59,59,41,41,62,62,62,62,62,62,53,30,30,51,17,0,0],"gold":382,"neow_bonus":"","is_daily":false,"chose_seed":false,"campfire_upgraded":0,"win_rate":0.0,"timestamp":1609271502,"path_taken":["M","?","M","M","?","E","M","R","T","?","E","$","R","M","R","BOSS","M","?","M","?","M","R","E","?","T","M","R","?","M","M","R","BOSS","M","?","M","?","M","R","M","R","T","M","E","M","E","$","R","BOSS","BOSS"],"items_purchased_type":["Relic","Relic","Relic","Card","Card","Card"],"build_version":"2020-12-22","purchased_purges":2,"victory":false,"max_hp_per_floor":[66,66,66,66,66,66,66,66,66,66,66,66,66,66,66,66,66,66,66,66,71,71,71,71,71,71,71,71,71,71,71,71,71,71,71,71,71,71,71,71,71,71,71,71,71,71,71,71,71,71,71,71],"relic_stats":{"Dream Catcher":4,"Busted Crown":42,"counters":[54,286],"Mummified Hand":[65],"Shuriken":[66],"Sundial":[4],"CeramicFish":216,"Astrolabe":["Backstab","Underhanded Strike","After Image"],"Kunai":[67],"Question Card":29,"obtain_stats":[{"Singing Bowl":0,"CeramicFish":10,"Vajra":47,"Juzu Bracelet":27,"Whetstone":11,"Ancient Tea Set":7,"Cursed Key":17,"ClockworkSouvenir":0,"Blood Vial":24,"Tough Bandages":26,"Dream Catcher":26,"HornCleat":24,"Matryoshka":0,"Mummified Hand":13,"Sundial":45,"Tiny Chest":26,"Kunai":9,"Toxic Egg 2":19,"Ring of the Snake":0,"Lee\u0027s Waffle":19,"Pear":11,"Blue Candle":12,"Astrolabe":34,"Orichalcum":24,"Paper Crane":21,"Question Card":0,"Anchor":27,"Busted Crown":17,"Shuriken":11,"Pandora\u0027s Box":0,"Molten Egg 2":9,"Bag of Marbles":8,"Black Star":17,"Nloth\u0027s Gift":30},{"Singing Bowl":15,"CeramicFish":32,"Vajra":52,"Juzu Bracelet":12,"Whetstone":5,"Ancient Tea Set":18,"Cursed Key":22,"ClockworkSouvenir":27,"Blood Vial":25,"Tough Bandages":11,"Dream Catcher":39,"HornCleat":10,"Matryoshka":27,"Mummified Hand":6,"Sundial":50,"Tiny Chest":25,"Kunai":32,"Toxic Egg 2":36,"Ring of the Snake":0,"Lee\u0027s Waffle":9,"Pear":19,"Blue Candle":20,"Astrolabe":43,"Orichalcum":10,"Paper Crane":24,"Question Card":27,"Anchor":12,"Busted Crown":35,"Shuriken":33,"Pandora\u0027s Box":0,"Molten Egg 2":4,"Bag of Marbles":4,"Black Star":8,"Nloth\u0027s Gift":26},{"Singing Bowl":70,"CeramicFish":161,"Vajra":269,"Juzu Bracelet":48,"Whetstone":18,"Ancient Tea Set":83,"Cursed Key":105,"ClockworkSouvenir":138,"Blood Vial":125,"Tough Bandages":43,"Dream Catcher":203,"HornCleat":39,"Matryoshka":138,"Mummified Hand":23,"Sundial":255,"Tiny Chest":125,"Kunai":161,"Toxic Egg 2":185,"Ring of the Snake":0,"Lee\u0027s Waffle":35,"Pear":87,"Blue Candle":92,"Astrolabe":225,"Orichalcum":39,"Paper Crane":118,"Question Card":138,"Anchor":48,"Busted Crown":182,"Shuriken":169,"Pandora\u0027s Box":0,"Molten Egg 2":13,"Bag of Marbles":13,"Black Star":32,"Nloth\u0027s Gift":129}],"Ring of the Snake":[78]},"card_choices":[{"not_picked":["Dagger Spray","Infinite Blades","Flying Knee"],"picked":"Riddle With Holes","floor":1},{"not_picked":["Setup","Bane","Acrobatics"],"picked":"Predator","floor":3},{"not_picked":["Reflex","Blur","Dodge and Roll","Blade Dance"],"picked":"SKIP","floor":4},{"not_picked":["Deflect","Grand Finale","Backflip"],"picked":"Dash","floor":6},{"not_picked":["Backflip","Dodge and Roll","Concentrate"],"picked":"Deadly Poison","floor":7},{"not_picked":["Prepared","Outmaneuver","Deadly Poison","Backflip"],"picked":"SKIP","floor":11},{"not_picked":["Poisoned Stab","PiercingWail","Concentrate"],"picked":"Backstab","floor":14},{"not_picked":["A Thousand Cuts","Wraith Form v2","Malaise"],"picked":"Corpse Explosion","floor":16},{"not_picked":["Poisoned Stab"],"picked":"Crippling Poison","floor":18},{"not_picked":["Outmaneuver+1"],"picked":"Deflect+1","floor":20},{"not_picked":["Underhanded Strike","Poisoned Stab"],"picked":"SKIP","floor":22},{"not_picked":["Reflex+1","Flying Knee+1"],"picked":"SKIP","floor":24},{"not_picked":["Dagger Throw+1"],"picked":"Dagger Spray+1","floor":27},{"not_picked":["Dagger Throw+1"],"picked":"Backflip+1","floor":28},{"not_picked":["Deflect+1"],"picked":"Adrenaline+1","floor":30},{"not_picked":["Tactician+1","Dagger Throw+1"],"picked":"SKIP","floor":31},{"not_picked":["Poisoned Stab+1"],"picked":"Bouncing Flask+1","floor":32},{"not_picked":["Tools of the Trade"],"picked":"Wraith Form v2","floor":33},{"not_picked":["All Out Attack+1"],"picked":"Backflip+1","floor":35},{"not_picked":["Deadly Poison+1"],"picked":"Cloak And Dagger+1","floor":37},{"not_picked":["Envenom"],"picked":"Noxious Fumes","floor":38},{"not_picked":["Dagger Throw+1"],"picked":"Terror+1","floor":39},{"not_picked":["Underhanded Strike+1"],"picked":"Escape Plan+1","floor":40},{"not_picked":["Outmaneuver+1"],"picked":"Backflip+1","floor":41},{"not_picked":["Underhanded Strike+1","Prepared+1"],"picked":"SKIP","floor":44},{"not_picked":["Backstab+1"],"picked":"PiercingWail+1","floor":45},{"not_picked":["Finisher+1"],"picked":"Bane+1","floor":46},{"not_picked":["Tactician+1","Flying Knee+1"],"picked":"SKIP","floor":47},{"not_picked":["Blade Dance+1"],"picked":"Dodge and Roll+1","floor":49}],"player_experience":410785,"relics_obtained":[{"floor":6,"key":"Mummified Hand"},{"floor":9,"key":"Kunai"},{"floor":9,"key":"Anchor"},{"floor":10,"key":"CeramicFish"},{"floor":10,"key":"HornCleat"},{"floor":11,"key":"Shuriken"},{"floor":24,"key":"Molten Egg 2"},{"floor":26,"key":"Dream Catcher"},{"floor":45,"key":"Sundial"},{"floor":47,"key":"Vajra"}],"event_choices":[{"damage_healed":0,"gold_gain":0,"player_choice":"Left Gold","damage_taken":0,"max_hp_gain":0,"max_hp_loss":0,"event_name":"World of Goop","floor":2,"gold_loss":64},{"damage_healed":16,"gold_gain":0,"player_choice":"Healed","damage_taken":0,"max_hp_gain":0,"max_hp_loss":0,"event_name":"The Cleric","floor":5,"gold_loss":35},{"damage_healed":0,"gold_gain":0,"player_choice":"Obtained Relic","damage_taken":0,"relics_obtained":["Toxic Egg 2"],"max_hp_gain":0,"max_hp_loss":0,"event_name":"Addict","floor":19,"gold_loss":85},{"damage_healed":0,"gold_gain":0,"player_choice":"Shed Blood","damage_taken":23,"max_hp_gain":5,"max_hp_loss":0,"event_name":"Forgotten Altar","floor":21,"gold_loss":0},{"damage_healed":0,"gold_gain":0,"player_choice":"Simplicity","damage_taken":0,"max_hp_gain":0,"max_hp_loss":0,"event_name":"Back to Basics","floor":25,"gold_loss":0,"cards_upgraded":["Strike_G","Strike_G","Strike_G","Strike_G","Defend_G","Defend_G","Defend_G","Defend_G","Defend_G"]},{"cards_removed":["Strike_G"],"damage_healed":0,"gold_gain":0,"player_choice":"Gave Gold","damage_taken":0,"max_hp_gain":0,"max_hp_loss":0,"event_name":"Beggar","floor":29,"gold_loss":75},{"damage_healed":0,"gold_gain":0,"player_choice":"Upgraded","damage_taken":0,"max_hp_gain":0,"max_hp_loss":0,"event_name":"Upgrade Shrine","floor":36,"gold_loss":0,"cards_upgraded":["Wraith Form v2"]}],"is_beta":false,"boss_relics":[{"not_picked":["SacredBark","Cursed Key"],"picked":"Busted Crown"},{"not_picked":["WristBlade","Black Star"],"picked":"Astrolabe"}],"items_purged_floors":[12,48],"is_endless":false,"potions_floor_spawned":[3,11,14,20,22,24,31,41,46,47],"killed_by":"Donu and Deca","ascension_level":20}}