{"host":"w3q5ijqu8eoknil3","time":1609264167,"event":{"mods":["AchievementEnabler","BaseMod","Block Reminder","Colored Powertips","Minty Spire (QoL Compilation)","Quick Restart","Relic Stats","ojb\u0027s Better Paths Mod","ojb\u0027s Info Mod","slay the spire mod where everything is the same but ironclad has a cowboy hat"],"gold_per_floor":[117,127,147,96,171,196,216,216,216,216,233,251,251,277,277,277,277],"floor_reached":16,"playtime":580,"items_purged":[],"score":200,"play_id":"69920abe-5cbb-4776-8263-b970469135a5","local_time":"20201229174927","is_ascension_mode":true,"campfire_choices":[{"floor":10,"key":"REST"},{"floor":15,"key":"REST"}],"circlet_count":0,"master_deck":["AscendersBane","Strike_G","Strike_G","Strike_G","Strike_G","Strike_G","Defend_G","Defend_G","Defend_G","Defend_G+1","Defend_G","Survivor","Neutralize","Acrobatics+1","Dagger Spray","Flying Knee","PiercingWail","Die Die Die","Slice","Footwork","Backstab","Cloak And Dagger"],"relics":["Ring of the Snake","NeowsBlessing","Eternal Feather","Anchor","War Paint","Ninja Scroll"],"acts_visited":["Exordium"],"potions_floor_usage":[8],"damage_taken":[{"damage":0,"enemies":"Cultist","floor":1,"turns":1},{"damage":0,"enemies":"2 Louse","floor":2,"turns":1},{"damage":0,"enemies":"Jaw Worm","floor":3,"turns":1},{"damage":31,"enemies":"3 Sentries","floor":6,"turns":9},{"damage":14,"enemies":"Large Slime","floor":7,"turns":11},{"damage":0,"enemies":"Looter","floor":8,"turns":1},{"damage":6,"enemies":"Exordium Wildlife","floor":11,"turns":4},{"damage":0,"enemies":"Gremlin Gang","floor":12,"turns":3},{"damage":23,"enemies":"Lagavulin","floor":14,"turns":9},{"damage":33,"enemies":"The Guardian","floor":16,"turns":13}],"seed_played":"8628821498335786974","potions_obtained":[{"floor":7,"key":"SmokeBomb"},{"floor":11,"key":"LiquidBronze"}],"is_trial":false,"path_per_floor":["M","M","M","$","?","E","M","M","T","R","M","M","?","E","R","B"],"character_chosen":"THE_SILENT","items_purchased":["PiercingWail"],"campfire_rested":2,"item_purchase_floors":[4],"current_hp_per_floor":[59,59,59,59,48,17,3,3,3,31,25,25,25,2,33,0,0],"gold":277,"neow_bonus":"THREE_ENEMY_KILL","is_daily":false,"chose_seed":false,"campfire_upgraded":0,"win_rate":0.0,"timestamp":1609264167,"path_taken":["M","M","M","?","?","E","M","M","T","R","M","M","?","E","R","BOSS"],"items_purchased_type":["Card"],"build_version":"2020-12-22","purchased_purges":0,"victory":false,"max_hp_per_floor":[66,66,66,66,66,66,66,66,66,66,66,66,66,66,66,66,66],"relic_stats":{"counters":[10,53],"Eternal Feather":21,"War Paint":["Defend_G","Acrobatics"],"obtain_stats":[{"Anchor":9,"NeowsBlessing":0,"Ninja Scroll":14,"Eternal Feather":6,"War Paint":13,"Ring of the Snake":0},{"Anchor":6,"NeowsBlessing":0,"Ninja Scroll":9,"Eternal Feather":4,"War Paint":8,"Ring of the Snake":0},{"Anchor":24,"NeowsBlessing":0,"Ninja Scroll":40,"Eternal Feather":12,"War Paint":31,"Ring of the Snake":0}],"Ring of the Snake":[20]},"card_choices":[{"not_picked":["Outmaneuver","Sucker Punch"],"picked":"Acrobatics","floor":1},{"not_picked":["Deadly Poison","Deflect"],"picked":"Dagger Spray","floor":2},{"not_picked":["Quick Slash","Acrobatics"],"picked":"Flying Knee","floor":3},{"not_picked":["Blade Dance","Catalyst"],"picked":"Die Die Die","floor":6},{"not_picked":["Flying Knee","Deadly Poison"],"picked":"Slice","floor":7},{"not_picked":["Sucker Punch","Setup"],"picked":"Footwork","floor":11},{"not_picked":["Outmaneuver","Flying Knee"],"picked":"Backstab","floor":12},{"not_picked":["Acrobatics","Storm of Steel"],"picked":"Cloak And Dagger","floor":14}],"player_experience":956374,"relics_obtained":[{"floor":6,"key":"Eternal Feather"},{"floor":9,"key":"Anchor"},{"floor":14,"key":"Ninja Scroll"}],"event_choices":[{"damage_healed":0,"gold_gain":75,"player_choice":"Gather Gold","damage_taken":11,"max_hp_gain":0,"max_hp_loss":0,"event_name":"World of Goop","floor":5,"gold_loss":0},{"damage_healed":0,"gold_gain":0,"player_choice":"Gave Potion","damage_taken":0,"relics_obtained":["War Paint"],"max_hp_gain":0,"max_hp_loss":0,"event_name":"WeMeetAgain","floor":13,"gold_loss":0}],"is_beta":false,"boss_relics":[],"items_purged_floors":[],"is_endless":false,"potions_floor_spawned":[7,8,11],"killed_by":"The Guardian","ascension_level":15}}