{"host":"93x13jgem5w43hjr","time":1609283679,"event":{"mods":["AchievementEnabler","BaseMod","Better Note","Colored Map","Colored Powertips","Minty Spire (QoL Compilation)","Rare Cards Sparkle","Replay The Spire","StSLib","Waifu the Spire"],"gold_per_floor":[118,118,130,130,0,0,32,32,32,57,74,74,74,84,84,187,187,205,205,414,414,427,453,453,467,467,496,509,520,539,173,173,272,272,285,89,89,0,10,10,37,91,91,91,91,105,105,155,155,155],"floor_reached":51,"playtime":2290,"items_purged":["Writhe","Strike_R"],"score":883,"play_id":"7b6e8571-abd4-45d4-8e4d-a945583d2992","local_time":"20201229161439","is_ascension_mode":true,"campfire_choices":[{"data":"1","floor":6,"key":"LIFT"},{"data":"2","floor":8,"key":"LIFT"},{"data":"3","floor":12,"key":"LIFT"},{"data":"Replay:Undeath\u0027s Touch","floor":15,"key":"SMITH"},{"data":"Limit Break","floor":24,"key":"SMITH"},{"data":"Shrug It Off","floor":32,"key":"SMITH"},{"data":"Metallicize","floor":40,"key":"SMITH"},{"data":"Brutality","floor":45,"key":"SMITH"},{"data":"Heavy Blade","floor":47,"key":"SMITH"},{"data":"Replay:Undeath\u0027s Touch","floor":49,"key":"SMITH"}],"circlet_count":0,"master_deck":["Strike_R","Strike_R","Strike_R","Strike_R","Defend_R","Defend_R","Defend_R","Defend_R","Bash","Ghostly Armor","Thunderclap","Swift Strike","Perfected Strike","Hemokinesis","Pummel","ReplayTheSpireMod:Muscle Training","Replay:Undeath\u0027s Touch+1","Limit Break+1","Armaments+1","Inflame","Thunderclap+1","Replay:Undeath\u0027s Touch+1","Heavy Blade+1","Shrug It Off+1","Reaper","Heavy Blade+1","Flash of Steel","Metallicize+1","Brutality+1","Parasite","Heavy Blade+1"],"relics":["Burning Blood","NeowsBlessing","Champion Belt","Girya","Question Card","Gambling Chip","Charon\u0027s Ashes","TungstenRod","Black Star","Chameleon Ring","Replay:Mystery Machine","Blood Vial","Paper Frog","Gremlin Horn","Self Forming Clay","Shuriken","Coffee Dripper","Ring of Searing","Ring of Peace","Red Mask","Mummified Hand","King of Hearts","Bird Faced Urn","Anchor","Incense Burner"],"acts_visited":["Exordium","TheCity","TheBeyond"],"potions_floor_usage":[16,27,28,33,41,42,46,50,50],"damage_taken":[{"damage":0,"enemies":"Small Slimes","floor":1,"turns":1},{"damage":0,"enemies":"Cultist","floor":3,"turns":1},{"damage":0,"enemies":"Gremlin Nob","floor":7,"turns":1},{"damage":8,"enemies":"3 Sentries","floor":10,"turns":6},{"damage":0,"enemies":"2 Louse","floor":11,"turns":1},{"damage":2,"enemies":"Exordium Wildlife","floor":14,"turns":3},{"damage":27,"enemies":"Hexaghost","floor":16,"turns":6},{"damage":11,"enemies":"Shell Parasite","floor":18,"turns":2},{"damage":2,"enemies":"3 Byrds","floor":22,"turns":4},{"damage":11,"enemies":"Gremlin Leader","floor":23,"turns":5},{"damage":25,"enemies":"Centurion and Healer","floor":25,"turns":5},{"damage":20,"enemies":"Book of Stabbing","floor":27,"turns":5},{"damage":0,"enemies":"Shelled Parasite and Fungi","floor":28,"turns":1},{"damage":1,"enemies":"3 Cultists","floor":29,"turns":2},{"damage":0,"enemies":"Snecko","floor":30,"turns":2},{"damage":31,"enemies":"Champ","floor":33,"turns":6},{"damage":4,"enemies":"Orb Walker","floor":35,"turns":2},{"damage":4,"enemies":"3 Shapes","floor":39,"turns":1},{"damage":17,"enemies":"Giant Head","floor":41,"turns":5},{"damage":8,"enemies":"2 Orb Walkers","floor":42,"turns":3},{"damage":22,"enemies":"Writhing Mass","floor":46,"turns":4},{"damage":11,"enemies":"Mind Bloom Boss Battle","floor":48,"turns":3},{"damage":24,"enemies":"Donu and Deca","floor":50,"turns":5}],"seed_played":"712541250026520259","potions_obtained":[{"floor":1,"key":"PowerPotion"},{"floor":7,"key":"Weak Potion"},{"floor":11,"key":"BloodPotion"},{"floor":18,"key":"Block Potion"},{"floor":25,"key":"Explosive Potion"},{"floor":28,"key":"DistilledChaos"},{"floor":29,"key":"SkillPotion"},{"floor":33,"key":"SteroidPotion"},{"floor":41,"key":"BloodPotion"},{"floor":42,"key":"Block Potion"},{"floor":46,"key":"Adrenaline Potion"}],"is_trial":false,"path_per_floor":["M","?","M","?","$","R","E","R","T","E","M","R","T","M","R","B",null,"M","?","?","?","M","E","R","M","T","E","M","M","M","$","R","B",null,"M","$","?","?","M","R","E","?","T","$","R","M","R","?","R","B",null],"character_chosen":"IRONCLAD","items_purchased":["Swift Strike","Perfected Strike","Shuriken","Shrug It Off","Flash of Steel"],"campfire_rested":0,"item_purchase_floors":[5,5,31,31,36],"current_hp_per_floor":[80,80,80,77,77,77,80,80,80,78,80,80,80,80,80,59,80,75,75,75,75,79,74,74,57,57,45,53,60,68,68,68,45,80,80,80,80,80,80,80,69,78,78,78,78,80,80,75,75,64],"gold":155,"neow_bonus":"THREE_ENEMY_KILL","is_daily":false,"chose_seed":false,"campfire_upgraded":7,"win_rate":0.0,"timestamp":1609283679,"path_taken":["M","?","?","?","$","R","E","R","T","E","M","R","?","M","R","BOSS","M","?","?","?","M","E","R","M","T","E","M","M","M","$","R","BOSS","M","$","?","?","M","R","E","?","T","$","R","M","R","?","R","BOSS"],"items_purchased_type":["Card","Card","Relic","Card","Card"],"build_version":"2020-12-22","purchased_purges":2,"victory":true,"max_hp_per_floor":[80,80,80,80,80,80,80,80,80,80,80,80,80,80,80,80,80,80,80,80,80,80,80,80,80,80,80,80,80,80,80,80,80,80,80,80,80,80,80,80,80,80,80,80,80,80,80,80,80,80],"card_choices":[{"not_picked":["Armaments","Perfected Strike"],"picked":"Ghostly Armor","floor":1},{"not_picked":["Iron Wave","Shrug It Off"],"picked":"Thunderclap","floor":3},{"not_picked":["Warcry","Anger"],"picked":"Hemokinesis","floor":7},{"not_picked":["Bloodletting","Sever Soul","ReplayTheSpireMod:Strike From Hell"],"picked":"Pummel","floor":10},{"not_picked":["Fire Breathing","Abandon","Body Slam"],"picked":"ReplayTheSpireMod:Muscle Training","floor":11},{"not_picked":["Flex","ReplayTheSpireMod:Strike From Hell","Armaments"],"picked":"Replay:Undeath\u0027s Touch","floor":14},{"not_picked":["Corruption","Double Tap","Hemogenesis"],"picked":"Limit Break","floor":16},{"not_picked":["Warcry","Second Wind+1","Replay:Undeath\u0027s Touch"],"picked":"Armaments+1","floor":18},{"not_picked":["Clash","Shockwave+1","Warcry","Intimidate"],"picked":"SKIP","floor":22},{"not_picked":["Abandon+1","Rage","Impervious","Anger"],"picked":"SKIP","floor":23},{"not_picked":["Clothesline","Massacre","Metallicize+1"],"picked":"Thunderclap+1","floor":25},{"not_picked":["Flex","Armaments+1","Second Wind","ReplayTheSpireMod:Strike From Hell"],"picked":"SKIP","floor":27},{"not_picked":["Body Slam+1","Fiend Fire","Perfected Strike"],"picked":"Replay:Undeath\u0027s Touch","floor":28},{"not_picked":["Massacre","Anger","Entrench","Shockwave"],"picked":"SKIP","floor":29},{"not_picked":["Iron Wave","Armaments+1","Clash"],"picked":"Heavy Blade","floor":30},{"not_picked":["Replay:Many Hands","Impervious","Juggernaut"],"picked":"Reaper","floor":33},{"not_picked":["Clash+1","Inflame+1","Body Slam+1"],"picked":"Heavy Blade+1","floor":35},{"not_picked":["Sever Soul","Headbutt","Replay:Undeath\u0027s Touch+1"],"picked":"Metallicize","floor":39},{"not_picked":["True Grit+1","Perfected Strike+1","Entrench+1"],"picked":"Brutality","floor":41},{"not_picked":["Intimidate+1","Rage","Shockwave","Cleave+1"],"picked":"SKIP","floor":46},{"not_picked":["Anger+1","Clash+1","Iron Wave"],"picked":"Heavy Blade+1","floor":48}],"player_experience":88599,"relics_obtained":[{"floor":7,"key":"Question Card"},{"floor":9,"key":"Gambling Chip"},{"floor":10,"key":"Charon\u0027s Ashes"},{"floor":13,"key":"TungstenRod"},{"floor":23,"key":"Replay:Mystery Machine"},{"floor":23,"key":"Blood Vial"},{"floor":26,"key":"Paper Frog"},{"floor":27,"key":"Gremlin Horn"},{"floor":27,"key":"Self Forming Clay"},{"floor":37,"key":"Ring of Searing"},{"floor":37,"key":"Ring of Peace"},{"floor":41,"key":"Mummified Hand"},{"floor":41,"key":"King of Hearts"},{"floor":42,"key":"Bird Faced Urn"},{"floor":43,"key":"Anchor"},{"floor":48,"key":"Incense Burner"}],"event_choices":[{"damage_healed":0,"gold_gain":0,"player_choice":"Gave Potion","damage_taken":0,"relics_obtained":["Champion Belt"],"max_hp_gain":0,"max_hp_loss":0,"event_name":"WeMeetAgain","floor":2,"gold_loss":0},{"damage_healed":0,"gold_gain":0,"player_choice":"Success","damage_taken":3,"relics_obtained":["Girya"],"max_hp_gain":0,"max_hp_loss":0,"event_name":"Scrap Ooze","floor":4,"gold_loss":0},{"damage_healed":0,"gold_gain":0,"player_choice":"Take","damage_taken":0,"max_hp_gain":0,"max_hp_loss":0,"event_name":"betterNote:BetterNote","floor":19,"gold_loss":0,"cards_obtained":["Inflame"]},{"damage_healed":0,"gold_gain":0,"player_choice":"Opened","damage_taken":0,"relics_obtained":["Chameleon Ring"],"max_hp_gain":0,"max_hp_loss":0,"event_name":"The Mausoleum","floor":21,"gold_loss":0,"cards_obtained":["Writhe"]},{"damage_healed":0,"gold_gain":0,"player_choice":"Paid","damage_taken":0,"relics_obtained":["Red Mask"],"max_hp_gain":0,"max_hp_loss":0,"event_name":"Tomb of Lord Red Mask","floor":38,"gold_loss":89},{"damage_healed":0,"gold_gain":0,"player_choice":"Fight","damage_taken":0,"max_hp_gain":0,"max_hp_loss":0,"event_name":"Mysterious Sphere","floor":42,"gold_loss":0},{"damage_healed":0,"gold_gain":0,"player_choice":"Fight","damage_taken":0,"max_hp_gain":0,"max_hp_loss":0,"event_name":"MindBloom","floor":48,"gold_loss":0}],"is_beta":false,"boss_relics":[{"not_picked":["Snecko Eye","Ooze Armor"],"picked":"Black Star"},{"not_picked":["Sozu","Astrolabe"],"picked":"Coffee Dripper"}],"items_purged_floors":[31,36],"is_endless":false,"potions_floor_spawned":[1,7,11,18,25,28,29,33,41,42,46],"ascension_level":1}}