{"host":"odz7g4gpgch153rb","time":1609267897,"event":{"mods":["AchievementEnabler","BaseMod","Better Match","Better Third Choice","BetterRewards","GifTheSpireLib","Infinite Spire","Jedi Mod","Minty Spire (QoL Compilation)","Quick Restart","Replay The Spire","Spikes Relics","StSLib","Stuff the Spire","The Blue Laboratory","Trackpad"],"gold_per_floor":[119,119,137,137,153,153,184,58,58,69,85,103,103,116,116,190,190,210,210,227,238,113,113,127,127,151,151,201,201,219,236,236,326,326,367,408,452,452,492,492,492,492],"floor_reached":41,"playtime":2945,"items_purged":["Strike_G","Strike_G","Strike_G"],"score":523,"play_id":"42ae236c-306b-41f8-b7b1-65a0ba57ec1e","local_time":"20201229135137","is_ascension_mode":true,"campfire_choices":[{"data":"StuffTheSpire:Injection","floor":6.0,"key":"SMITH"},{"data":"Strike_G","floor":15.0,"key":"PURGE"},{"data":"jedi:rejectivetoxin","floor":23.0,"key":"SMITH"},{"data":"Caltrops","floor":25.0,"key":"SMITH"},{"data":"Poisoned Stab","floor":27.0,"key":"SMITH"},{"data":"Poisoned Stab","floor":29.0,"key":"SMITH"},{"floor":32.0,"key":"REST"},{"floor":40,"key":"REST"}],"circlet_count":1,"master_deck":["AscendersBane","Strike_G","Defend_G","Defend_G","Defend_G","Defend_G","Defend_G","Survivor","Neutralize","StuffTheSpire:Injection+1","Dagger Spray","Crippling Poison","Poisoned Stab+1","Caltrops+1","Poisoned Stab+1","jedi:rejectivetoxin+1","CurseOfTheBell","AbeCurse","jedi:pocketpoison","Terror"],"relics":["Ring of the Snake","Replay:Wax Seal","jedi:shrinkray","ClockworkSouvenir","Circlet","Peace Pipe","CaptainsWheel","Calling Bell","Oddly Smooth Stone","RoseTintedShades","Bird Faced Urn","Regal Pillow","infinitespire:EvilPickle","Velvet Choker"],"acts_visited":["Exordium","TheCity","TheBeyond"],"potions_floor_usage":[],"damage_taken":[{"damage":0.0,"enemies":"Jaw Worm","floor":1.0,"turns":3.0},{"damage":1.0,"enemies":"Cultist","floor":3.0,"turns":3.0},{"damage":0.0,"enemies":"Small Slimes","floor":5.0,"turns":2.0},{"damage":37.0,"enemies":"3 Sentries","floor":7.0,"turns":6.0},{"damage":0.0,"enemies":"2 Fungi Beasts","floor":10.0,"turns":3.0},{"damage":0.0,"enemies":"Large Slime","floor":11.0,"turns":5.0},{"damage":3.0,"enemies":"Gremlin Gang","floor":12.0,"turns":4.0},{"damage":3.0,"enemies":"Exordium Thugs","floor":14.0,"turns":5.0},{"damage":13.0,"enemies":"The Guardian","floor":16.0,"turns":8.0},{"damage":20.0,"enemies":"2 Thieves","floor":18.0,"turns":4.0},{"damage":3.0,"enemies":"Chosen","floor":20.0,"turns":5.0},{"damage":11.0,"enemies":"Snecko","floor":21.0,"turns":6.0},{"damage":9.0,"enemies":"Snake Plant","floor":24.0,"turns":3.0},{"damage":33.0,"enemies":"Cultist and Chosen","floor":30.0,"turns":8.0},{"damage":0.0,"enemies":"Centurion and Healer","floor":31.0,"turns":6.0},{"damage":59.0,"enemies":"Pondfish","floor":33.0,"turns":11.0},{"damage":2,"enemies":"3 Shapes","floor":35,"turns":6},{"damage":18,"enemies":"3 Darklings","floor":36,"turns":5},{"damage":16,"enemies":"Sphere and 2 Shapes","floor":37,"turns":7},{"damage":29,"enemies":"4 Shapes","floor":39,"turns":7},{"damage":51,"enemies":"Giant Head","floor":41,"turns":6}],"seed_played":"-3622441257857059606","potions_obtained":[{"floor":1.0,"key":"LiquidBronze"},{"floor":3.0,"key":"infinitespire:BlackPotion"},{"floor":12.0,"key":"SteroidPotion"},{"floor":20.0,"key":"jedi:wingpotion"},{"floor":33.0,"key":"blueLaboratory:BottleOfVodka"},{"floor":35,"key":"blueLaboratory:RememoryPotion"},{"floor":39,"key":"blueLaboratory:Virophage"}],"is_trial":false,"path_per_floor":["M","?","M","?","M","R","E","$","T","M","M","M","$","M","R","B",null,"M","?","M","M","$","R","M","R","T","R","?","R","M","M","R","B",null,"M","M","M","?","M","R","E"],"character_chosen":"THE_SILENT","items_purchased":["Replay:Wax Seal","ReplayTheSpireMod:Brewmster","jedi:shrinkray","ClockworkSouvenir","StuffTheSpire:Injection","Poisoned Stab"],"campfire_rested":2,"item_purchase_floors":[0,0,0,0,0,8],"current_hp_per_floor":[28,76,75,75,75,75,47,47,47,47,47,44,44,41,41,43,68,48,48,47,38,38,38,41,41,41,41,41,41,35,37,74,25,63,63,47,33,33,6,43,0,0],"gold":492,"neow_bonus":"","is_daily":false,"chose_seed":false,"campfire_upgraded":5,"win_rate":0.0,"timestamp":1609267897,"path_taken":["M","?","?","?","M","R","E","$","T","M","M","M","$","M","R","BOSS","M","?","M","M","$","R","M","R","T","R","?","R","M","?","R","BOSS","M","M","M","?","?","R","E"],"items_purchased_type":["Relic","Card","Relic","Relic","Card","Card"],"build_version":"2020-12-22","purchased_purges":3,"victory":false,"max_hp_per_floor":[66,76,76,76,76,76,76,76,76,76,76,76,76,76,76,76,76,76,76,76,76,76,76,76,76,76,76,76,76,76,76,76,76,76,76,76,76,76,76,76,76,76],"card_choices":[{"not_picked":["Prepared","Deadly Poison","Sucker Punch"],"picked":"SKIP","floor":1.0},{"not_picked":["Atom Bomb","jedi:unstablefumes","Setup"],"picked":"SKIP","floor":3.0},{"not_picked":["Deflect","Deadly Poison","Finisher"],"picked":"SKIP","floor":5.0},{"not_picked":["StuffTheSpire:BumpUp","Riddle With Holes"],"picked":"Crippling Poison","floor":7.0},{"not_picked":["Flying Knee","Heel Hook","StuffTheSpire:BumpUp"],"picked":"SKIP","floor":10.0},{"not_picked":["Riddle With Holes","StuffTheSpire:Shiver"],"picked":"Caltrops","floor":11.0},{"not_picked":["PiercingWail","Sucker Punch"],"picked":"Poisoned Stab","floor":12.0},{"not_picked":["Atom Bomb","Choke","StuffTheSpire:Shiver"],"picked":"SKIP","floor":14.0},{"not_picked":["Storm of Steel","After Image"],"picked":"jedi:rejectivetoxin","floor":16.0},{"not_picked":["Sneak Up+1","PiercingWail","ReplayTheSpireMod:Speed Training"],"picked":"SKIP","floor":18.0},{"not_picked":["Blade Dance","StuffTheSpire:Injection","Finisher"],"picked":"SKIP","floor":20.0},{"not_picked":["Hidden Blade","ReplayTheSpireMod:The Works","Dagger Spray"],"picked":"SKIP","floor":21.0},{"not_picked":["InfectiousVector","StuffTheSpire:ClusterCrunch","Dagger Spray"],"picked":"SKIP","floor":24.0},{"not_picked":["After Image","StuffTheSpire:Sprint","Sneak Up"],"picked":"SKIP","floor":30.0},{"not_picked":["ReplayTheSpireMod:Shiv Toss","Blade Dance+1","StuffTheSpire:BumpUp"],"picked":"SKIP","floor":31.0},{"not_picked":["InfectiousVector","Escape Plan"],"picked":"jedi:pocketpoison","floor":35},{"not_picked":["StuffTheSpire:Incursion","PiercingWail+1","Slice"],"picked":"SKIP","floor":36},{"not_picked":["StuffTheSpire:ClusterCrunch","Underhanded Strike"],"picked":"Terror","floor":37},{"not_picked":["Tactician","ReplayTheSpireMod:Exploit Weakness+1","ReplayTheSpireMod:Tripwire"],"picked":"SKIP","floor":39}],"player_experience":960768,"relics_obtained":[{"floor":7.0,"key":"Peace Pipe"},{"floor":9.0,"key":"CaptainsWheel"},{"floor":17.0,"key":"Oddly Smooth Stone"},{"floor":17.0,"key":"RoseTintedShades"},{"floor":17.0,"key":"Bird Faced Urn"},{"floor":26.0,"key":"Regal Pillow"}],"event_choices":[{"cards_removed":["ReplayTheSpireMod:Brewmster"],"damage_healed":38.0,"max_hp_gain":10.0,"max_hp_loss":0.0,"gold_gain":0.0,"event_name":"Bonfire Elementals","player_choice":"Offered Rare","floor":2.0,"gold_loss":0.0,"damage_taken":0.0},{"damage_healed":0.0,"max_hp_gain":0.0,"max_hp_loss":0.0,"gold_gain":50.0,"event_name":"Golden Shrine","player_choice":"Pray","floor":28.0,"gold_loss":0.0,"damage_taken":0.0},{"damage_healed":0,"gold_gain":0,"player_choice":"Ignored","damage_taken":0,"max_hp_gain":0,"max_hp_loss":0,"event_name":"betterThird:BetterPortal","floor":38,"gold_loss":0}],"is_beta":false,"boss_relics":[{"not_picked":["Busted Crown","Coffee Dripper"],"picked":"Calling Bell"},{"not_picked":["CosmicIsotope","Snecko Scales"],"picked":"Velvet Choker"}],"items_purged_floors":[0,8,22],"is_endless":false,"potions_floor_spawned":[1,3,12,14,20,33,35,39],"killed_by":"Giant Head","ascension_level":15}}