{"host":"nnxvcju6x1qybncj","time":1609257788,"event":{"mods":["BaseMod","Displayed Cursed Tome","Downfall","Jorbs\u0027s Wanderer Trilogy","Minty Spire (QoL Compilation)","Quick Restart","StSLib","The Construct","The Cursed","The Disciple","The Hierophant","The Judge","The Necromancer","The Spell Scribe","TheFirefly"],"gold_per_floor":[112,122,97,97,97,97,122,122,122,156,170,197,197,216,216,216,216],"floor_reached":16,"playtime":2718,"items_purged":[],"score":257,"play_id":"d7d1c93a-84d1-40e7-98cb-45de15deb99f","local_time":"20201229170308","is_ascension_mode":true,"campfire_choices":[{"data":"Bash","floor":6,"key":"SMITH"},{"data":"Flex","floor":8,"key":"SMITH"},{"data":"1","floor":13,"key":"LIFT"},{"data":"2","floor":15,"key":"LIFT"}],"circlet_count":0,"master_deck":["AscendersBane","Strike_R","Strike_R","Strike_R","Strike_R","Defend_R","Defend_R","Defend_R","Defend_R","Bash+1","Sword Boomerang","Shrug It Off","Flex+1","Shrug It Off","Rampage","Whirlwind","Shrug It Off","Flex"],"relics":["Burning Blood","NeowsBlessing","Boot","Meat on the Bone","Girya","Question Card"],"acts_visited":["Exordium"],"potions_floor_usage":[10,16],"damage_taken":[{"damage":0,"enemies":"2 Louse","floor":1,"turns":1},{"damage":0,"enemies":"Jaw Worm","floor":2,"turns":1},{"damage":0,"enemies":"3 Sentries","floor":7,"turns":1},{"damage":15,"enemies":"Lagavulin","floor":10,"turns":4},{"damage":0,"enemies":"Cultist","floor":11,"turns":3},{"damage":24,"enemies":"Gremlin Nob","floor":12,"turns":4},{"damage":29,"enemies":"Blue Slaver","floor":14,"turns":5},{"damage":34,"enemies":"Hexaghost","floor":16,"turns":9}],"seed_played":"3830876705902289928","potions_obtained":[{"floor":1,"key":"Block Potion"},{"floor":11,"key":"BlessingOfTheForge"},{"floor":14,"key":"sneckomod:MuddlingPotion"}],"is_trial":false,"path_per_floor":["M","M","$","?","?","R","E","R","T","E","M","E","R","M","R","B"],"character_chosen":"IRONCLAD","items_purchased":["Flex"],"campfire_rested":0,"item_purchase_floors":[3],"current_hp_per_floor":[74,75,75,80,80,80,80,80,80,71,77,59,59,48,48,14,14],"gold":216,"neow_bonus":"THREE_ENEMY_KILL","is_daily":false,"chose_seed":false,"campfire_upgraded":2,"win_rate":0.0,"timestamp":1609257788,"path_taken":["M","M","$","?","?","R","E","R","T","E","?","E","R","M","R","BOSS"],"items_purchased_type":["Card"],"build_version":"2020-12-22","purchased_purges":0,"victory":false,"max_hp_per_floor":[75,75,75,80,80,80,80,80,80,80,80,80,80,80,80,80,80],"card_choices":[{"not_picked":["Battle Trance","Wild Strike"],"picked":"Sword Boomerang","floor":1},{"not_picked":["Dark Embrace","Headbutt"],"picked":"Shrug It Off","floor":2},{"not_picked":["Wild Strike","Combust"],"picked":"Shrug It Off","floor":7},{"not_picked":["Berserk","Dropkick"],"picked":"Rampage","floor":10},{"not_picked":["Bloodletting","Combust"],"picked":"Whirlwind","floor":11},{"not_picked":["Berserk","Body Slam"],"picked":"Shrug It Off","floor":12},{"not_picked":["Anger","Pommel Strike","Metallicize"],"picked":"Flex","floor":14}],"player_experience":761095,"relics_obtained":[{"floor":7,"key":"Boot"},{"floor":9,"key":"Meat on the Bone"},{"floor":10,"key":"Girya"},{"floor":12,"key":"Question Card"}],"event_choices":[{"damage_healed":0,"gold_gain":0,"player_choice":"Donut","damage_taken":0,"max_hp_gain":5,"max_hp_loss":0,"event_name":"Big Fish","floor":4,"gold_loss":0},{"cards_removed":["Strike_R"],"damage_healed":0,"gold_gain":0,"player_choice":"Offered Basic","damage_taken":0,"max_hp_gain":0,"max_hp_loss":0,"event_name":"Bonfire Elementals","floor":5,"gold_loss":0}],"is_beta":false,"boss_relics":[],"items_purged_floors":[],"is_endless":false,"potions_floor_spawned":[1,11,14],"killed_by":"Hexaghost","ascension_level":16}}