{"host":"j29osl8nelwi4hyu","time":1609218507,"event":{"mods":["BaseMod","Colored Powertips","Hubris","Infinite Spire","Minty Spire (QoL Compilation)","Replay The Spire","StSLib"],"gold_per_floor":[113,132,152,152,206,206,232,232,232,232,249,259,277,294,294,392,392,412,412,412],"floor_reached":19,"playtime":576,"items_purged":[],"score":214,"play_id":"3e923d0c-b818-4ea5-8950-86951202a883","local_time":"20201228210827","is_ascension_mode":true,"campfire_choices":[{"data":"Streamline","floor":6,"key":"SMITH"},{"data":"Defragment","floor":8,"key":"SMITH"},{"data":"Self Repair","floor":10,"key":"SMITH"},{"floor":15,"key":"RECALL"}],"circlet_count":0,"master_deck":["Strike_B","Strike_B","Strike_B+1","Strike_B","Defend_B+1","Defend_B","Defend_B","Defend_B","Zap","Dualcast","Defragment+1","Streamline+1","Self Repair+1","Go for the Eyes","hubris:SpecializedCircuitry","Leap","FIFO Queue","Reprogram","Echo Form","Redo"],"relics":["Cracked Core","NeowsBlessing","Pantograph","Art of War","Philosopher\u0027s Stone"],"acts_visited":["Exordium","TheCity"],"potions_floor_usage":[14,16,18],"damage_taken":[{"damage":0,"enemies":"Jaw Worm","floor":1,"turns":1},{"damage":0,"enemies":"Small Slimes","floor":2,"turns":1},{"damage":0,"enemies":"Cultist","floor":3,"turns":1},{"damage":17,"enemies":"Gremlin Nob","floor":7,"turns":4},{"damage":6,"enemies":"Looter","floor":11,"turns":3},{"damage":22,"enemies":"Exordium Wildlife","floor":12,"turns":5},{"damage":9,"enemies":"Red Slaver","floor":13,"turns":4},{"damage":1,"enemies":"Lots of Slimes","floor":14,"turns":6},{"damage":57,"enemies":"Hexaghost","floor":16,"turns":13},{"damage":26,"enemies":"Spheric Guardian","floor":18,"turns":4},{"damage":48,"enemies":"Masked Bandits","floor":19,"turns":3}],"seed_played":"7244791107418770868","potions_obtained":[{"floor":1,"key":"SpeedPotion"},{"floor":7,"key":"Weak Potion"},{"floor":12,"key":"SpeedPotion"},{"floor":13,"key":"LifebloodPotion"},{"floor":16,"key":"AttackPotion"}],"is_trial":false,"path_per_floor":["M","M","M","?","?","R","E","R","T","R","M","M","M","M","R","B",null,"M","?"],"character_chosen":"DEFECT","items_purchased":[],"campfire_rested":0,"item_purchase_floors":[],"current_hp_per_floor":[75,75,75,60,60,60,50,50,50,50,54,42,43,52,52,28,63,47,0,0],"gold":412,"neow_bonus":"THREE_ENEMY_KILL","is_daily":false,"chose_seed":false,"campfire_upgraded":3,"win_rate":0.0,"timestamp":1609218507,"path_taken":["M","M","M","?","?","R","E","R","T","R","M","M","M","M","R","BOSS","M","?"],"items_purchased_type":[],"build_version":"2020-12-22","purchased_purges":0,"victory":false,"max_hp_per_floor":[75,75,75,75,75,75,75,75,75,75,75,75,75,75,75,75,75,75,75,75],"card_choices":[{"not_picked":["Cold Snap","Steam Power"],"picked":"Defragment","floor":1},{"not_picked":["ReplayTheSpireMod:Repulse","Barrage"],"picked":"Streamline","floor":2},{"not_picked":["Crystallizer","Sweeping Beam"],"picked":"Self Repair","floor":3},{"not_picked":["Static Discharge","Turbo"],"picked":"Go for the Eyes","floor":7},{"not_picked":["Barrage","Streamline"],"picked":"hubris:SpecializedCircuitry","floor":11},{"not_picked":["Streamline","Redo"],"picked":"Leap","floor":12},{"not_picked":["BootSequence","Compile Driver"],"picked":"FIFO Queue","floor":13},{"not_picked":["Stack","Time Bomb"],"picked":"Reprogram","floor":14},{"not_picked":["hubris:Prefetch","Machine Learning"],"picked":"Echo Form","floor":16},{"not_picked":["Aggregate","Turbo+1"],"picked":"Redo","floor":18}],"player_experience":270517,"relics_obtained":[{"floor":7,"key":"Pantograph"},{"floor":9,"key":"Art of War"}],"event_choices":[{"damage_healed":0,"gold_gain":0,"player_choice":"Entered Light","damage_taken":15,"max_hp_gain":0,"max_hp_loss":0,"event_name":"Shining Light","floor":4,"gold_loss":0,"cards_upgraded":["Defend_B","Strike_B"]},{"damage_healed":0,"gold_gain":54,"player_choice":"Gained Gold","damage_taken":0,"max_hp_gain":0,"max_hp_loss":0,"event_name":"Golden Wing","floor":5,"gold_loss":0},{"damage_healed":0,"gold_gain":0,"player_choice":"Fought Bandits","damage_taken":0,"max_hp_gain":0,"max_hp_loss":0,"event_name":"Masked Bandits","floor":19,"gold_loss":0}],"is_beta":false,"boss_relics":[{"not_picked":["Replay:Drink Me","Replay:Ancient Bell"],"picked":"Philosopher\u0027s Stone"}],"items_purged_floors":[],"is_endless":false,"potions_floor_spawned":[1,7,12,13,16],"killed_by":"Masked Bandits","ascension_level":5}}