{"host":"uwh382mre4waz4ff","time":1609222786,"event":{"mods":["AchievementEnabler","BaseMod","Better Note","Better Third Choice","BetterRewards","Minty Spire (QoL Compilation)","Quick Restart","Shop Mod","StSLib","The Marked"],"gold_per_floor":[114,39,39,59,59,59,91,91,115,132,132,132,150,50,50,146,146,157,157,157,32,50,50,50],"floor_reached":23,"playtime":1024,"items_purged":["theMarked:Strike","theMarked:Strike","Decay"],"score":187,"play_id":"4ed27783-cef3-4828-9dac-41232a3dff06","local_time":"20201229141946","is_ascension_mode":false,"campfire_choices":[{"data":"theMarked:TunnelVision","floor":6,"key":"SMITH"},{"data":"theMarked:ComboAttacks","floor":11,"key":"SMITH"},{"data":"theMarked:SoldierOfQuellstein","floor":15,"key":"SMITH"}],"circlet_count":0,"master_deck":["theMarked:Strike+1","theMarked:Strike+1","theMarked:Defend","theMarked:Defend","theMarked:Defend","theMarked:Defend","theMarked:SoldierOfQuellstein+1","Bandage Up","theMarked:WardOff","theMarked:TunnelVision+1","theMarked:Overcharge","theMarked:ComboAttacks+1","theMarked:SoldierForm","theMarked:TakeCover","theMarked:SoldierOfQuellstein"],"relics":["theMarked:ArtifactOfAir","Tiny Chest","Vajra","Peace Pipe","MealTicket","theMarked:DemonDagger","Whetstone","WingedGreaves","Cursed Key","theMarked:Gun"],"acts_visited":["Exordium","TheCity"],"potions_floor_usage":[16,16,23],"damage_taken":[{"damage":6,"enemies":"Jaw Worm","floor":1,"turns":3},{"damage":1,"enemies":"Cultist","floor":4,"turns":3},{"damage":14,"enemies":"3 Sentries","floor":7,"turns":6},{"damage":1,"enemies":"2 Louse","floor":10,"turns":2},{"damage":0,"enemies":"Large Slime","floor":13,"turns":4},{"damage":18,"enemies":"The Guardian","floor":16,"turns":6},{"damage":20,"enemies":"2 Thieves","floor":18,"turns":3},{"damage":14,"enemies":"Chosen","floor":22,"turns":5},{"damage":69,"enemies":"Gremlin Leader","floor":23,"turns":4}],"seed_played":"1212690149188650058","potions_obtained":[{"floor":3,"key":"theMarked:ChargePotion"},{"floor":3,"key":"Energy Potion"},{"floor":3,"key":"SmokeBomb"},{"floor":10,"key":"DuplicationPotion"},{"floor":13,"key":"GamblersBrew"},{"floor":16,"key":"EssenceOfSteel"}],"is_trial":false,"path_per_floor":["M","$","?","M","?","R","E","T","T","M","R","?","M","$","R","B",null,"M","T","?","$","M","E"],"character_chosen":"THE_DEFAULT","items_purchased":[],"campfire_rested":0,"item_purchase_floors":[],"current_hp_per_floor":[20,20,20,23,16,16,6,6,6,5,5,5,9,24,24,10,65,45,45,45,60,50,0,0],"gold":50,"neow_bonus":"","is_daily":false,"chose_seed":false,"campfire_upgraded":3,"win_rate":0.0,"timestamp":1609222786,"path_taken":["M","$","?","?","?","R","E","?","T","?","R","?","?","$","R","BOSS","M","?","?","$","?","E"],"items_purchased_type":[],"build_version":"2020-12-22","purchased_purges":3,"victory":false,"max_hp_per_floor":[65,65,65,65,65,65,65,65,65,65,65,65,65,65,65,65,65,65,65,65,65,65,65,65],"card_choices":[{"not_picked":["theMarked:ElectricStrings","theMarked:WastefulAttack"],"picked":"theMarked:WardOff","floor":1},{"not_picked":["theMarked:BanishingStrike","theMarked:Parkour"],"picked":"theMarked:TunnelVision","floor":4},{"not_picked":["theMarked:MagicAdept","theMarked:Polarize"],"picked":"theMarked:Overcharge","floor":7},{"not_picked":["theMarked:BanishingWave","theMarked:Electrocute"],"picked":"theMarked:ComboAttacks","floor":10},{"not_picked":["theMarked:Static","theMarked:ChainLightning","theMarked:HeightenedSenses"],"picked":"SKIP","floor":13},{"not_picked":["theMarked:Challenge","theMarked:Levitate"],"picked":"theMarked:SoldierForm","floor":16},{"not_picked":["theMarked:ChainLightning","theMarked:WardOff+1"],"picked":"theMarked:TakeCover","floor":18},{"not_picked":["theMarked:Electrify","theMarked:ElectricStrings","theMarked:Parkour"],"picked":"SKIP","floor":22}],"player_experience":118715,"relics_obtained":[{"floor":7,"key":"MealTicket"},{"floor":8,"key":"theMarked:DemonDagger"},{"floor":9,"key":"Whetstone"},{"floor":19,"key":"theMarked:Gun"}],"event_choices":[{"damage_healed":0,"gold_gain":0,"player_choice":"Got Potions","damage_taken":0,"max_hp_gain":0,"max_hp_loss":0,"event_name":"Lab","floor":3,"gold_loss":0},{"cards_removed":["theMarked:Strike"],"damage_healed":0,"gold_gain":0,"player_choice":"Card Removal","damage_taken":7,"max_hp_gain":0,"max_hp_loss":0,"event_name":"Golden Wing","floor":5,"gold_loss":0},{"damage_healed":0,"gold_gain":0,"player_choice":"Gave Potion","damage_taken":0,"relics_obtained":["WingedGreaves"],"max_hp_gain":0,"max_hp_loss":0,"event_name":"WeMeetAgain","floor":12,"gold_loss":0},{"damage_healed":0,"gold_gain":0,"player_choice":"1 cards matched","damage_taken":0,"max_hp_gain":0,"max_hp_loss":0,"event_name":"Match and Keep!","floor":20,"gold_loss":0,"cards_obtained":["theMarked:SoldierOfQuellstein"]}],"is_beta":false,"boss_relics":[{"not_picked":["theMarked:Eyepatch","Tiny House"],"picked":"Cursed Key"}],"items_purged_floors":[2,14,21],"is_endless":false,"potions_floor_spawned":[10,13,16],"killed_by":"Gremlin Leader","ascension_level":0}}