{"host":"dpbezu80jg8zk7un","time":1609239511,"event":{"mods":["BaseMod","Colored Map","Colored Powertips","Custom Start","DeckTracker","Minty Spire (QoL Compilation)","Quick Restart","StSLib","SuperFastMode"],"gold_per_floor":[111,111,111,125,125,159,159,173,251,278,294,308,308,322,322,399,699,724,389,399,299,299,299],"floor_reached":22,"playtime":1102,"items_purged":["Strike_P","Defend_P"],"score":442,"play_id":"c20c3f3d-29af-4e36-932f-2d9270b486f4","local_time":"20201229195831","is_ascension_mode":true,"campfire_choices":[{"data":"Eruption","floor":7.0,"key":"SMITH"},{"data":"Blasphemy","floor":13.0,"key":"SMITH"},{"data":"Adaptation","floor":15.0,"key":"SMITH"}],"circlet_count":0,"master_deck":["AscendersBane","Strike_P","Strike_P","Defend_P","Eruption+1","Vigilance","EmptyFist","WaveOfTheHand","Adaptation+1","CrushJoints","LikeWater","Blasphemy+1","InnerPeace","Vault","FearNoEvil"],"relics":["PureWater","NeowsBlessing","Omamori","Bottled Flame","Calling Bell","CeramicFish","Eternal Feather","Old Coin","Toy Ornithopter"],"acts_visited":["Exordium","TheCity"],"potions_floor_usage":[22],"damage_taken":[{"damage":0.0,"enemies":"Cultist","floor":1.0,"turns":1.0},{"damage":0.0,"enemies":"Small Slimes","floor":4.0,"turns":1.0},{"damage":0.0,"enemies":"Gremlin Nob","floor":6.0,"turns":1.0},{"damage":2.0,"enemies":"2 Louse","floor":8.0,"turns":3.0},{"damage":12.0,"enemies":"3 Sentries","floor":10.0,"turns":4.0},{"damage":13.0,"enemies":"Large Slime","floor":11.0,"turns":4.0},{"damage":20.0,"enemies":"Looter","floor":12.0,"turns":4.0},{"damage":0.0,"enemies":"Blue Slaver","floor":14.0,"turns":1.0},{"damage":6.0,"enemies":"The Guardian","floor":16.0,"turns":13.0},{"damage":13.0,"enemies":"Chosen","floor":18.0,"turns":5.0},{"damage":19.0,"enemies":"2 Thieves","floor":20.0,"turns":4.0},{"damage":45,"enemies":"Sentry and Sphere","floor":22,"turns":6}],"seed_played":"-8906007139867201449","potions_obtained":[{"floor":8.0,"key":"DistilledChaos"},{"floor":10.0,"key":"Regen Potion"},{"floor":12.0,"key":"FearPotion"}],"is_trial":false,"path_per_floor":["M","?","?","M","?","E","R","M","T","E","M","M","R","M","R","B",null,"M","$","M","$","M"],"character_chosen":"WATCHER","items_purchased":["Regen Potion","Toy Ornithopter"],"campfire_rested":0,"item_purchase_floors":[19,19],"current_hp_per_floor":[61,54,54,54,54,54,54,52,52,40,27,7,7,7,7,16,55,42,42,23,23,0,0],"gold":299,"neow_bonus":"THREE_ENEMY_KILL","is_daily":false,"chose_seed":false,"campfire_upgraded":3,"win_rate":0.0,"timestamp":1609239511,"path_taken":["M","?","?","?","?","E","R","M","T","E","M","M","R","M","R","BOSS","M","$","M","$","M"],"items_purchased_type":["Potion","Relic"],"build_version":"2020-12-22","purchased_purges":2,"victory":false,"max_hp_per_floor":[68,68,68,68,68,68,68,68,68,68,68,68,68,68,68,68,68,68,68,68,68,68,68],"card_choices":[{"not_picked":["PathToVictory","Halt"],"picked":"EmptyFist","floor":1.0},{"not_picked":["SignatureMove","Swivel","JustLucky"],"picked":"SKIP","floor":4.0},{"not_picked":["CutThroughFate","Perseverance","JustLucky"],"picked":"SKIP","floor":6.0},{"not_picked":["WindmillStrike","ThirdEye"],"picked":"CrushJoints","floor":8.0},{"not_picked":["LikeWater","WreathOfFlame","BowlingBash"],"picked":"SKIP","floor":10.0},{"not_picked":["WreathOfFlame","BowlingBash"],"picked":"LikeWater","floor":10.0},{"not_picked":["Pray","ThirdEye"],"picked":"Blasphemy","floor":11.0},{"not_picked":["Crescendo","CutThroughFate"],"picked":"InnerPeace","floor":12.0},{"not_picked":["EmptyBody","Devotion","CrushJoints"],"picked":"SKIP","floor":14.0},{"not_picked":["DeusExMachina","Blasphemy"],"picked":"Vault","floor":16.0},{"not_picked":["CrushJoints","Consecrate"],"picked":"FearNoEvil","floor":18.0},{"not_picked":["BattleHymn","TalkToTheHand","CutThroughFate"],"picked":"SKIP","floor":20.0}],"player_experience":2791217,"relics_obtained":[{"floor":6.0,"key":"Omamori"},{"floor":10.0,"key":"Bottled Flame"},{"floor":17.0,"key":"CeramicFish"},{"floor":17.0,"key":"Eternal Feather"},{"floor":17.0,"key":"Old Coin"}],"event_choices":[{"cards_removed":["Defend_P"],"damage_healed":0.0,"max_hp_gain":0.0,"max_hp_loss":0.0,"gold_gain":0.0,"event_name":"Golden Wing","player_choice":"Card Removal","floor":2.0,"gold_loss":0.0,"damage_taken":7.0},{"damage_healed":0.0,"max_hp_gain":0.0,"max_hp_loss":0.0,"gold_gain":0.0,"cards_transformed":["Strike_P"],"event_name":"Transmorgrifier","player_choice":"Transformed","floor":3.0,"gold_loss":0.0,"damage_taken":0.0,"cards_obtained":["WaveOfTheHand"]},{"damage_healed":0.0,"max_hp_gain":0.0,"max_hp_loss":0.0,"gold_gain":0.0,"cards_transformed":["Defend_P"],"event_name":"Living Wall","player_choice":"Change","floor":5.0,"gold_loss":0.0,"damage_taken":0.0,"cards_obtained":["Adaptation"]}],"is_beta":false,"boss_relics":[{"not_picked":["Snecko Eye","SlaversCollar"],"picked":"Calling Bell"}],"items_purged_floors":[19,21],"is_endless":false,"potions_floor_spawned":[8,10,12],"killed_by":"Sentry and Sphere","ascension_level":20}}