{"host":"grli52lbdph2722t","time":1609209824,"event":{"mods":["AchievementEnabler","BaseMod","Downfall","Minty Spire (QoL Compilation)","Quick Restart","StSLib"],"gold_per_floor":[349,368,384,402,51,51,75,75,94,94,94],"floor_reached":10,"playtime":409,"items_purged":["sneckomod:Strike"],"score":116,"play_id":"87376022-e6ea-41f0-9a4e-7efd44d02c8d","local_time":"20201229034344","is_ascension_mode":true,"campfire_choices":[{"data":"sneckomod:SnekBite","floor":1,"key":"SMITH"}],"circlet_count":0,"master_deck":["AscendersBane","sneckomod:Strike","sneckomod:Strike","sneckomod:Defend","sneckomod:Defend","sneckomod:Defend+1","sneckomod:TailWhip","sneckomod:SnekBite+1","sneckomod:Unknown+1","sneckomod:Unknown","sneckomod:UnknownEthereal","sneckomod:MasterEye+1","sneckomod:SoulCleanse","sneckomod:UnknownRareSkill","sneckomod:UnknownUncommonPower","sneckomod:MasterEye"],"relics":["sneckomod:SneckoSoul","Membership Card","War Paint","downfall:BrokenWingStatue","Blood Vial"],"acts_visited":["Exordium"],"potions_floor_usage":[9],"damage_taken":[{"damage":0,"enemies":"Cultist","floor":2,"turns":4},{"damage":20,"enemies":"Small Slimes","floor":3,"turns":4},{"damage":14,"enemies":"Jaw Worm","floor":4,"turns":5},{"damage":6,"enemies":"downfall:FleeingMerchant","floor":5,"turns":4},{"damage":30,"enemies":"Exordium Thugs","floor":9,"turns":5},{"damage":24,"enemies":"Gremlin Nob","floor":10,"turns":3}],"seed_played":"-6021080634823232110","potions_obtained":[{"floor":4,"key":"Fire Potion"}],"is_trial":false,"path_per_floor":["R","M","M","M","$","?","T","?","M","E"],"character_chosen":"THE_SNECKO","items_purchased":["Membership Card","sneckomod:UnknownUncommonPower","War Paint"],"campfire_rested":0,"item_purchase_floors":[5,5,5],"current_hp_per_floor":[75,76,56,42,38,38,38,38,18,0,0],"gold":94,"neow_bonus":"TWO_FIFTY_GOLD","is_daily":false,"chose_seed":false,"campfire_upgraded":1,"win_rate":0.0,"timestamp":1609209824,"path_taken":["R","M","M","M","$","?","T","?","?","E"],"items_purchased_type":["Relic","Card","Relic"],"build_version":"2020-12-22","purchased_purges":1,"victory":false,"max_hp_per_floor":[75,76,76,76,78,78,78,78,78,78,78],"card_choices":[{"not_picked":["sneckomod:DefensiveFlair","sneckomod:SoulRoll"],"picked":"sneckomod:UnknownEthereal","floor":2},{"not_picked":["sneckomod:ImprovisedGuard","sneckomod:UnknownClassBLUE"],"picked":"sneckomod:MasterEye","floor":3},{"not_picked":["sneckomod:UnknownCommonSkill","sneckomod:DiceCrush"],"picked":"sneckomod:SoulCleanse","floor":4},{"not_picked":["sneckomod:UnknownWeak","sneckomod:QuickBite"],"picked":"sneckomod:UnknownRareSkill","floor":5},{"not_picked":["sneckomod:DiceCrush","sneckomod:UnknownClassHEXA_GHOST_PURPLE"],"picked":"sneckomod:MasterEye","floor":9}],"player_experience":4912164,"relics_obtained":[{"floor":7,"key":"Blood Vial"}],"event_choices":[{"damage_healed":0,"gold_gain":0,"player_choice":"Upgraded","damage_taken":0,"max_hp_gain":0,"max_hp_loss":0,"event_name":"Upgrade Shrine","floor":8,"gold_loss":0,"cards_upgraded":["sneckomod:MasterEye"]}],"is_beta":false,"boss_relics":[],"items_purged_floors":[5],"is_endless":false,"potions_floor_spawned":[4],"killed_by":"Gremlin Nob","ascension_level":20}}