{"host":"6im5s6zqmlhvz0yl","time":1609209144,"event":{"mods":["Act Like it!","Bartender","BaseMod","Energized Spire","Halation","Hermit","Hubris","Infinite Spire","Menagerie","Minty Spire (QoL Compilation)","RumiaBox-????????","Spicy Shops","StSLib","The Blue Laboratory","The Factory","The Florist","The Marked","TheArtist","Trackpad","Wandering Minibosses","vexMod"],"gold_per_floor":[111,129,115,183,35,65,82,92,92,92,125,158,158,188,188,286,286,296,85,99,144,144,144,202,202,202,202,219,219,219,239,239,245,245],"floor_reached":33,"playtime":2360,"items_purged":[],"score":460,"play_id":"aa461210-a1fa-4f9d-be6e-559d936b87d4","local_time":"20201229003224","daily_mods":["Draft","Red Cards","Green Cards","Blue Cards","Colorless Cards","DeadlyEvents","Elite Swarm"],"is_ascension_mode":true,"campfire_choices":[{"floor":10.0,"key":"REST"},{"floor":13.0,"key":"REST"},{"data":"artistmod:RadicalRainbows","floor":15.0,"key":"SMITH"},{"floor":23,"key":"REST"},{"floor":25,"key":"REST"},{"floor":30,"key":"REST"},{"floor":32,"key":"REST"}],"circlet_count":0,"master_deck":["AscendersBane","Rebound","Terror","Conserve Battery","Foot_Thrust","Agrypnos:CombTheEarth","Agrypnos:Orchid","Sweeping Beam","Deep Breath","theMarked:BanishingStrike","hermit:Ricochet","Rebound","Agrypnos:Rake","Agrypnos:Azalea","theMarked:WardOff","hermit:Glare","theMarked:Static","hermit:Roulette","Dark Shackles","artistmod:RadicalRainbows+1","Go for the Eyes","PiercingWail","Form_Shift","Core Surge","Demon Form","Agrypnos:Summer","Agrypnos:Hyacinth+1","artistmod:BlueBrews","hermit:GhostlyPresence","Dagger Throw","theMarked:MysticalArsenal","artistmod:BlackBang","Leap+1","Armaments+1"],"relics":["Baka","vexMod:ScavengeHelm","Cleaning_Rag","The Courier","Nunchaku","trackpad:FieryHotPepper","infinitespire:Satchel","halation:LettersToHer","wanderingMiniBosses:ThiefScarf","Ring of the Snake","hubris:SphereOfDissonance","infinitespire:CheckeredPen","MagicDraw2","halation:IllGainedPizza","CeramicFish","hubris:Reverence"],"acts_visited":["Menagerie:Menagerie","TheCity"],"potions_floor_usage":[33,33],"damage_taken":[{"damage":3.0,"enemies":"Menagerie:WhisperingWraith","floor":1.0,"turns":3.0},{"damage":6.0,"enemies":"Menagerie:2_RABBITS","floor":2.0,"turns":3.0},{"damage":5.0,"enemies":"Menagerie:StygianBoar","floor":3.0,"turns":6.0},{"damage":25.0,"enemies":"Menagerie:VoidReaper","floor":6.0,"turns":6.0},{"damage":8.0,"enemies":"Menagerie:DREAD_MOTH_AND_GRAFTED_WORMS","floor":7.0,"turns":2.0},{"damage":0.0,"enemies":"Menagerie:RedMage","floor":8.0,"turns":2.0},{"damage":0.0,"enemies":"Menagerie:Hydra","floor":11.0,"turns":2.0},{"damage":9.0,"enemies":"Menagerie:MaskedSummoner","floor":12.0,"turns":4.0},{"damage":19.0,"enemies":"Menagerie:VoidReaper","floor":14.0,"turns":3.0},{"damage":25.0,"enemies":"Menagerie:AVATARS","floor":16.0,"turns":5.0},{"damage":16.0,"enemies":"Spheric Guardian","floor":18.0,"turns":4.0},{"damage":5.0,"enemies":"Chosen","floor":20.0,"turns":3.0},{"damage":36,"enemies":"Sentry and Sphere","floor":21,"turns":7},{"damage":23,"enemies":"Book of Stabbing","floor":24,"turns":4},{"damage":13,"enemies":"Snecko","floor":28,"turns":3},{"damage":12,"enemies":"Snake Plant","floor":31,"turns":4},{"damage":51,"enemies":"hubris:MusketHawk","floor":33,"turns":6}],"seed_played":"-6455325866873211451","potions_obtained":[{"floor":2.0,"key":"AttackPotion"},{"floor":3.0,"key":"Fire Potion"},{"floor":6.0,"key":"blueLaboratory:BottleOfRum"},{"floor":12.0,"key":"blueLaboratory:HorrorPotion"},{"floor":28,"key":"SmokeBomb"},{"floor":31,"key":"blueLaboratory:PyrophylliteBrew"}],"is_trial":true,"path_per_floor":["M","M","M","T","$","E","M","M","T","R","E","E","R","E","R","B",null,"M","$","M","M","?","R","E","R","T","T","M","$","R","M","R","B"],"character_chosen":"THE_SILENT","items_purchased":["Cleaning_Rag","artistmod:BlueBrews","halation:LettersToHer","hermit:GhostlyPresence"],"campfire_rested":6,"item_purchase_floors":[5,19,19,19],"current_hp_per_floor":[60,54,49,49,49,28,20,20,20,41,41,32,53,62,62,37,62,46,46,41,5,5,26,3,24,24,24,11,11,32,20,41,0,0],"gold":245,"neow_bonus":"","is_daily":false,"chose_seed":false,"campfire_upgraded":1,"win_rate":0.0,"timestamp":1609209144,"path_taken":["M","M","?","?","?","E","M","M","T","R","E","?","R","?","R","BOSS","M","$","M","M","?","R","E","R","T","?","M","?","R","M","R","BOSS"],"items_purchased_type":["Relic","Card","Relic","Card"],"build_version":"2020-12-22","purchased_purges":0,"victory":false,"max_hp_per_floor":[70,70,70,70,70,70,70,70,70,70,70,70,70,70,70,70,70,70,70,70,70,70,70,70,70,70,70,70,70,70,70,70,70,70],"card_choices":[{"not_picked":["Rage","artistmod:PrismaticPain"],"picked":"Rebound","floor":0.0},{"not_picked":["theMarked:Improvise","PanicButton"],"picked":"Terror","floor":0.0},{"not_picked":["theMarked:Frustration","theMarked:WardOff"],"picked":"Conserve Battery","floor":0.0},{"not_picked":["artistmod:InsaneInspiration","theMarked:BanishingWave"],"picked":"Foot_Thrust","floor":0.0},{"not_picked":["Bitters","Sentinel"],"picked":"Agrypnos:CombTheEarth","floor":0.0},{"not_picked":["Agrypnos:Restock","Masterful Stab"],"picked":"Agrypnos:Orchid","floor":0.0},{"not_picked":["Armaments","Heavy Blade"],"picked":"Sweeping Beam","floor":0.0},{"not_picked":["Body Slam","hubris:SlightOfHand"],"picked":"Deep Breath","floor":0.0},{"not_picked":["Ball_Of_Ice","artistmod:RedRazzing"],"picked":"theMarked:BanishingStrike","floor":0.0},{"not_picked":["Elbow_Slash","Cloak And Dagger"],"picked":"hermit:Ricochet","floor":0.0},{"not_picked":["Defragment","Compile Driver"],"picked":"Rebound","floor":0.0},{"not_picked":["theMarked:Electrocute","Forethought"],"picked":"Agrypnos:Rake","floor":0.0},{"not_picked":["theMarked:EmpowerWeapon","Free_Pour"],"picked":"Agrypnos:Azalea","floor":0.0},{"not_picked":["artistmod:EnlightenedEpiphany","theMarked:Improvise"],"picked":"theMarked:WardOff","floor":0.0},{"not_picked":["Agrypnos:MorningGlory","Dancing_Jab"],"picked":"hermit:Glare","floor":0.0},{"not_picked":["hubris:SlightOfHand","Free_Pour"],"picked":"theMarked:Static","floor":1.0},{"not_picked":["Gash","artistmod:MeanMagenta"],"picked":"hermit:Roulette","floor":2.0},{"not_picked":["Flying Knee","artistmod:ContrastingClash"],"picked":"Dark Shackles","floor":3.0},{"not_picked":["A Thousand Cuts","hermit:OverwhelmingPower"],"picked":"artistmod:RadicalRainbows","floor":6.0},{"not_picked":["artistmod:CursedClash","hermit:HighCaliber"],"picked":"Go for the Eyes","floor":7.0},{"not_picked":["hermit:CursedWeapon","Enlightenment"],"picked":"PiercingWail","floor":8.0},{"not_picked":["artistmod:FantasyForm","theMarked:EternalStudent"],"picked":"Form_Shift","floor":11.0},{"not_picked":["theMarked:ChannelForce","hermit:FromBeyond"],"picked":"Core Surge","floor":12.0},{"not_picked":["theMarked:DispelDoubt","Dolphin_Blow"],"picked":"Demon Form","floor":14.0},{"not_picked":["Agrypnos:Verdancy","hermit:FromBeyond"],"picked":"Agrypnos:Summer","floor":16.0},{"not_picked":["hubris:SlightOfHand","theMarked:Improvise"],"picked":"Agrypnos:Hyacinth+1","floor":18.0},{"not_picked":["artistmod:PaintBreath+1","On_The_Rocks+1"],"picked":"Dagger Throw","floor":20.0},{"not_picked":["hermit:Cheat","Accuracy"],"picked":"theMarked:MysticalArsenal","floor":21},{"not_picked":["Secret Weapon","Violence"],"picked":"artistmod:BlackBang","floor":24},{"not_picked":["Perfected Strike+1","Skewer"],"picked":"Leap+1","floor":28},{"not_picked":["Mind Blast","hermit:Headshot"],"picked":"Armaments+1","floor":31}],"player_experience":63110,"relics_obtained":[{"floor":1.0,"key":"Baka"},{"floor":4.0,"key":"vexMod:ScavengeHelm"},{"floor":6.0,"key":"The Courier"},{"floor":9.0,"key":"hubris:SphereOfDissonance"},{"floor":11.0,"key":"Nunchaku"},{"floor":12.0,"key":"trackpad:FieryHotPepper"},{"floor":14.0,"key":"infinitespire:Satchel"},{"floor":21,"key":"wanderingMiniBosses:ThiefScarf"},{"floor":21,"key":"Ring of the Snake"},{"floor":21,"key":"hubris:SphereOfDissonance"},{"floor":24,"key":"infinitespire:CheckeredPen"},{"floor":26,"key":"halation:LettersToHer"},{"floor":26,"key":"MagicDraw2"},{"floor":27,"key":"halation:LettersToHer"},{"floor":27,"key":"halation:IllGainedPizza"}],"event_choices":[],"is_beta":false,"boss_relics":[{"not_picked":["hubris:VirtuousBlindfold","Coffee Dripper","trackpad:Coffee"]}],"items_purged_floors":[],"is_endless":false,"potions_floor_spawned":[2,3,6,12,28,31],"killed_by":"hubris:MusketHawk","ascension_level":10}}