{"host":"vumwfieg2b2mnrfl","time":1609210959,"event":{"mods":["AchievementEnabler","BaseMod","Minty Spire (QoL Compilation)","Rare Cards Sparkle","Relic Stats"],"gold_per_floor":[110,110,110,129,147,173,173,173,173],"floor_reached":8,"playtime":186,"items_purged":[],"score":102,"play_id":"26207477-9afa-49f6-974c-6a420e9bfdf4","local_time":"20201228210239","is_ascension_mode":true,"campfire_choices":[],"circlet_count":0,"master_deck":["AscendersBane","Strike_R","Strike_R","Strike_R+1","Strike_R","Strike_R","Defend_R","Defend_R","Defend_R+1","Defend_R","Bash","Reaper","Ghostly Armor","Whirlwind","Feel No Pain"],"relics":["Burning Blood","Ancient Tea Set"],"acts_visited":["Exordium"],"potions_floor_usage":[8],"damage_taken":[{"damage":7.0,"enemies":"Small Slimes","floor":1.0,"turns":3.0},{"damage":4.0,"enemies":"Cultist","floor":4.0,"turns":5.0},{"damage":9.0,"enemies":"2 Louse","floor":5.0,"turns":4.0},{"damage":51.0,"enemies":"Lagavulin","floor":6.0,"turns":8.0},{"damage":0.0,"enemies":"Looter","floor":7.0,"turns":1.0},{"damage":20,"enemies":"3 Sentries","floor":8,"turns":2}],"seed_played":"8243148804488693770","potions_obtained":[{"floor":3.0,"key":"SmokeBomb"},{"floor":3.0,"key":"Strength Potion"},{"floor":6.0,"key":"DuplicationPotion"}],"is_trial":false,"path_per_floor":["M","?","?","M","M","E","M","E"],"character_chosen":"IRONCLAD","items_purchased":[],"campfire_rested":0,"item_purchase_floors":[],"current_hp_per_floor":[67,47,47,53,54,9,15,0,0],"gold":173,"neow_bonus":"THREE_RARE_CARDS","is_daily":false,"chose_seed":false,"campfire_upgraded":0,"win_rate":0.0,"timestamp":1609210959,"path_taken":["M","?","?","M","M","E","?","E"],"items_purchased_type":[],"build_version":"2020-12-22","purchased_purges":0,"victory":false,"max_hp_per_floor":[68,68,68,68,68,68,68,68,68],"relic_stats":{"counters":[6,23],"obtain_stats":[{"Ancient Tea Set":6,"Burning Blood":0},{"Ancient Tea Set":4,"Burning Blood":0},{"Ancient Tea Set":20,"Burning Blood":0}],"Burning Blood":30},"card_choices":[{"not_picked":["Brutality","Exhume"],"picked":"Reaper","floor":0.0},{"not_picked":["Clash","Rupture"],"picked":"Ghostly Armor","floor":1.0},{"not_picked":["Perfected Strike","Intimidate"],"picked":"Whirlwind","floor":4.0},{"not_picked":["Clash","Rage","Havoc"],"picked":"SKIP","floor":5.0},{"not_picked":["Rage","Sentinel"],"picked":"Feel No Pain","floor":6.0}],"player_experience":326409,"relics_obtained":[{"floor":6.0,"key":"Ancient Tea Set"}],"event_choices":[{"damage_healed":0.0,"max_hp_gain":0.0,"max_hp_loss":0.0,"gold_gain":0.0,"event_name":"Shining Light","player_choice":"Entered Light","floor":2.0,"gold_loss":0.0,"damage_taken":20.0,"cards_upgraded":["Defend_R","Strike_R"]},{"damage_healed":0.0,"max_hp_gain":0.0,"max_hp_loss":0.0,"gold_gain":0.0,"event_name":"Lab","player_choice":"Got Potions","floor":3.0,"gold_loss":0.0,"damage_taken":0.0}],"is_beta":false,"boss_relics":[],"items_purged_floors":[],"is_endless":false,"potions_floor_spawned":[5,6,7],"killed_by":"3 Sentries","ascension_level":15}}