{"host":"gzrx8rm2nhta4pjr","time":1609284524,"event":{"mods":["2.2 Compatiblity","Act Like it!","AlwaysNeverKeys","BaseMod","Better Altar","Better Sensory Stone","Better Silent Start","Block Reminder","Curses Come First","Defuse TimeMaze Blight","Disable Question Mark Monsters","Emptier Cage","GifTheSpireLib","Infinite Spire","Marked Mod","Minty Spire (QoL Compilation)","Potionbrewer","Rare Cards Sparkle","Remove Card Discount Mod","Reorder Act Four","SCP261 Mod","Shop Mod","StSLib","Stuff the Spire","Swap Starting Deck Mod","The Bug Knight","The Senshi","The Servant 0.9.4","Transform Curses"],"gold_per_floor":[119,131,146,161,22,57,57,85,85,96,96,96,126,138,138,239,239,257,271,80,97,107,107,32,62,74,86,98,110,135,163,175,285,297,329,131,131,148,148,148,177,177,230,230,264,84,106,128,128,235,235,256,43,52,77,89,100,100,105,105,116,116,125,136,151,151,229,238,240,248,248,148,174,194,198,186,186],"floor_reached":76,"playtime":4491,"items_purged":["Pain","StuffTheSpire:RagingBull"],"score":1275,"play_id":"d5101290-6102-4147-ae15-57d18c51eb18","local_time":"20201229182844","is_ascension_mode":true,"campfire_choices":[{"floor":7.0,"key":"REST"},{"data":"Barricade","floor":15.0,"key":"SMITH"},{"floor":23.0,"key":"REST"},{"data":"infinitespire:SevenWalls","floor":29.0,"key":"SMITH"},{"data":"Demon Form","floor":32.0,"key":"SMITH"},{"floor":42.0,"key":"REST"},{"floor":44.0,"key":"REST"},{"floor":49.0,"key":"REST"},{"data":"infinitespire:UltimateForm","floor":58.0,"key":"SMITH"},{"floor":62.0,"key":"REST"},{"data":"StuffTheSpire:CelestialWarden","floor":66.0,"key":"SMITH"}],"circlet_count":0,"master_deck":["Reckless Charge","Reckless Charge","Reckless Charge","Reckless Charge","Wild Strike","Power Through","Power Through","Power Through","Power Through","Fire Breathing","Wild Strike","Searing Blow","Feel No Pain","Barricade+1","Bludgeon","Demon Form+1","Pummel","Pummel+1","Disarm+1","StuffTheSpire:CelestialWarden+1","infinitespire:SevenWalls+1","Intimidate","Juggernaut","infinitespire:OneForAll+1","StuffTheSpire:Resist","Panacea","Feel No Pain+1","infinitespire:UltimateForm+1","Battle Trance+1","Entrench+1","Heavy Blade+1","Juggernaut","Immolate","StuffTheSpire:Resist+1","Bloodletting","StuffTheSpire:Resist","infinitespire:SealOfDarkness+","StuffTheSpire:Incineration","Iron Wave","Feed","infinitespire:Collect","Power Through","Whirlwind+1","Metallicize","Metallicize"],"relics":["Burning Blood","infinitespire:CheckeredPen","Kunai","potionbrewer:ToyAutogyro","MerchantsRug","Toolbox","StuffTheSpire:ForceGauntlet","Philosopher\u0027s Stone","SacredBark","WarpedTongs","CeramicFish","Mark of Pain","Tiny Chest","The Courier","potionbrewer:BhaskarasWheel","infinitespire:Golems Mask","Regal Pillow"],"acts_visited":["TheCity","TheBeyond","Exordium","TheCity"],"potions_floor_usage":[76,76],"damage_taken":[{"damage":0.0,"enemies":"Cultist","floor":1.0,"turns":3.0},{"damage":0.0,"enemies":"Jaw Worm","floor":2.0,"turns":2.0},{"damage":0.0,"enemies":"2 Louse","floor":3.0,"turns":1.0},{"damage":13.0,"enemies":"Gremlin Gang","floor":4.0,"turns":4.0},{"damage":3.0,"enemies":"3 Sentries","floor":6.0,"turns":5.0},{"damage":0.0,"enemies":"Gremlin Nob","floor":8.0,"turns":4.0},{"damage":1.0,"enemies":"Large Slime","floor":10.0,"turns":4.0},{"damage":9.0,"enemies":"3 Sentries","floor":13.0,"turns":4.0},{"damage":12.0,"enemies":"Blue Slaver","floor":14.0,"turns":2.0},{"damage":2.0,"enemies":"The Guardian","floor":16.0,"turns":6.0},{"damage":10.0,"enemies":"Chosen","floor":18.0,"turns":3.0},{"damage":14.0,"enemies":"Spheric Guardian","floor":19.0,"turns":5.0},{"damage":14.0,"enemies":"Centurion and Healer","floor":21.0,"turns":9.0},{"damage":5.0,"enemies":"Snecko","floor":22.0,"turns":4.0},{"damage":7.0,"enemies":"Nightmare","floor":25.0,"turns":9.0},{"damage":0.0,"enemies":"3 Cultists","floor":30.0,"turns":6.0},{"damage":0.0,"enemies":"Centurion and Healer","floor":31.0,"turns":4.0},{"damage":0.0,"enemies":"Champ","floor":33.0,"turns":11.0},{"damage":0.0,"enemies":"Orb Walker","floor":35.0,"turns":3.0},{"damage":0.0,"enemies":"3 Shapes","floor":38.0,"turns":6.0},{"damage":44.0,"enemies":"Nemesis","floor":41.0,"turns":9.0},{"damage":4.0,"enemies":"Transient","floor":45.0,"turns":5.0},{"damage":0.0,"enemies":"Sphere and 2 Shapes","floor":47.0,"turns":2.0},{"damage":21.0,"enemies":"Jaw Worm Horde","floor":48.0,"turns":3.0},{"damage":17.0,"enemies":"infinitespire:MassOfShapes","floor":50.0,"turns":13.0},{"damage":0.0,"enemies":"Jaw Worm","floor":52.0,"turns":1.0},{"damage":0.0,"enemies":"Cultist","floor":55.0,"turns":2.0},{"damage":20.0,"enemies":"Lagavulin","floor":57.0,"turns":5.0},{"damage":2.0,"enemies":"Small Slimes","floor":59.0,"turns":3.0},{"damage":30.0,"enemies":"Red Slaver","floor":61.0,"turns":2.0},{"damage":0.0,"enemies":"Large Slime","floor":64.0,"turns":3.0},{"damage":0.0,"enemies":"Looter","floor":65.0,"turns":2.0},{"damage":43.0,"enemies":"Hexaghost","floor":67.0,"turns":7.0},{"damage":0.0,"enemies":"Shell Parasite","floor":69.0,"turns":4.0},{"damage":3.0,"enemies":"Chosen","floor":70.0,"turns":3.0},{"damage":0.0,"enemies":"Centurion and Healer","floor":73.0,"turns":1.0},{"damage":39.0,"enemies":"Slavers","floor":74.0,"turns":4.0},{"damage":20,"enemies":"Snecko","floor":75,"turns":4},{"damage":80,"enemies":"Nightmare","floor":76,"turns":4}],"seed_played":"6072021943290247515","potions_obtained":[{"floor":3.0,"key":"Strength Potion"},{"floor":4.0,"key":"Strength Potion"},{"floor":10.0,"key":"SCP261:DewritoBlazePotion"},{"floor":14.0,"key":"SteroidPotion"},{"floor":16.0,"key":"potionbrewer:CleansingPotion"},{"floor":21.0,"key":"potionbrewer:AcidPotion"},{"floor":22.0,"key":"potionbrewer:CleansingPotion"},{"floor":33.0,"key":"potionbrewer:NoxiousPotion"},{"floor":35.0,"key":"FearPotion"},{"floor":46.0,"key":"SCP261:ThunderBarPotion"},{"floor":46.0,"key":"SCP261:ThunderBarPotion"},{"floor":47.0,"key":"EssenceOfSteel"},{"floor":50.0,"key":"Dexterity Potion"},{"floor":52.0,"key":"potionbrewer:FreezingPotion"},{"floor":55.0,"key":"potionbrewer:SplittingPotion"},{"floor":57.0,"key":"DuplicationPotion"},{"floor":67.0,"key":"EssenceOfSteel"},{"floor":70.0,"key":"Explosive Potion"},{"floor":73.0,"key":"GamblersBrew"},{"floor":75,"key":"LiquidBronze"}],"is_trial":false,"path_per_floor":["M","M","M","M","$","E","R","E","T","M","$","?","E","M","R","B",null,"M","M","$","M","M","R","?","NM","T","AVR","?","R","M","M","R","B",null,"M","$","?","M","AVR","?","E","R","T","R","M","?","M","M","R","B",null,"M","$","?","M","$","E","R","M","T","M","R","AVR","M","M","R","B",null,"M","M","T","$","M","E","M","NM"],"character_chosen":"IRONCLAD","items_purchased":["Barricade","MerchantsRug","Toolbox","StuffTheSpire:Resist","Panacea","EssenceOfSteel","ColorlessPotion","Frozen Egg 2","StuffTheSpire:Resist+1","Tiny Chest","infinitespire:Golems Mask"],"campfire_rested":6,"item_purchase_floors":[5,20,20,36,36,36,36,53,53,56,72],"current_hp_per_floor":[46,52,58,51,51,54,78,80,80,80,80,80,77,71,71,75,80,76,68,68,60,61,80,80,79,79,79,79,79,80,80,80,80,80,80,80,80,80,80,80,42,66,66,80,80,80,80,65,80,69,80,80,80,80,80,80,66,66,70,70,46,70,70,76,80,80,43,80,80,80,80,80,80,50,36,0,0],"gold":186,"neow_bonus":"","is_daily":false,"chose_seed":false,"campfire_upgraded":5,"win_rate":0.0,"timestamp":1609284524,"path_taken":["M","M","M","M","$","E","R","E","T","M","$","?","E","M","R","BOSS","M","M","$","M","M","R","?","NM","T","AVR","?","R","M","M","R","BOSS","M","$","?","?","AVR","?","E","R","T","R","?","?","M","M","R","BOSS","M","$","?","M","$","E","R","?","T","?","R","AVR","?","M","R","BOSS","M","M","?","$","M","E","M","NM"],"items_purchased_type":["Card","Relic","Relic","Card","Card","Potion","Potion","Relic","Card","Relic","Relic"],"build_version":"2020-12-22","purchased_purges":2,"victory":false,"max_hp_per_floor":[80,80,80,80,80,80,80,80,80,80,80,80,80,80,80,80,80,80,80,80,80,80,80,80,80,80,80,80,80,80,80,80,80,80,80,80,80,80,80,80,80,80,80,80,80,80,80,80,80,80,80,80,80,80,80,80,80,80,80,80,80,80,80,80,80,80,80,80,80,80,80,80,80,83,83,83,83],"card_choices":[{"not_picked":["Armaments","Flex","Clothesline"],"picked":"SKIP","floor":1.0},{"not_picked":["Warcry","True Grit"],"picked":"Wild Strike","floor":2.0},{"not_picked":["StuffTheSpire:Slingshot","Infernal Blade"],"picked":"Searing Blow","floor":3.0},{"not_picked":["Clash","Armaments"],"picked":"Feel No Pain","floor":4.0},{"not_picked":["Pummel","StuffTheSpire:BloodClot"],"picked":"Bludgeon","floor":6.0},{"not_picked":["Clothesline","Infernal Blade","Havoc"],"picked":"SKIP","floor":8.0},{"not_picked":["StuffTheSpire:Slingshot","Flex"],"picked":"StuffTheSpire:Pyroclast","floor":10.0},{"not_picked":["Flame Barrier","Ghostly Armor"],"picked":"Cleave","floor":13.0},{"not_picked":["Infernal Blade","Combust"],"picked":"Cleave","floor":14.0},{"not_picked":["Double Tap","Reaper"],"picked":"Demon Form","floor":16.0},{"not_picked":["Sword Boomerang","StuffTheSpire:Slingshot"],"picked":"Pummel","floor":18.0},{"not_picked":["Thunderclap+1","Dark Embrace"],"picked":"Pummel+1","floor":19.0},{"not_picked":["Infernal Blade","Thunderclap","Shrug It Off"],"picked":"SKIP","floor":21.0},{"not_picked":["Iron Wave","Dual Wield+1"],"picked":"Disarm+1","floor":22.0},{"not_picked":["infinitespire:SealOfDarkness+","infinitespire:FinalStrike"],"picked":"infinitespire:SevenWalls","floor":25.0},{"not_picked":["Twin Strike","Bludgeon","Pommel Strike"],"picked":"SKIP","floor":25.0},{"not_picked":["True Grit","Iron Wave"],"picked":"Intimidate","floor":30.0},{"not_picked":["Cleave+1","Shrug It Off+1","Perfected Strike"],"picked":"SKIP","floor":31.0},{"not_picked":["Corruption","Fiend Fire"],"picked":"Juggernaut","floor":33.0},{"not_picked":["Blood for Blood+1","Cleave"],"picked":"infinitespire:OneForAll+1","floor":35.0},{"not_picked":["Armaments+1","StuffTheSpire:BloodClot"],"picked":"Feel No Pain+1","floor":38.0},{"not_picked":["Rampage+1","Havoc+1"],"picked":"Battle Trance+1","floor":41.0},{"not_picked":["Armaments","Intimidate"],"picked":"Entrench+1","floor":45.0},{"not_picked":["Flex+1","StuffTheSpire:RockThrow"],"picked":"Heavy Blade+1","floor":47.0},{"not_picked":["Havoc+1","Sword Boomerang"],"picked":"Juggernaut","floor":48.0},{"not_picked":["Offering","StuffTheSpire:TitanForm"],"picked":"Immolate","floor":50.0},{"not_picked":["Body Slam","Clothesline"],"picked":"Seeing Red","floor":52.0},{"not_picked":["Infernal Blade","Wild Strike"],"picked":"Bloodletting","floor":55.0},{"not_picked":["Iron Wave","Corruption","Carnage"],"picked":"SKIP","floor":57.0},{"not_picked":["Pommel Strike","Spot Weakness","StuffTheSpire:RockThrow"],"picked":"SKIP","floor":59.0},{"not_picked":["Flex","Rage"],"picked":"StuffTheSpire:Resist","floor":61.0},{"not_picked":["Heavy Blade","Dropkick"],"picked":"StuffTheSpire:Incineration","floor":64.0},{"not_picked":["Reckless Charge","Inflame"],"picked":"Iron Wave","floor":65.0},{"not_picked":["Offering","Immolate"],"picked":"Feed","floor":67.0},{"not_picked":["infinitespire:NeuralNetwork","infinitespire:Fortify"],"picked":"infinitespire:Collect","floor":68.0},{"not_picked":["Warcry","Heavy Blade","Wild Strike"],"picked":"SKIP","floor":69.0},{"not_picked":["Heavy Blade","Clash"],"picked":"Power Through","floor":70.0},{"not_picked":["Ghostly Armor","Cleave"],"picked":"Whirlwind+1","floor":73.0},{"not_picked":["Carnage","Heavy Blade"],"picked":"Metallicize","floor":74.0},{"not_picked":["Flex","Bloodletting"],"picked":"Metallicize","floor":75}],"player_experience":1366005,"relics_obtained":[{"floor":6.0,"key":"Pocketwatch"},{"floor":8.0,"key":"infinitespire:CheckeredPen"},{"floor":9.0,"key":"Kunai"},{"floor":13.0,"key":"potionbrewer:ToyAutogyro"},{"floor":25.0,"key":"MawBank"},{"floor":26.0,"key":"StuffTheSpire:ForceGauntlet"},{"floor":41.0,"key":"Oddly Smooth Stone"},{"floor":43.0,"key":"CeramicFish"},{"floor":57.0,"key":"Centennial Puzzle"},{"floor":60.0,"key":"The Courier"},{"floor":71.0,"key":"InkBottle"},{"floor":74.0,"key":"Regal Pillow"}],"event_choices":[{"damage_healed":0.0,"max_hp_gain":0.0,"max_hp_loss":0.0,"gold_gain":0.0,"event_name":"The Cleric","player_choice":"Leave","floor":12.0,"gold_loss":0.0,"damage_taken":0.0},{"damage_healed":0.0,"max_hp_gain":0.0,"max_hp_loss":0.0,"gold_gain":0.0,"event_name":"Beggar","player_choice":"Ignored","floor":28.0,"gold_loss":0.0,"damage_taken":0.0},{"damage_healed":0.0,"max_hp_gain":0.0,"max_hp_loss":0.0,"gold_gain":0.0,"event_name":"Match and Keep!","player_choice":"0 cards matched","floor":37.0,"gold_loss":0.0,"damage_taken":0.0,"cards_obtained":[]},{"damage_healed":0.0,"max_hp_gain":0.0,"max_hp_loss":0.0,"gold_gain":0.0,"event_name":"Accursed Blacksmith","player_choice":"Rummage","floor":40.0,"gold_loss":0.0,"damage_taken":0.0,"relics_obtained":["WarpedTongs"],"cards_obtained":["Pain"]},{"damage_healed":0.0,"max_hp_gain":0.0,"max_hp_loss":0.0,"gold_gain":0.0,"cards_transformed":["Seeing Red"],"event_name":"Transmorgrifier","player_choice":"Transformed","floor":54.0,"gold_loss":0.0,"damage_taken":0.0,"cards_obtained":["StuffTheSpire:RagingBull"]}],"is_beta":false,"boss_relics":[{"not_picked":["Snecko Eye","StuffTheSpire:RunicConfusion"],"picked":"Empty Cage"},{"not_picked":["StuffTheSpire:ModemDavis","Sozu"],"picked":"SacredBark"},{"not_picked":["infinitespire:Burning Sword","Fusion Hammer"],"picked":"Mark of Pain"},{"not_picked":["Coffee Dripper","StuffTheSpire:ModemDavis"],"picked":"potionbrewer:BhaskarasWheel"}],"items_purged_floors":[53,56],"is_endless":true,"potions_floor_spawned":[3,4,10,14,16,21,22,33,35,38,47,50,52,55,57,67,70,73,75],"killed_by":"Nightmare","ascension_level":1}}