{"host":"vfg9szunmpjwj08o","time":1609278925,"event":{"mods":["Act Like it!","BaseMod","Challenge The Spire","Colored Map","Colored Powertips","Minty Spire (QoL Compilation)","StSLib","Waifu the Spire"],"gold_per_floor":[114,133,150,75,85,85,103,3,27,27,53,127,159,159,159,232,232,247,247,172,45,63,90,90,90],"floor_reached":24,"playtime":795,"items_purged":["Defend_B"],"score":437,"play_id":"536720fb-8501-4735-bcd2-36a9080934f7","local_time":"20201229225525","is_ascension_mode":true,"campfire_choices":[{"data":"Zap","floor":6,"key":"SMITH"},{"data":"Dualcast","floor":10,"key":"SMITH"},{"data":"White Noise","floor":15,"key":"SMITH"}],"circlet_count":0,"master_deck":["AscendersBane","Strike_B","Defend_B","Defend_B","Defend_B","Zap+1","Dualcast+1","Genetic Algorithm","Loop","Melter","White Noise+1","Conserve Battery","Madness","Meteor Strike","Echo Form","Coolheaded","Hologram+1","Coolheaded"],"relics":["Cracked Core","NeowsBlessing","Happy Flower","Blood Vial","Nunchaku","Pear","Sozu","Matryoshka"],"acts_visited":["Exordium","TheCity"],"potions_floor_usage":[11,16],"damage_taken":[{"damage":0,"enemies":"Cultist","floor":1,"turns":1},{"damage":0,"enemies":"Small Slimes","floor":2,"turns":1},{"damage":0,"enemies":"Jaw Worm","floor":3,"turns":1},{"damage":11,"enemies":"2 Fungi Beasts","floor":5,"turns":4},{"damage":6,"enemies":"Looter","floor":7,"turns":3},{"damage":18,"enemies":"3 Sentries","floor":11,"turns":8},{"damage":14,"enemies":"Lagavulin","floor":13,"turns":5},{"damage":12,"enemies":"The Guardian","floor":16,"turns":10},{"damage":11,"enemies":"Spheric Guardian","floor":18,"turns":3},{"damage":15,"enemies":"2 Thieves","floor":22,"turns":5},{"damage":35,"enemies":"Book of Stabbing","floor":23,"turns":7},{"damage":19,"enemies":"Snake Plant","floor":24,"turns":1}],"seed_played":"8942745358603062608","potions_obtained":[{"floor":3,"key":"EssenceOfSteel"},{"floor":5,"key":"Fire Potion"},{"floor":16,"key":"FocusPotion"}],"is_trial":false,"path_per_floor":["M","M","M","?","M","R","M","$","T","R","E","?","E","T","R","B",null,"M","?","?","$","M","E","M"],"character_chosen":"DEFECT","items_purchased":["Madness","Coolheaded"],"campfire_rested":0,"item_purchase_floors":[8,21],"current_hp_per_floor":[64,64,64,64,53,53,47,47,47,47,29,29,17,27,27,17,65,56,56,56,56,43,10,0,0],"gold":90,"neow_bonus":"THREE_ENEMY_KILL","is_daily":false,"chose_seed":false,"campfire_upgraded":3,"win_rate":0.0,"timestamp":1609278925,"path_taken":["M","?","M","?","M","R","M","?","T","R","E","?","E","?","R","BOSS","M","?","?","?","M","E","M"],"items_purchased_type":["Card","Card"],"build_version":"2020-12-22","purchased_purges":1,"victory":false,"max_hp_per_floor":[71,71,71,71,71,71,71,71,71,71,71,71,71,81,81,81,81,81,81,81,81,81,81,81,81],"card_choices":[{"not_picked":["Steam","Heatsinks"],"picked":"Genetic Algorithm","floor":1},{"not_picked":["Conserve Battery","Barrage"],"picked":"Loop","floor":2},{"not_picked":["Redo","Stack"],"picked":"Melter","floor":3},{"not_picked":["Conserve Battery","Steam"],"picked":"White Noise","floor":5},{"not_picked":["Rebound","Redo"],"picked":"Conserve Battery","floor":7},{"not_picked":["Beam Cell","Gash"],"picked":"Meteor Strike","floor":11},{"not_picked":["Turbo","Doom and Gloom","Stack"],"picked":"SKIP","floor":13},{"not_picked":["Amplify","Biased Cognition"],"picked":"Echo Form","floor":16},{"not_picked":["Rip and Tear","Sunder","Turbo"],"picked":"SKIP","floor":18},{"not_picked":["Double Energy","Static Discharge"],"picked":"Hologram+1","floor":22},{"not_picked":["Redo","Turbo"],"picked":"Coolheaded","floor":23}],"player_experience":1016273,"relics_obtained":[{"floor":9,"key":"Happy Flower"},{"floor":11,"key":"Blood Vial"},{"floor":13,"key":"Nunchaku"},{"floor":14,"key":"Pear"},{"floor":23,"key":"Matryoshka"}],"event_choices":[{"cards_removed":["Strike_B"],"damage_healed":0,"gold_gain":0,"player_choice":"Card Removal","damage_taken":0,"max_hp_gain":0,"max_hp_loss":0,"event_name":"The Cleric","floor":4,"gold_loss":75},{"damage_healed":0,"gold_gain":74,"player_choice":"Gained Gold","damage_taken":0,"max_hp_gain":0,"max_hp_loss":0,"event_name":"Golden Wing","floor":12,"gold_loss":0},{"cards_removed":["Strike_B"],"damage_healed":0,"gold_gain":0,"player_choice":"Elegance","damage_taken":0,"max_hp_gain":0,"max_hp_loss":0,"event_name":"Back to Basics","floor":19,"gold_loss":0},{"cards_removed":["Strike_B"],"damage_healed":0,"gold_gain":0,"player_choice":"Gave Gold","damage_taken":0,"max_hp_gain":0,"max_hp_loss":0,"event_name":"Beggar","floor":20,"gold_loss":75}],"is_beta":false,"boss_relics":[{"not_picked":["Coffee Dripper","Pandora\u0027s Box"],"picked":"Sozu"}],"items_purged_floors":[21],"is_endless":false,"potions_floor_spawned":[3,5,16,18,23],"killed_by":"Snake Plant","ascension_level":19}}