{"host":"jgqxb38yl0c1w101","time":1609267149,"event":{"mods":["BaseMod","Colored Map","Downfall","Minty Spire (QoL Compilation)","StSLib"],"gold_per_floor":[99,118,118,118,56,70,95,95,80,100,113,126,126,143,163,267,267,267,283,293,293,312,312,312,112,123,143,174,190,200,34,34,34],"floor_reached":32,"playtime":2695,"items_purged":[],"score":258,"play_id":"fff9cfbe-1527-46aa-ae5e-6f6dd9ea4c3d","local_time":"20201229133909","is_ascension_mode":false,"campfire_choices":[{"data":"bronze:Verify","floor":1.0,"key":"SMITH"},{"floor":13,"key":"REST"},{"floor":18,"key":"RECALL"},{"data":"bronze:HardenedForm","floor":25,"key":"SMITH"}],"circlet_count":0,"master_deck":["bronze:Strike+1","bronze:Strike","bronze:Strike","bronze:Defend","bronze:Defend","bronze:Defend","bronze:Defend+1","bronze:Replicate","bronze:Goto","bronze:Verify+1","bronze:GetLatest+1","bronze:ChosenStrike","bronze:OilSpill","bronze:Deprecate","bronze:Shell","bronze:DelayedGuard","bronze:HardenedForm+1","bronze:Safeguard","bronze:CloningBeam","bronze:Optimize","bronze:Format","bronze:DelayedSlice+1","RitualDagger","bronze:MaxOutput","bronze:OilSpill","bronze:Format"],"relics":["bronze:BronzeCore","Oddly Smooth Stone","Philosopher\u0027s Stone","downfall:HeartBlessingRed","downfall:HeartBlessingBlue","Blue Candle","champ:Barbells"],"acts_visited":["Exordium","TheCity"],"potions_floor_usage":[27,28,28],"damage_taken":[{"damage":10,"enemies":"Jaw Worm","floor":2,"turns":4},{"damage":10,"enemies":"downfall:FleeingMerchant","floor":5,"turns":4},{"damage":0,"enemies":"2 Louse","floor":6,"turns":2},{"damage":15,"enemies":"downfall:FleeingMerchant","floor":9,"turns":4},{"damage":9,"enemies":"Small Slimes","floor":10,"turns":4},{"damage":6,"enemies":"Blue Slaver","floor":11,"turns":4},{"damage":7,"enemies":"Exordium Thugs","floor":12,"turns":4},{"damage":6,"enemies":"3 Louse","floor":14,"turns":4},{"damage":4,"enemies":"Lots of Slimes","floor":15,"turns":5},{"damage":21,"enemies":"downfall:Watcher","floor":16,"turns":10},{"damage":5,"enemies":"Spheric Guardian","floor":19,"turns":7},{"damage":0,"enemies":"Snake Plant","floor":20,"turns":3},{"damage":6,"enemies":"Centurion and Healer","floor":22,"turns":8},{"damage":0,"enemies":"Snecko","floor":26,"turns":4},{"damage":1,"enemies":"3 Cultists","floor":27,"turns":3},{"damage":12,"enemies":"Book of Stabbing","floor":28,"turns":4},{"damage":6,"enemies":"Shelled Parasite and Fungi","floor":29,"turns":3},{"damage":27,"enemies":"Snecko","floor":30,"turns":8},{"damage":3,"enemies":"downfall:FleeingMerchant","floor":31,"turns":4},{"damage":17,"enemies":"Snake Plant","floor":32,"turns":3}],"seed_played":"-5550460630875202756","potions_obtained":[{"floor":10,"key":"GamblersBrew"},{"floor":11,"key":"bronze:BurnAndBuffPotion"},{"floor":12,"key":"Swift Potion"},{"floor":15,"key":"SteroidPotion"},{"floor":16,"key":"PowerPotion"},{"floor":22,"key":"AttackPotion"},{"floor":27,"key":"Strength Potion"}],"is_trial":false,"path_per_floor":["R","M","?","?","$","M","T","?","$","M","M","M","R","M","M","B",null,"R","M","M","?","M","?","T","R","M","M","E","M","M","$","M"],"character_chosen":"THE_AUTOMATON","items_purchased":["bronze:OilSpill","champ:Barbells"],"campfire_rested":1,"item_purchase_floors":[5,31],"current_hp_per_floor":[70,60,60,60,50,50,50,50,35,26,20,13,34,28,24,3,70,70,65,65,65,59,53,53,63,63,62,50,44,17,14,0,0],"gold":34,"neow_bonus":"ONE_RANDOM_RARE_CARD","is_daily":false,"chose_seed":false,"campfire_upgraded":2,"win_rate":0.0,"timestamp":1609267149,"path_taken":["R","M","?","?","?","M","T","?","?","M","M","M","R","M","M","BOSS","R","M","M","?","M","?","T","R","M","M","E","M","M","$","M"],"items_purchased_type":["Card","Relic"],"build_version":"2020-12-22","purchased_purges":0,"victory":false,"max_hp_per_floor":[70,70,70,70,70,70,70,70,70,70,70,70,70,70,70,70,70,70,70,70,70,70,70,70,80,80,80,80,80,80,80,80,80],"card_choices":[{"not_picked":["bronze:BitShift","bronze:Deprecate"],"picked":"bronze:GetLatest","floor":2},{"not_picked":["bronze:Shield","bronze:Constructor"],"picked":"bronze:ChosenStrike","floor":5},{"not_picked":["bronze:InfiniteBeams","bronze:Shield"],"picked":"bronze:Deprecate","floor":6},{"not_picked":["bronze:DelayedSlice","bronze:ItsAFeature","bronze:Overload"],"picked":"SKIP","floor":9},{"not_picked":["bronze:DarkDash","bronze:Allocate"],"picked":"bronze:DelayedGuard","floor":10},{"not_picked":["bronze:BitShift","bronze:Deprecate"],"picked":"bronze:HardenedForm","floor":11},{"not_picked":["bronze:Shield","bronze:Iterate"],"picked":"bronze:Safeguard","floor":12},{"not_picked":["bronze:Flail","bronze:CutThrough"],"picked":"bronze:CloningBeam","floor":14},{"not_picked":["bronze:Branch","bronze:WildBeam"],"picked":"bronze:Optimize","floor":15},{"not_picked":["bronze:HyperBeam","bronze:HardenedForm"],"picked":"bronze:Format","floor":16},{"not_picked":["bronze:Shield","bronze:BugBarrage"],"picked":"bronze:DelayedSlice+1","floor":19},{"not_picked":["bronze:ChildClass","bronze:Iterate","bronze:DelayedGuard"],"picked":"SKIP","floor":20},{"not_picked":["bronze:HardenedForm","bronze:Overload","bronze:Branch"],"picked":"SKIP","floor":22},{"not_picked":["bronze:FineTuning","bronze:Optimize","bronze:CutThrough"],"picked":"SKIP","floor":26},{"not_picked":["bronze:GetLatest","bronze:Shield+1"],"picked":"bronze:MaxOutput","floor":27},{"not_picked":["bronze:ForLoop+1","bronze:NullPointer"],"picked":"bronze:OilSpill","floor":28},{"not_picked":["bronze:Invalidate","bronze:Shield+1","bronze:Overload"],"picked":"SKIP","floor":29},{"not_picked":["bronze:DigitalCarnage","bronze:CloningBeam","bronze:BitShift+1"],"picked":"SKIP","floor":30},{"not_picked":["bronze:Overheat+1","bronze:DelayedGuard"],"picked":"bronze:Format","floor":31}],"player_experience":108666,"relics_obtained":[{"floor":7,"key":"Oddly Smooth Stone"},{"floor":28,"key":"Blue Candle"}],"event_choices":[{"cards_removed":["Regret"],"damage_healed":0,"gold_gain":0,"player_choice":"Card Removal","damage_taken":0,"max_hp_gain":0,"max_hp_loss":0,"event_name":"The Cleric","floor":4,"gold_loss":0},{"damage_healed":0,"gold_gain":0,"player_choice":"Ignored","damage_taken":0,"max_hp_gain":0,"max_hp_loss":0,"event_name":"Vampires","floor":21,"gold_loss":0}],"is_beta":false,"boss_relics":[{"not_picked":["SlaversCollar","Runic Pyramid"],"picked":"Philosopher\u0027s Stone"}],"items_purged_floors":[],"is_endless":false,"potions_floor_spawned":[10,11,12,15,16,22,26,27],"killed_by":"Snake Plant","ascension_level":0}}