{"host":"qxeepl7ydvsgmfdb","time":1609238875,"event":{"mods":["AchievementEnabler","BaseMod","Colored Powertips","Minty Spire (QoL Compilation)","Quick Restart","slay the spire mod where everything is the same but ironclad has a cowboy hat"],"gold_per_floor":[116,116,291,68,68,102,102,132,159,159,159,159,159,159,159,258,258,270,74,74,74,74,74,35,35,59,59,59,75,104,116,116,215,215,228,228,228,244,269,269,283,293,361,45,95,15,35,54,54,54,54],"floor_reached":50,"playtime":1018,"items_purged":["Doubt","Writhe"],"score":560,"play_id":"3061ee9e-a70f-4ad7-b917-072f21699748","local_time":"20201229054755","is_ascension_mode":false,"campfire_choices":[{"data":"1","floor":13.0,"key":"LIFT"},{"floor":15.0,"key":"REST"},{"data":"2","floor":23.0,"key":"LIFT"},{"data":"3","floor":25.0,"key":"LIFT"},{"data":"Rainbow","floor":27.0,"key":"SMITH"},{"data":"Redo","floor":32.0,"key":"SMITH"},{"data":"Defragment","floor":40,"key":"SMITH"},{"floor":49,"key":"REST"}],"circlet_count":0,"master_deck":["Strike_B","Strike_B","Strike_B","Defend_B","Defend_B","Defend_B+1","Zap+1","Dualcast","BootSequence","Cold Snap+1","Rainbow+1","Defragment+1","Ball Lightning+1","Redo+1","Darkness+1","Writhe","Gash+1"],"relics":["Cracked Core","NeowsBlessing","PreservedInsect","Bronze Scales","Juzu Bracelet","The Courier","Molten Egg 2","Toy Ornithopter","Girya","MealTicket","Empty Cage","Mummified Hand","MutagenicStrength","Dream Catcher","Lantern","Blood Vial","Philosopher\u0027s Stone","Happy Flower","Bottled Tornado","Lee\u0027s Waffle","Pear","Ice Cream"],"acts_visited":["Exordium","TheCity","TheBeyond"],"potions_floor_usage":[33,42,47],"damage_taken":[{"damage":0.0,"enemies":"Jaw Worm","floor":1.0,"turns":1.0},{"damage":0.0,"enemies":"3 Sentries","floor":6.0,"turns":1.0},{"damage":0.0,"enemies":"Gremlin Nob","floor":8.0,"turns":1.0},{"damage":28.0,"enemies":"The Guardian","floor":16.0,"turns":11.0},{"damage":13.0,"enemies":"2 Thieves","floor":18.0,"turns":3.0},{"damage":0.0,"enemies":"Shell Parasite","floor":29.0,"turns":3.0},{"damage":18.0,"enemies":"Book of Stabbing","floor":30.0,"turns":4.0},{"damage":7.0,"enemies":"Snecko","floor":31.0,"turns":3.0},{"damage":60,"enemies":"Champ","floor":33,"turns":11},{"damage":21,"enemies":"3 Darklings","floor":35,"turns":6},{"damage":4,"enemies":"Orb Walker","floor":38,"turns":3},{"damage":33,"enemies":"Spire Growth","floor":41,"turns":4},{"damage":22,"enemies":"4 Shapes","floor":42,"turns":5},{"damage":8,"enemies":"Mind Bloom Boss Battle","floor":45,"turns":6},{"damage":29,"enemies":"Transient","floor":47,"turns":5},{"damage":40,"enemies":"Jaw Worm Horde","floor":48,"turns":4},{"damage":54,"enemies":"Awakened One","floor":50,"turns":3}],"seed_played":"-5939509593433053641","potions_obtained":[{"floor":1.0,"key":"Energy Potion"},{"floor":18.0,"key":"Fire Potion"},{"floor":30.0,"key":"SteroidPotion"},{"floor":38,"key":"GamblersBrew"},{"floor":45,"key":"SkillPotion"},{"floor":48,"key":"SpeedPotion"}],"is_trial":false,"path_per_floor":["M","?","?","$","?","E","T","E","T","?","?","?","R","?","R","B",null,"M","$","?","?","?","R","$","R","T","R","?","M","E","M","R","B",null,"M","?","?","M","T","R","M","M","T","$","?","$","M","M","R","B"],"character_chosen":"DEFECT","items_purchased":["PreservedInsect","Mummified Hand","Ball Lightning+1","Lee\u0027s Waffle","Pear"],"campfire_rested":2,"item_purchase_floors":[4,19,24,44,44],"current_hp_per_floor":[75,75,75,75,75,75,75,75,75,75,50,35,35,35,57,29,75,62,75,75,75,75,75,75,75,75,75,75,75,57,57,57,4,75,54,54,73,71,71,71,40,25,25,92,84,92,63,25,52,0,0],"gold":54,"neow_bonus":"THREE_ENEMY_KILL","is_daily":false,"chose_seed":false,"campfire_upgraded":3,"win_rate":0.0,"timestamp":1609238875,"path_taken":["M","?","?","$","?","E","?","E","T","?","?","?","R","?","R","BOSS","M","$","?","?","?","R","$","R","T","R","?","M","E","M","R","BOSS","M","?","?","M","?","R","M","M","T","?","?","$","M","M","R","BOSS"],"items_purchased_type":["Relic","Relic","Card","Relic","Relic"],"build_version":"2020-12-22","purchased_purges":2,"victory":false,"max_hp_per_floor":[75,75,75,75,75,75,75,75,75,75,75,75,75,75,75,75,75,75,75,75,75,75,75,75,75,75,75,75,75,75,75,75,75,75,75,75,75,75,75,75,75,75,75,92,92,92,92,92,92,92,92],"card_choices":[{"not_picked":["FTL","Gash","Barrage"],"picked":"SKIP","floor":1.0},{"not_picked":["Self Repair","Storm"],"picked":"BootSequence","floor":6.0},{"not_picked":["Loop","Meteor Strike+1"],"picked":"Cold Snap+1","floor":8.0},{"not_picked":["Seek","Machine Learning"],"picked":"Rainbow","floor":16.0},{"not_picked":["Compile Driver+1","Go for the Eyes+1","Steam+1"],"picked":"SKIP","floor":18.0},{"not_picked":["Compile Driver+1","Chill+1"],"picked":"Redo","floor":29.0},{"not_picked":["Doom and Gloom+1","Coolheaded","Loop"],"picked":"SKIP","floor":30.0},{"not_picked":["Coolheaded","Cold Snap+1"],"picked":"Darkness+1","floor":31.0},{"not_picked":["Rip and Tear+1","Beam Cell+1"],"picked":"Cold Snap+1","floor":35},{"not_picked":["Gash+1","Force Field+1","Stack+1"],"picked":"SKIP","floor":38},{"not_picked":["Conserve Battery+1","Coolheaded+1","Leap"],"picked":"SKIP","floor":41},{"not_picked":["Barrage+1","Machine Learning","Rebound+1"],"picked":"SKIP","floor":42},{"not_picked":["Stack","Compile Driver+1"],"picked":"Gash+1","floor":45},{"not_picked":["Barrage+1","Core Surge+1","Rebound+1"],"picked":"SKIP","floor":47},{"not_picked":["Turbo","Skim","Rebound+1"],"picked":"SKIP","floor":48}],"player_experience":292806,"relics_obtained":[{"floor":6.0,"key":"Juzu Bracelet"},{"floor":7.0,"key":"The Courier"},{"floor":8.0,"key":"Molten Egg 2"},{"floor":9.0,"key":"Toy Ornithopter"},{"floor":26.0,"key":"Dream Catcher"},{"floor":30.0,"key":"Blood Vial"},{"floor":39,"key":"Happy Flower"},{"floor":43,"key":"Bottled Tornado"},{"floor":45,"key":"Ice Cream"}],"event_choices":[{"damage_healed":0.0,"max_hp_gain":0.0,"max_hp_loss":0.0,"gold_gain":0.0,"event_name":"The Cleric","player_choice":"Leave","floor":2.0,"gold_loss":0.0,"damage_taken":0.0},{"damage_healed":0.0,"max_hp_gain":0.0,"max_hp_loss":0.0,"gold_gain":175.0,"event_name":"Liars Game","player_choice":"AGREE","floor":3.0,"gold_loss":0.0,"damage_taken":0.0,"cards_obtained":["Doubt"]},{"damage_healed":0.0,"max_hp_gain":0.0,"max_hp_loss":0.0,"gold_gain":0.0,"event_name":"Big Fish","player_choice":"Box","floor":5.0,"gold_loss":0.0,"damage_taken":0.0,"relics_obtained":["Bronze Scales"],"cards_obtained":["Regret"]},{"cards_removed":["Regret"],"damage_healed":0.0,"max_hp_gain":0.0,"max_hp_loss":0.0,"gold_gain":0.0,"event_name":"Living Wall","player_choice":"Forget","floor":10.0,"gold_loss":0.0,"damage_taken":0.0},{"damage_healed":0.0,"max_hp_gain":0.0,"max_hp_loss":0.0,"gold_gain":0.0,"event_name":"Scrap Ooze","player_choice":"Success","floor":11.0,"gold_loss":0.0,"damage_taken":25.0,"relics_obtained":["Girya"]},{"damage_healed":0.0,"max_hp_gain":0.0,"max_hp_loss":0.0,"gold_gain":0.0,"event_name":"Shining Light","player_choice":"Entered Light","floor":12.0,"gold_loss":0.0,"damage_taken":15.0,"cards_upgraded":["Defend_B","Zap"]},{"damage_healed":0.0,"max_hp_gain":0.0,"max_hp_loss":0.0,"gold_gain":0.0,"event_name":"Dead Adventurer","player_choice":"Searched \u00272\u0027 times","floor":14.0,"gold_loss":0.0,"damage_taken":0.0,"relics_obtained":["MealTicket"]},{"damage_healed":0.0,"max_hp_gain":0.0,"max_hp_loss":0.0,"gold_gain":0.0,"event_name":"The Library","player_choice":"Read","floor":20.0,"gold_loss":0.0,"damage_taken":0.0,"cards_obtained":["Defragment"]},{"cards_removed":["Regret"],"damage_healed":0.0,"max_hp_gain":0.0,"max_hp_loss":0.0,"gold_gain":0.0,"event_name":"NoteForYourself","player_choice":"Took Card","floor":21.0,"gold_loss":0.0,"damage_taken":0.0,"cards_obtained":["Regret"]},{"damage_healed":0.0,"max_hp_gain":0.0,"max_hp_loss":0.0,"gold_gain":0.0,"event_name":"Drug Dealer","player_choice":"Inject Mutagens","floor":22.0,"gold_loss":0.0,"damage_taken":0.0,"relics_obtained":["MutagenicStrength"]},{"damage_healed":0.0,"max_hp_gain":0.0,"max_hp_loss":0.0,"gold_gain":0.0,"event_name":"The Mausoleum","player_choice":"Opened","floor":28.0,"gold_loss":0.0,"damage_taken":0.0,"relics_obtained":["Lantern"],"cards_obtained":["Writhe"]},{"cards_removed":["Cold Snap"],"damage_healed":0,"gold_gain":0,"player_choice":"Removed Attack","damage_taken":0,"max_hp_gain":0,"max_hp_loss":0,"event_name":"Falling","floor":36,"gold_loss":0},{"damage_healed":19,"gold_gain":0,"player_choice":"Writhe","damage_taken":0,"max_hp_gain":0,"max_hp_loss":0,"event_name":"Winding Halls","floor":37,"gold_loss":0,"cards_obtained":["Writhe"]},{"damage_healed":0,"gold_gain":0,"player_choice":"Fight","damage_taken":0,"max_hp_gain":0,"max_hp_loss":0,"event_name":"MindBloom","floor":45,"gold_loss":0}],"is_beta":false,"boss_relics":[{"not_picked":["Velvet Choker","Astrolabe"],"picked":"Empty Cage"},{"not_picked":["Snecko Eye","Busted Crown"],"picked":"Philosopher\u0027s Stone"}],"items_purged_floors":[4,46],"is_endless":false,"potions_floor_spawned":[1,18,30,38,45,48],"killed_by":"Awakened One","ascension_level":0}}