{"host":"rolltorest","time":1609230800,"event":{"mods":["BaseMod","Downfall","Minty Spire (QoL Compilation)","StSLib"],"gold_per_floor":[99,112,22,35,52,86,111,138,63,85,85,109,34,72,94,204,204,204,226,226,240,89,117,117,158,43,87,110,110,129,155,173,281,281,206,225,254,405,419,446,484,506,534,584,643,655,667,695,732,744,756,797,164,164,164],"floor_reached":56,"playtime":3296,"items_purged":["champ:Strike","champ:Strike","champ:Strike","champ:Defend"],"score":1373,"play_id":"f1c22117-b3f5-43ad-91b8-cd21ad4a1398","local_time":"20201229003320","is_ascension_mode":true,"campfire_choices":[{"floor":1,"key":"RECALL"},{"data":"champ:Taunt","floor":9,"key":"SMITH"},{"data":"champ:PerfectedStrike","floor":13,"key":"SMITH"},{"data":"champ:FanOfKnives","floor":18,"key":"SMITH"},{"data":"champ:RapidStrikes","floor":35,"key":"SMITH"},{"data":"champ:IronFortress","floor":47,"key":"SMITH"},{"data":"champ:SteelEdge","floor":54,"key":"SMITH"}],"circlet_count":0,"master_deck":["champ:Defend","champ:Execute+1","champ:Taunt+1","champ:TornadoPunch","champ:Duel","champ:FlashCut","champ:PerfectedStrike+1","champ:RapidStrikes+1","champ:CrownThrow","champ:FlashCut+1","champ:Encircle","champ:FanOfKnives+1","champ:Backstep","champ:SteelEdge+1","champ:Duel+1","champ:GutPunch+1","champ:BerserkerStyle+1","champ:AdrenalArmor+1","champ:ShieldThrow","champ:GladiatorsShout+1","champ:DancingMaster","champ:RisingSlash","champ:IronFortress+1","champ:ArenaPreparation+1","champ:EndlessRage","Secret Weapon"],"relics":["Coffee Dripper","CeramicFish","downfall:HeartBlessingRed","Blue Candle","downfall:HeartBlessingBlue","MealTicket","Empty Cage","Orrery","Bird Faced Urn","Lizard Tail","Vajra","TungstenRod","Bag of Marbles","SlaversCollar","downfall:HeartBlessingGreen","MawBank","Whetstone","Centennial Puzzle","Dead Branch","Torii","Thread and Needle"],"acts_visited":["Exordium","TheCity","TheBeyond","TheEnding"],"potions_floor_usage":[14,21,23,31,33,45,55],"damage_taken":[{"damage":0,"enemies":"2 Louse","floor":2,"turns":2},{"damage":5,"enemies":"downfall:FleeingMerchant","floor":3,"turns":4},{"damage":5,"enemies":"Small Slimes","floor":4,"turns":4},{"damage":5,"enemies":"Jaw Worm","floor":5,"turns":3},{"damage":0,"enemies":"Lagavulin","floor":6,"turns":6},{"damage":14,"enemies":"Exordium Thugs","floor":8,"turns":4},{"damage":5,"enemies":"Blue Slaver","floor":10,"turns":3},{"damage":0,"enemies":"Exordium Wildlife","floor":12,"turns":3},{"damage":9,"enemies":"3 Sentries","floor":14,"turns":4},{"damage":0,"enemies":"3 Louse","floor":15,"turns":1},{"damage":60,"enemies":"downfall:Defect","floor":16,"turns":8},{"damage":6,"enemies":"Chosen","floor":19,"turns":4},{"damage":0,"enemies":"3 Byrds","floor":21,"turns":2},{"damage":6,"enemies":"downfall:FleeingMerchant","floor":22,"turns":4},{"damage":54,"enemies":"Gremlin Leader","floor":23,"turns":4},{"damage":59,"enemies":"Slavers","floor":25,"turns":4},{"damage":19,"enemies":"downfall:FleeingMerchant","floor":26,"turns":4},{"damage":13,"enemies":"Gremlin Leader","floor":27,"turns":5},{"damage":19,"enemies":"Snecko","floor":28,"turns":3},{"damage":7,"enemies":"Snake Plant","floor":30,"turns":3},{"damage":28,"enemies":"Book of Stabbing","floor":31,"turns":4},{"damage":17,"enemies":"Centurion and Healer","floor":32,"turns":4},{"damage":41,"enemies":"downfall:Silent","floor":33,"turns":8},{"damage":37,"enemies":"3 Shapes","floor":36,"turns":7},{"damage":16,"enemies":"Orb Walker","floor":37,"turns":2},{"damage":0,"enemies":"downfall:FleeingMerchant","floor":38,"turns":1},{"damage":16,"enemies":"Jaw Worm Horde","floor":39,"turns":3},{"damage":44,"enemies":"Maw","floor":42,"turns":7},{"damage":21,"enemies":"Transient","floor":43,"turns":5},{"damage":41,"enemies":"Nemesis","floor":44,"turns":5},{"damage":45,"enemies":"2 Orb Walkers","floor":45,"turns":3},{"damage":19,"enemies":"3 Darklings","floor":48,"turns":4},{"damage":42,"enemies":"Writhing Mass","floor":49,"turns":4},{"damage":47,"enemies":"downfall:Ironclad","floor":50,"turns":6},{"damage":49,"enemies":"downfall:CharBossMerchant","floor":52,"turns":6},{"damage":78,"enemies":"downfall:NeowBoss","floor":55,"turns":22}],"seed_played":"-2448085901820577102","potions_obtained":[{"floor":5,"key":"Fruit Juice"},{"floor":8,"key":"Slimebound:ThreeZeroPotion"},{"floor":10,"key":"DuplicationPotion"},{"floor":19,"key":"champ:OpenerPotion"},{"floor":21,"key":"Slimebound:ThreeZeroPotion"},{"floor":25,"key":"hexamod:EctoCoolerPotion"},{"floor":31,"key":"Weak Potion"},{"floor":43,"key":"LiquidMemories"},{"floor":45,"key":"champ:CounterPotion"}],"is_trial":false,"path_per_floor":["R","M","$","M","M","E","T","M","R","M","?","M","R","E","M","B",null,"R","M","?","M","$","E","T","E","$","E","M","?","M","E","M","B",null,"R","M","M","$","M","?","T","M","M","E","?","?","R","M","M","B",null,"E","$","R","B",null],"character_chosen":"THE_CHAMP","items_purchased":["Orrery","champ:IronFortress","Thread and Needle","Secret Weapon"],"campfire_rested":0,"item_purchase_floors":[22,38,53,53],"current_hp_per_floor":[90,90,90,90,90,90,90,79,79,79,76,76,86,82,82,24,100,100,99,99,99,100,87,87,40,57,59,70,51,46,38,48,62,110,110,86,94,109,106,106,106,95,110,98,88,88,88,100,110,110,110,107,110,110,110],"gold":164,"neow_bonus":"BOSS_RELIC","is_daily":false,"chose_seed":false,"campfire_upgraded":6,"win_rate":0.0,"timestamp":1609230800,"path_taken":["R","M","$","M","M","E","T","M","R","M","?","M","R","E","M","BOSS","R","M","?","M","$","E","T","E","?","E","?","?","M","E","M","BOSS","R","M","M","$","M","?","T","M","M","E","?","?","R","M","M","BOSS","E","$","R","BOSS"],"items_purchased_type":["Relic","Card","Relic","Card"],"build_version":"2020-12-18","purchased_purges":4,"victory":true,"max_hp_per_floor":[90,90,90,90,90,90,90,90,90,90,90,90,100,100,100,100,100,100,100,100,100,100,100,100,100,100,100,100,105,105,110,110,110,110,110,110,110,110,110,110,110,110,110,110,110,110,110,110,110,110,110,110,110,110,110],"card_choices":[{"not_picked":["champ:Circumvent","champ:GutPunch"],"picked":"champ:TornadoPunch","floor":2},{"not_picked":["champ:BringItOn","champ:Haymaker"],"picked":"champ:Duel","floor":3},{"not_picked":["champ:FightOn","champ:BerserkersShout"],"picked":"champ:FlashCut","floor":4},{"not_picked":["champ:GladiatorsShout","champ:StanceDance"],"picked":"champ:PerfectedStrike","floor":5},{"not_picked":["champ:FlashCut","champ:StanceDance"],"picked":"champ:RapidStrikes","floor":6},{"not_picked":["champ:Backstep","champ:FlashCut"],"picked":"champ:CrownThrow","floor":8},{"not_picked":["champ:FightOn","champ:ShieldWall"],"picked":"champ:FlashCut","floor":10},{"not_picked":["champ:EnGarde","champ:FocusedBerserking"],"picked":"champ:Encircle","floor":12},{"not_picked":["champ:AdrenalArmor","champ:FightOn"],"picked":"champ:FanOfKnives","floor":14},{"not_picked":["champ:BladeFlurry","champ:ArenaPreparation"],"picked":"champ:Backstep","floor":15},{"not_picked":["champ:SwordThrow","champ:StrikeOfGenius"],"picked":"champ:SteelEdge","floor":16},{"not_picked":["champ:GutPunch","champ:ShieldWall+1"],"picked":"champ:Duel+1","floor":19},{"not_picked":["champ:Haymaker","champ:GutPunch","champ:FlashCut+1"],"picked":"SKIP","floor":21},{"not_picked":["champ:CrookedStrike","champ:DefensiveShout","champ:FlashCut"],"picked":"SKIP","floor":22},{"not_picked":["champ:FlashCut+1","champ:TornadoPunch"],"picked":"champ:GutPunch+1","floor":22},{"not_picked":["champ:FocusedGladiator+1","champ:Duel"],"picked":"champ:BerserkerStyle+1","floor":22},{"not_picked":["champ:EnragedBash","champ:FanOfKnives","champ:Balance"],"picked":"SKIP","floor":23},{"not_picked":["champ:StanceDance","champ:RecklessLeap"],"picked":"champ:AdrenalArmor+1","floor":25},{"not_picked":["champ:EnGarde+1","champ:Lariat+1","champ:RecklessLeap"],"picked":"SKIP","floor":26},{"not_picked":["champ:BladeFlurry","champ:ShieldWall"],"picked":"champ:ShieldThrow","floor":27},{"not_picked":["champ:AdrenalArmor+1","champ:EnragedBash"],"picked":"champ:GladiatorsShout+1","floor":28},{"not_picked":["champ:FanOfKnives","champ:StanceDance+1","champ:Riposte+1"],"picked":"SKIP","floor":30},{"not_picked":["champ:HeartStrike","champ:StanceDance","champ:DefensiveStyle"],"picked":"SKIP","floor":31},{"not_picked":["champ:GutPunch","champ:PreciseThrust+1","champ:StanceDance+1"],"picked":"SKIP","floor":32},{"not_picked":["champ:HeavySlash","champ:MurderStrike"],"picked":"champ:DancingMaster","floor":33},{"not_picked":["champ:Circumvent+1","champ:AdrenalArmor","champ:PerfectedStrike+1"],"picked":"SKIP","floor":36},{"not_picked":["champ:FocusedDefense+1","champ:FlashCut"],"picked":"champ:RisingSlash","floor":37},{"not_picked":["champ:TornadoPunch","champ:Haymaker+1","champ:ViciousMockery+1"],"picked":"SKIP","floor":38},{"not_picked":["champ:SwordThrow","champ:Backstep+1","champ:PerfectedStrike+1"],"picked":"SKIP","floor":39},{"not_picked":["champ:BladeFlurry+1","champ:FanOfKnives+1","champ:HeartStrike+1"],"picked":"SKIP","floor":42},{"not_picked":["champ:Riposte+1","champ:DefensiveStyle","champ:TornadoPunch+1"],"picked":"SKIP","floor":43},{"not_picked":["champ:DefensiveShout","champ:BladeFlurry+1"],"picked":"champ:ArenaPreparation+1","floor":44},{"not_picked":["champ:Encircle+1","champ:StanceDance+1","champ:Riposte"],"picked":"SKIP","floor":48},{"not_picked":["champ:RisingSlash+1","champ:StanceDance"],"picked":"champ:EndlessRage","floor":49},{"not_picked":["champ:DefensiveStyle","champ:DefensiveShout+1","champ:StanceDance"],"picked":"SKIP","floor":52}],"player_experience":1833045,"relics_obtained":[{"floor":6,"key":"CeramicFish"},{"floor":14,"key":"MealTicket"},{"floor":23,"key":"Bird Faced Urn"},{"floor":24,"key":"Lizard Tail"},{"floor":25,"key":"Vajra"},{"floor":27,"key":"TungstenRod"},{"floor":31,"key":"Bag of Marbles"},{"floor":40,"key":"MawBank"},{"floor":41,"key":"Whetstone"},{"floor":44,"key":"Centennial Puzzle"},{"floor":45,"key":"Dead Branch"},{"floor":52,"key":"Torii"}],"event_choices":[{"damage_healed":0,"gold_gain":0,"player_choice":"Success","damage_taken":3,"relics_obtained":["Blue Candle"],"max_hp_gain":0,"max_hp_loss":0,"event_name":"Scrap Ooze","floor":11,"gold_loss":0},{"damage_healed":0,"gold_gain":0,"player_choice":"Fight","damage_taken":0,"max_hp_gain":0,"max_hp_loss":0,"event_name":"Mysterious Sphere","floor":45,"gold_loss":0},{"cards_removed":["champ:Defend"],"damage_healed":0,"gold_gain":0,"player_choice":"Removed Skill","damage_taken":0,"max_hp_gain":0,"max_hp_loss":0,"event_name":"Falling","floor":46,"gold_loss":0}],"is_beta":true,"boss_relics":[{"not_picked":["Busted Crown","Runic Dome"],"picked":"Empty Cage"},{"not_picked":["Sozu","Astrolabe"],"picked":"SlaversCollar"}],"items_purged_floors":[3,26,38,53],"is_endless":false,"potions_floor_spawned":[5,8,10,19,21,25,31,32,43,44,45,49,52],"ascension_level":1}}