{"host":"j3h0p3l2xgzxhnx7","time":1609257869,"event":{"mods":["BaseMod","Luminous","Marisa????????","Minty Spire (QoL Compilation)","Remilia??????","StSLib","The Bug Knight","The Cursed","The Servant 0.9.4"],"gold_per_floor":[110,110,69,69,69,101,121,46,46,46,62,62,95,95,95,196,196,214,214,214],"floor_reached":19,"playtime":749,"items_purged":[],"score":173,"play_id":"1db60f94-3adb-4a0a-a8a6-84b3df579963","local_time":"20201230000429","is_ascension_mode":false,"campfire_choices":[{"floor":10,"key":"REST"},{"floor":12,"key":"REST"},{"floor":15,"key":"REST"}],"circlet_count":0,"master_deck":["HollowMod:NailStrikeStart+1","HollowMod:NailStrikeStart","HollowMod:NailStrikeStart","HollowMod:NailStrikeStart","HollowMod:QuickDashStart","HollowMod:QuickDashStart","HollowMod:QuickDashStart","HollowMod:QuickDashStart","HollowMod:FocusHealStart","HollowMod:PogoStrike+1","HollowMod:MothsMistake+1","HollowMod:NewGlowingWomb","HollowMod:InfectedAttack","HollowMod:InfectedCysts","HollowMod:AwokenDreamNail+1","HollowMod:CloakDash","HollowMod:SoulEater","HollowMod:NewInfectedGuardian","HollowMod:GoodIntentions"],"relics":["HollowMod:KingsSoulRelic","HollowMod:PaleOreRelic","Vajra","InkBottle"],"acts_visited":["Exordium","TheCity"],"potions_floor_usage":[6,16,16],"damage_taken":[{"damage":1,"enemies":"Cultist","floor":1,"turns":3},{"damage":32,"enemies":"3 Sentries","floor":6,"turns":6},{"damage":11,"enemies":"Small Slimes","floor":7,"turns":3},{"damage":11,"enemies":"Jaw Worm","floor":11,"turns":2},{"damage":39,"enemies":"Lagavulin","floor":13,"turns":5},{"damage":66,"enemies":"Slime Boss","floor":16,"turns":10},{"damage":57,"enemies":"Spheric Guardian","floor":18,"turns":5},{"damage":34,"enemies":"Shell Parasite","floor":19,"turns":4}],"seed_played":"-3256231088451722268","potions_obtained":[{"floor":1,"key":"AttackPotion"},{"floor":6,"key":"Regen Potion"},{"floor":7,"key":"SkillPotion"}],"is_trial":false,"path_per_floor":["M","?","$","?","?","E","M","$","T","R","M","R","E","?","R","B",null,"M","M"],"character_chosen":"THE_BUGKNIGHT","items_purchased":["HollowMod:NewGlowingWomb","HollowMod:AwokenDreamNail"],"campfire_rested":3,"item_purchase_floors":[3,8],"current_hp_per_floor":[74,74,74,74,59,37,32,32,32,54,43,65,32,32,54,13,75,24,0,0],"gold":214,"neow_bonus":"UPGRADE_CARD","is_daily":false,"chose_seed":false,"campfire_upgraded":0,"win_rate":0.0,"timestamp":1609257869,"path_taken":["M","?","$","?","?","E","M","$","T","R","M","R","E","?","R","BOSS","M","M"],"items_purchased_type":["Card","Card"],"build_version":"2020-12-22","purchased_purges":0,"victory":false,"max_hp_per_floor":[75,75,75,75,75,75,75,75,75,75,75,75,75,75,75,75,75,75,75,75],"card_choices":[{"not_picked":["HollowMod:FastStrike","HollowMod:LifebloodCocoon"],"picked":"HollowMod:MothsMistake","floor":1},{"not_picked":["HollowMod:SharpenedNail","HollowMod:SharpenedShadows"],"picked":"HollowMod:InfectedAttack","floor":6},{"not_picked":["HollowMod:FastStrike","HollowMod:NewLittleFool"],"picked":"HollowMod:InfectedCysts","floor":7},{"not_picked":["HollowMod:AbyssShriek","HollowMod:SiblingsShadow"],"picked":"HollowMod:CloakDash","floor":11},{"not_picked":["HollowMod:InfectedAttack","HollowMod:SoulSplash"],"picked":"HollowMod:SoulEater","floor":13},{"not_picked":["HollowMod:AwokenDreamNail","HollowMod:LifebloodCore"],"picked":"HollowMod:NewInfectedGuardian","floor":16},{"not_picked":["HollowMod:VengefulVoid","HollowMod:NewLittleFool"],"picked":"HollowMod:GoodIntentions","floor":18}],"player_experience":49065,"relics_obtained":[{"floor":6,"key":"HollowMod:PaleOreRelic"},{"floor":9,"key":"Vajra"},{"floor":13,"key":"InkBottle"}],"event_choices":[{"damage_healed":0,"gold_gain":0,"player_choice":"Ignored","damage_taken":0,"max_hp_gain":0,"max_hp_loss":0,"event_name":"Golden Wing","floor":2,"gold_loss":0},{"damage_healed":0,"gold_gain":0,"player_choice":"Entered Light","damage_taken":15,"max_hp_gain":0,"max_hp_loss":0,"event_name":"Shining Light","floor":5,"gold_loss":0,"cards_upgraded":["HollowMod:MothsMistake","HollowMod:NailStrikeStart"]},{"damage_healed":0,"gold_gain":0,"player_choice":"Grow","damage_taken":0,"max_hp_gain":0,"max_hp_loss":0,"event_name":"Living Wall","floor":14,"gold_loss":0,"cards_upgraded":["HollowMod:AwokenDreamNail"]}],"is_beta":false,"boss_relics":[{"not_picked":["Sozu","Astrolabe"],"picked":"HollowMod:KingsSoulRelic"}],"items_purged_floors":[],"is_endless":false,"potions_floor_spawned":[1,6,7],"killed_by":"Shell Parasite","ascension_level":0}}