{"host":"u0f5uy314yz7olfc","time":1609237390,"event":{"mods":["AchievementEnabler","Aspiration","BaseMod","Better Altar","Better Match","Better Note","Better Sensory Stone","Better Skull","Better Third Choice","BetterRewards","Block Reminder","Colored Map","Colored Powertips","DeckTracker","Dota2Spire","Emptier Cage","Gold Saver","Highlight Path","Hubris","Infinite Spire","Marked Mod","Mimic Mod","Minty Spire (QoL Compilation)","Permanent Neow","Quick Restart","Rare Cards Sparkle","Relic Sorter","Replay The Spire","Shop Mod","StSLib","The Bladedancer","The Blue Laboratory","Watcher Patcher"],"gold_per_floor":[442,18,34,10,10,39,39,39,73,83,83,3,278,292,292,389,389,409,428,446,446,102,102,102],"floor_reached":23,"playtime":1290,"items_purged":[],"score":314,"play_id":"6120c2b5-3009-416b-bec1-dd76057a17ce","local_time":"20201229172310","is_ascension_mode":false,"campfire_choices":[{"floor":11.0,"key":"RECALL"},{"floor":15.0,"key":"REST"}],"circlet_count":0,"master_deck":["blademaster:Strike","blademaster:Strike","blademaster:Strike","blademaster:Strike","blademaster:Defend","blademaster:Defend","blademaster:Defend","blademaster:Defend","blademaster:RagingBlow","blademaster:HighVoltage","blademaster:Thrust","blademaster:Quickstep","Mayhem","blademaster:Sharpen","blademaster:AspectOfLightning","blademaster:DragonStrike","blademaster:LeechingStrike","blademaster:BrainBloom","blademaster:Quickstep","blademaster:ParryingStrike","Voices","blademaster:CombatPrep","blademaster:Stability","blademaster:Havoc","Regret","blademaster:Havoc","blademaster:EnchantedCuirass","Injury","Neutralize","blademaster:Empower","Good Instincts","infinitespire:DeathsTouch","blademaster:Cut","blademaster:WindSlash","blademaster:DaggerAndCloak","Apotheosis+1","Discovery","blademaster:BloodyBlow","Metamorphosis"],"relics":["blademaster:DancersAmulet","Strange Spoon","aspiration:Lifesprig","Potion Belt","hubris:MysteriousPyramids","Ring of Fury","ReplayTheSpireMod:Ring of Exchange","MerchantsRug"],"acts_visited":["Exordium","TheCity"],"potions_floor_usage":[23],"damage_taken":[{"damage":11.0,"enemies":"Jaw Worm","floor":1.0,"turns":4.0},{"damage":0.0,"enemies":"2 Louse","floor":3.0,"turns":2.0},{"damage":17.0,"enemies":"Lagavulin","floor":6.0,"turns":7.0},{"damage":16.0,"enemies":"Cultist","floor":9.0,"turns":6.0},{"damage":5.0,"enemies":"Cultist","floor":10.0,"turns":3.0},{"damage":18.0,"enemies":"Exordium Wildlife","floor":14.0,"turns":4.0},{"damage":27.0,"enemies":"Hexaghost","floor":16.0,"turns":6.0},{"damage":10.0,"enemies":"Spheric Guardian","floor":18.0,"turns":3.0},{"damage":12.0,"enemies":"Shell Parasite","floor":19.0,"turns":4.0},{"damage":52.0,"enemies":"Snecko","floor":20.0,"turns":6.0},{"damage":12,"enemies":"Slavers","floor":23,"turns":1}],"seed_played":"4646293056198215968","potions_obtained":[{"floor":6.0,"key":"Swift Potion"},{"floor":14.0,"key":"blueLaboratory:NullPotion"},{"floor":16.0,"key":"Dota2Spire:Clarity"},{"floor":18.0,"key":"SteroidPotion"},{"floor":19.0,"key":"Weak Potion"}],"is_trial":false,"path_per_floor":["M","$","M","$","?","E","?","$","MIM","M","R","$","?","M","R","B",null,"M","M","M","?","$","E"],"character_chosen":"THE_BLADEMASTER","items_purchased":["blademaster:Thrust","blademaster:Quickstep","Mayhem","blademaster:AspectOfLightning","Strange Spoon","blademaster:DragonStrike","blademaster:LeechingStrike","aspiration:Lifesprig","blademaster:Quickstep","blademaster:Havoc","MerchantsRug","Discovery","blademaster:BloodyBlow","Metamorphosis"],"campfire_rested":1,"item_purchase_floors":[0,0,0,2,2,2,2,2,4,12,22,22,22,22],"current_hp_per_floor":[64,64,67,67,67,55,55,55,42,37,37,37,37,19,41,14,75,65,53,1,1,1,0,0],"gold":102,"neow_bonus":"","is_daily":false,"chose_seed":false,"campfire_upgraded":0,"win_rate":0.0,"timestamp":1609237390,"path_taken":["M","$","M","$","?","E","?","?","MIM","?","R","$","?","?","R","BOSS","M","M","M","?","$","E"],"items_purchased_type":["Card","Card","Card","Card","Relic","Card","Card","Relic","Card","Card","Relic","Card","Card","Card"],"build_version":"2020-12-22","purchased_purges":0,"victory":false,"max_hp_per_floor":[75,75,75,75,75,75,75,75,75,75,75,75,75,75,75,75,75,75,75,75,75,75,75,75],"card_choices":[{"not_picked":["blademaster:Gust","blademaster:Rupture"],"picked":"blademaster:Sharpen","floor":1.0},{"not_picked":["blademaster:ChargingUp","blademaster:AncestralHealing"],"picked":"blademaster:BrainBloom","floor":3.0},{"not_picked":["blademaster:UnrelentingWind","blademaster:Stormstrike"],"picked":"blademaster:ParryingStrike","floor":6.0},{"not_picked":["blademaster:Stormstrike","blademaster:Quickstep"],"picked":"blademaster:CombatPrep","floor":9.0},{"not_picked":["blademaster:DaggerAndCloak","blademaster:DeadlyDance"],"picked":"blademaster:Stability","floor":10.0},{"not_picked":["blademaster:Sunder","blademaster:Reversal"],"picked":"blademaster:Havoc","floor":14.0},{"not_picked":["blademaster:RollingTyphoon","blademaster:RagingBlow"],"picked":"blademaster:EnchantedCuirass","floor":16.0},{"not_picked":["m_Survivalism","Survivor"],"picked":"Neutralize","floor":17.0},{"not_picked":["blademaster:FuryOfTheElements","blademaster:CloudOfSteel"],"picked":"blademaster:Empower","floor":17.0},{"not_picked":["Madness","Trip"],"picked":"Good Instincts","floor":17.0},{"not_picked":["ReplayTheSpireMod:Black Plague","infinitespire:FinalStrike"],"picked":"infinitespire:DeathsTouch","floor":17.0},{"not_picked":["blademaster:BloodyBlow","blademaster:SlyStabs"],"picked":"blademaster:Cut","floor":18.0},{"not_picked":["blademaster:Cut","blademaster:TraverseCut"],"picked":"blademaster:WindSlash","floor":19.0},{"not_picked":["blademaster:AwakeningDefend","blademaster:Gust"],"picked":"blademaster:DaggerAndCloak","floor":20.0}],"player_experience":358053,"relics_obtained":[{"floor":5.0,"key":"Potion Belt"},{"floor":6.0,"key":"hubris:MysteriousPyramids"},{"floor":6.0,"key":"blademaster:FuryEveryTurnPerk"},{"floor":7.0,"key":"Ring of Fury"},{"floor":7.0,"key":"ReplayTheSpireMod:Ring of Exchange"}],"event_choices":[{"damage_healed":0.0,"max_hp_gain":0.0,"max_hp_loss":0.0,"gold_gain":275.0,"event_name":"Golden Shrine","player_choice":"Desecrate","floor":13.0,"gold_loss":0.0,"damage_taken":0.0,"cards_obtained":["Regret"]},{"cards_removed":["blademaster:Empower"],"damage_healed":0.0,"max_hp_gain":0.0,"max_hp_loss":0.0,"gold_gain":0.0,"event_name":"betterNote:BetterNote","player_choice":"Take \u0026 Give","floor":21.0,"gold_loss":0.0,"damage_taken":0.0,"cards_obtained":["Apotheosis"]}],"is_beta":false,"boss_relics":[{"not_picked":["aspiration:SilentSkillbook","Replay:Wanted Poster"],"picked":"ReplayTheSpireMod:SealedPack"}],"items_purged_floors":[],"is_endless":false,"potions_floor_spawned":[6,14,16,18,19],"killed_by":"Slavers","ascension_level":0}}