{"host":"dcj2yvrgcvh5dl2s","time":1609216993,"event":{"mods":["BaseMod","Better Note","Block Reminder","Colored Powertips","DeckTracker","Minty Spire (QoL Compilation)","Quick Restart","Rare Cards Sparkle","Relic Stats","StSLib"],"gold_per_floor":[109,109,109,109,259,259,297,311,334,609,89,103,142,156,156,255,255,274,164,179,198,222,222,222,222],"floor_reached":24,"playtime":1376,"items_purged":["Strike_R"],"score":439,"play_id":"e386adfe-84d0-44bf-9d90-f41358153e38","local_time":"20201229144313","is_ascension_mode":true,"campfire_choices":[{"data":"Bash","floor":6,"key":"SMITH"},{"data":"Apotheosis","floor":15,"key":"SMITH"},{"data":"True Grit","floor":23,"key":"SMITH"}],"circlet_count":0,"master_deck":["AscendersBane","Strike_R","Strike_R","Strike_R","Defend_R","Defend_R","Defend_R","Defend_R","Bash+1","Flex+1","Shockwave+1","Feel No Pain","Apotheosis+1","Double Tap","Heavy Blade","Shrug It Off","Pommel Strike","Flex","Double Tap","Sword Boomerang","Reaper","True Grit+1"],"relics":["Burning Blood","NeowsBlessing","Golden Idol","Omamori","Blue Candle","Pen Nib","Meat on the Bone","Cursed Key"],"acts_visited":["Exordium","TheCity"],"potions_floor_usage":[13,16,21,22],"damage_taken":[{"damage":0,"enemies":"Cultist","floor":1,"turns":1},{"damage":0,"enemies":"Gremlin Nob","floor":7,"turns":1},{"damage":0,"enemies":"Small Slimes","floor":8,"turns":1},{"damage":1,"enemies":"2 Louse","floor":12,"turns":3},{"damage":24,"enemies":"Lagavulin","floor":13,"turns":7},{"damage":5,"enemies":"2 Fungi Beasts","floor":14,"turns":4},{"damage":39,"enemies":"The Guardian","floor":16,"turns":9},{"damage":13,"enemies":"Spheric Guardian","floor":18,"turns":4},{"damage":21,"enemies":"Shell Parasite","floor":20,"turns":3},{"damage":14,"enemies":"Snake Plant","floor":21,"turns":5},{"damage":4,"enemies":"Cultist and Chosen","floor":22,"turns":5},{"damage":70,"enemies":"Book of Stabbing","floor":24,"turns":7}],"seed_played":"-8402313832369842237","potions_obtained":[{"floor":7,"key":"FearPotion"},{"floor":8,"key":"Explosive Potion"},{"floor":14,"key":"BlessingOfTheForge"},{"floor":16,"key":"CultistPotion"},{"floor":20,"key":"Dexterity Potion"},{"floor":21,"key":"SkillPotion"}],"is_trial":false,"path_per_floor":["M","?","?","?","?","R","E","M","T","?","$","M","E","M","R","B",null,"M","?","M","M","M","R","E"],"character_chosen":"IRONCLAD","items_purchased":["Apotheosis","Double Tap","Heavy Blade"],"campfire_rested":0,"item_purchase_floors":[11,11,11],"current_hp_per_floor":[74,48,48,30,30,30,36,42,42,42,42,47,29,42,42,21,62,55,55,52,54,56,56,0,0],"gold":222,"neow_bonus":"THREE_ENEMY_KILL","is_daily":false,"chose_seed":false,"campfire_upgraded":3,"win_rate":0.0,"timestamp":1609216993,"path_taken":["M","?","?","?","?","R","E","M","T","?","$","?","E","M","R","BOSS","M","?","?","M","M","R","E"],"items_purchased_type":["Card","Card","Card"],"build_version":"2020-12-22","purchased_purges":1,"victory":false,"max_hp_per_floor":[75,75,75,75,75,75,75,75,75,75,75,75,75,75,75,75,75,75,75,75,75,75,75,75,75],"relic_stats":{"counters":[12,50],"Golden Idol":61,"Blue Candle":[0],"Pen Nib":[6],"Cursed Key":0,"obtain_stats":[{"NeowsBlessing":0,"Golden Idol":2,"Blue Candle":7,"Pen Nib":9,"Omamori":4,"Cursed Key":17,"Burning Blood":0,"Meat on the Bone":13},{"NeowsBlessing":0,"Golden Idol":1,"Blue Candle":2,"Pen Nib":3,"Omamori":1,"Cursed Key":7,"Burning Blood":0,"Meat on the Bone":5},{"NeowsBlessing":0,"Golden Idol":1,"Blue Candle":2,"Pen Nib":3,"Omamori":1,"Cursed Key":26,"Burning Blood":0,"Meat on the Bone":13}],"Burning Blood":66,"Meat on the Bone":36},"card_choices":[{"not_picked":["Cleave","Rupture"],"picked":"Flex","floor":1},{"not_picked":["Rampage","Second Wind"],"picked":"Shockwave","floor":7},{"not_picked":["Fire Breathing","Havoc"],"picked":"Feel No Pain","floor":8},{"not_picked":["Thunderclap","Brutality"],"picked":"Shrug It Off","floor":12},{"not_picked":["Dropkick","Armaments"],"picked":"Pommel Strike","floor":13},{"not_picked":["Sever Soul","Shockwave"],"picked":"Flex","floor":14},{"not_picked":["Exhume","Impervious"],"picked":"Double Tap","floor":16},{"not_picked":["Shrug It Off","Seeing Red"],"picked":"Sword Boomerang","floor":18},{"not_picked":["Flame Barrier","Heavy Blade","Reaper"],"picked":"SKIP","floor":20},{"not_picked":["Flame Barrier","Heavy Blade"],"picked":"Reaper","floor":20},{"not_picked":["Perfected Strike","Anger","Rupture+1"],"picked":"SKIP","floor":21},{"not_picked":["Thunderclap","Wild Strike+1"],"picked":"True Grit","floor":22}],"player_experience":2099520,"relics_obtained":[{"floor":7,"key":"Blue Candle"},{"floor":9,"key":"Pen Nib"},{"floor":13,"key":"Meat on the Bone"}],"event_choices":[{"damage_healed":0,"gold_gain":0,"player_choice":"Take Damage","damage_taken":26,"relics_obtained":["Golden Idol"],"max_hp_gain":0,"max_hp_loss":0,"event_name":"Golden Idol","floor":2,"gold_loss":0},{"damage_healed":0,"gold_gain":0,"player_choice":"Grow","damage_taken":0,"max_hp_gain":0,"max_hp_loss":0,"event_name":"Living Wall","floor":3,"gold_loss":0,"cards_upgraded":["Flex"]},{"damage_healed":0,"gold_gain":0,"player_choice":"Success","damage_taken":18,"relics_obtained":["Omamori"],"max_hp_gain":0,"max_hp_loss":0,"event_name":"Scrap Ooze","floor":4,"gold_loss":0},{"damage_healed":0,"gold_gain":150,"player_choice":"AGREE","damage_taken":0,"max_hp_gain":0,"max_hp_loss":0,"event_name":"Liars Game","floor":5,"gold_loss":0,"cards_obtained":["Doubt"]},{"damage_healed":0,"gold_gain":275,"player_choice":"Desecrate","damage_taken":0,"max_hp_gain":0,"max_hp_loss":0,"event_name":"Golden Shrine","floor":10,"gold_loss":0,"cards_obtained":["Regret"]},{"cards_removed":["Strike_R"],"damage_healed":0,"gold_gain":0,"player_choice":"Upgrade and Remove","damage_taken":0,"max_hp_gain":0,"max_hp_loss":0,"event_name":"Designer","floor":19,"gold_loss":110,"cards_upgraded":["Shockwave"]}],"is_beta":false,"boss_relics":[{"not_picked":["Astrolabe","Snecko Eye"],"picked":"Cursed Key"}],"items_purged_floors":[11],"is_endless":false,"potions_floor_spawned":[7,8,14,16,20,21],"killed_by":"Book of Stabbing","ascension_level":18}}