{"host":"t7rtdu4954o308h4","time":1609217331,"event":{"mods":["ATMod(阿瑾Mod)","AchievementEnabler","Act Like it!","BaseMod","Conspire","Library of Ruina","Library of Ruina Extra","Minty Spire (QoL Compilation)","MostiFishMod","Replay The Spire","StSLib","TestMod","Waifu the Spire","【功能Mod】聪明的最终Boss","【遗物卡牌】REMEMod"],"gold_per_floor":[117,197,247,258,268,268,268,284,308,25,51,63,91,183,195,284,296,321,351,377,400,455,467,479,519,531,543,567,598,622,647,659,750,762,787,815,827,839,865,877,918,930,1011,1023,1051,184,184,203,203,203,203,203,203,36,71,71],"floor_reached":57,"playtime":2646,"items_purged":["LightDefense","LightDefense","LightDefense"],"score":2085,"play_id":"706b6ef9-00c9-4231-91ba-32a9eb4ec108","local_time":"20201229124851","is_ascension_mode":true,"campfire_choices":[{"data":"AT_FamilyPortrait","floor":7.0,"key":"SMITH"},{"data":"Enlightenment","floor":12.0,"key":"SMITH"},{"data":"MindWhip","floor":15.0,"key":"SMITH"},{"data":"FrontalAssault","floor":23.0,"key":"SMITH"},{"data":"GrazeTheGrass","floor":27.0,"key":"SMITH"},{"floor":32.0,"key":"RECALL"},{"data":"CleanUp","floor":40,"key":"SMITH"},{"data":"GroundSmash","floor":42,"key":"SMITH"},{"data":"Concentration","floor":44,"key":"SMITH"},{"data":"Disposal","floor":47,"key":"SMITH"},{"data":"SavageMode","floor":49,"key":"SMITH"},{"data":"RhinoRam","floor":53,"key":"SMITH"}],"circlet_count":0,"master_deck":["AscendersBane","Dodge","UpstandingSlash","Spear_LOR","LevelSlash","FocusSpirit","Charge","FocusedStrikes","AT_FamilyPortrait+1","Tttonst+1","GrazeTheGrass+1","GroundSmash+1","RhinoRam+1","Disposal+1","BoundaryOfDeath+1","Enlightenment+1","MindWhip+1","QuickSuppression","SavageMode+1","RushDown","FrontalAssault+1","QuickSuppression","Concentration+1","CleanUp+1","CurseOfTheBell"],"relics":["PageOfLibrarian","DaveBox","testmod-TestBox","REME_ComplimentaryCards","AT_ATBox","testmod-GiftOfSatan","Civilization","Smiling Mask","Pet Ghost","testmod-Register","MawBank","HereWithMe","Bird Faced Urn","AT_ArcaneBoots","Chameleon Ring","PageOfBlackSwan","Calling Bell","AT_RedTearstoneRing","Darkstone Periapt","SentryEyes","Replay:Bottled Steam","The Courier","Technique","Kunai","Bottled Flame","AT_ForceNature","Replay:Baseball","ReplayTheSpireMod:TigerMarble","Quantum Egg"],"acts_visited":["Exordium","TheCity","TheBeyond","TheEnding"],"potions_floor_usage":[50,56],"damage_taken":[{"damage":0.0,"enemies":"Cultist","floor":1.0,"turns":3.0},{"damage":0.0,"enemies":"conspire:MimicChest","floor":3.0,"turns":2.0},{"damage":3.0,"enemies":"conspire:RoseBush","floor":4.0,"turns":1.0},{"damage":0.0,"enemies":"2 Louse","floor":5.0,"turns":2.0},{"damage":16.0,"enemies":"Lots of Slimes","floor":8.0,"turns":2.0},{"damage":0.0,"enemies":"Lagavulin","floor":11.0,"turns":1.0},{"damage":0.0,"enemies":"conspire:2 RoseBushes","floor":13.0,"turns":1.0},{"damage":20.0,"enemies":"The Guardian","floor":16.0,"turns":5.0},{"damage":14.0,"enemies":"3 Byrds","floor":18.0,"turns":2.0},{"damage":2.0,"enemies":"Spheric Guardian","floor":19.0,"turns":1.0},{"damage":0.0,"enemies":"Shelled Parasite and Fungi","floor":20.0,"turns":1.0},{"damage":0.0,"enemies":"3 Cultists","floor":21.0,"turns":2.0},{"damage":2.0,"enemies":"REME_1_Revenger","floor":25.0,"turns":1.0},{"damage":12.0,"enemies":"Chosen and Byrds","floor":28.0,"turns":2.0},{"damage":0.0,"enemies":"Shelled Parasite and Fungi","floor":29.0,"turns":1.0},{"damage":0.0,"enemies":"Cultist and Chosen","floor":30.0,"turns":1.0},{"damage":0.0,"enemies":"Snecko","floor":31.0,"turns":2.0},{"damage":41.0,"enemies":"RedHoodMercenary","floor":33.0,"turns":3.0},{"damage":4.0,"enemies":"3 Shapes","floor":35.0,"turns":1.0},{"damage":0.0,"enemies":"Orb Walker","floor":36.0,"turns":1.0},{"damage":0,"enemies":"Writhing Mass","floor":39,"turns":1},{"damage":0,"enemies":"Giant Head","floor":41,"turns":2},{"damage":0,"enemies":"4 Shapes","floor":45,"turns":1},{"damage":0,"enemies":"Maw","floor":48,"turns":1},{"damage":717,"enemies":"Donu and Deca","floor":50,"turns":25},{"damage":0,"enemies":"Shield and Spear","floor":55,"turns":1},{"damage":30,"enemies":"The Heart","floor":56,"turns":5}],"seed_played":"-4165792563372892962","potions_obtained":[{"floor":4.0,"key":"Strength Potion"},{"floor":5.0,"key":"Strength Potion"},{"floor":18.0,"key":"ColorlessPotion"}],"is_trial":false,"path_per_floor":["M","T","?","M","M","?","R","M","T","$","E","R","M","?","R","B",null,"M","M","M","M","?","R","$","E","T","R","M","M","M","M","R","B",null,"M","M","?","?","M","R","E","R","T","R","M","$","R","M","R","B",null,null,"R","$","E","B",null],"character_chosen":"Librarian","items_purchased":["Enlightenment","testmod-Register","Technique","Kunai","Bottled Flame","AT_ForceNature","Replay:Baseball","ReplayTheSpireMod:TigerMarble"],"campfire_rested":0,"item_purchase_floors":[10,10,46,46,46,46,46,54],"current_hp_per_floor":[63,63,65,65,83,83,83,77,77,77,88,88,101,101,101,105,146,158,174,194,222,124,124,124,146,146,146,160,188,218,251,251,245,376,430,467,467,467,507,507,546,546,546,546,589,589,589,633,633,274,274,599,599,599,647,715],"gold":71,"neow_bonus":"","is_daily":false,"chose_seed":false,"campfire_upgraded":11,"win_rate":0.0,"timestamp":1609217331,"path_taken":["M","?","?","M","M","?","R","M","T","$","E","R","?","?","R","BOSS","M","M","M","M","?","R","?","E","T","R","?","M","M","M","R","BOSS","M","M","?","?","M","R","E","R","T","R","M","$","R","M","R","BOSS","R","$","E","BOSS"],"items_purchased_type":["Card","Relic","Relic","Relic","Relic","Relic","Relic","Relic"],"build_version":"2020-12-22","purchased_purges":3,"victory":true,"max_hp_per_floor":[93,93,95,98,108,108,108,118,118,118,129,129,142,142,142,159,159,181,199,219,247,247,247,247,271,271,271,297,325,355,386,386,419,419,460,497,497,497,535,535,574,574,574,574,617,617,617,661,661,707,707,707,707,707,755,804],"card_choices":[{"not_picked":["ForTheFamily","QuickSuppression","SmokingPipe"],"picked":"GrazeTheGrass","floor":1.0},{"not_picked":["HighKick","SpearedSweep","BulkyImpact","EnergyShield","Standoff"],"picked":"GroundSmash","floor":3.0},{"not_picked":["FrontalAssault","ElectricShock","ToOvercomeCrisis","Standoff","DesperateStruggle"],"picked":"RhinoRam","floor":4.0},{"not_picked":["Standoff","WrathOfTorment","CumulusWall","SharpSwipe","QuickSuppression"],"picked":"Disposal","floor":5.0},{"not_picked":["GrazeTheGrass","FormingStorm","StructuralAnalysis","ElectricShock","BackAttack","SunsetBlade"],"picked":"SKIP","floor":8.0},{"not_picked":["SmokingPipe","GaleKick","EnergyShield","SpearedSweep","PinpointShot"],"picked":"MindWhip","floor":11.0},{"not_picked":["SmokingPipe","SpearedSweep","UnavoidableGaze","Standoff","ShrineToMusic"],"picked":"QuickSuppression","floor":13.0},{"not_picked":["EmotionalTurbulence","FleshFillet","TieShanKao","Transpierce"],"picked":"SavageMode","floor":16.0},{"not_picked":["Diversion","EnergyShield","HighKick","ScatteringSlash","RhinoRam","HiddenBlade"],"picked":"SKIP","floor":18.0},{"not_picked":["SunsetBlade","HighSpeedStabbing","EnergyStrike","AbsorbImpact","GrazeTheGrass"],"picked":"RushDown","floor":19.0},{"not_picked":["FaintMemories","Standoff","EmotionalTurbulence","OpportunitySpotted","PinpointShot","SilentMist"],"picked":"SKIP","floor":20.0},{"not_picked":["Standoff","DesperateStruggle+1","Juggling","LossOfSenses","SmokingPipe"],"picked":"FrontalAssault","floor":21.0},{"not_picked":["HighKick+1","MindWhip","SmokingPipe","Diversion+1","AlloutWar"],"picked":"QuickSuppression","floor":22.0},{"not_picked":["EnergyStrike","UnforgettableMelody","ForcefulGesture","PinpointShot","Outburst","AGoldenOpportunity"],"picked":"SKIP","floor":25.0},{"not_picked":["SpearedSweep","SunsetBlade","EnergyShield","HighKick","BackAttack"],"picked":"Concentration","floor":28.0},{"not_picked":["PinpointShot","CumulusWall+1","SparkingSpear","InnerArdor","FleetEdge","DesperateStruggle+1"],"picked":"SKIP","floor":29.0},{"not_picked":["FlashingStrike","InnerArdor","FlyingSword","RapidGashes","HiddenBlade","FleetEdge"],"picked":"SKIP","floor":30.0},{"not_picked":["EnergyStrike+1","SmokingPipe","DarkCloud","BattleCommand","SparkingSpear","SpearedSweep"],"picked":"SKIP","floor":31.0},{"not_picked":["Standoff","EnergyStrike","Concentration","StructuralAnalysis","BackAttack+1"],"picked":"CleanUp","floor":35.0},{"not_picked":["SkyClearingCut","EnergyShield+1","EndlessBattle+1","ConcentratedFire+1","FlowOfTheSword","SmokingPipe"],"picked":"SKIP","floor":36.0},{"not_picked":["SpearedSweep","GroundSmash","SunsetBlade","ReadyUp"],"picked":"SKIP","floor":39},{"not_picked":["Concentration","DesperateStruggle+1","YoureAHindrance+1","ScatteringSlash"],"picked":"SKIP","floor":41},{"not_picked":["WrathOfTorment","EnergyShield","SunsetBlade+1","Juggling"],"picked":"SKIP","floor":45},{"not_picked":["SpearedSweep+1","HighSpeedStabbing","GroundSmash","EnergyStrike"],"picked":"SKIP","floor":48},{"not_picked":["HighKick","RushDown+1","PinpointShot","FleetEdge"],"picked":"SKIP","floor":55}],"player_experience":82514,"relics_obtained":[{"floor":1.0,"key":"SynthV:TestCard"},{"floor":3.0,"key":"Smiling Mask"},{"floor":9.0,"key":"Pet Ghost"},{"floor":11.0,"key":"MawBank"},{"floor":22.0,"key":"Bird Faced Urn"},{"floor":25.0,"key":"AT_SpeedBoots"},{"floor":26.0,"key":"Chameleon Ring"},{"floor":37,"key":"AT_RedTearstoneRing"},{"floor":37,"key":"Darkstone Periapt"},{"floor":37,"key":"SentryEyes"},{"floor":41,"key":"Replay:Bottled Steam"},{"floor":43,"key":"The Courier"},{"floor":55,"key":"Quantum Egg"}],"event_choices":[{"damage_healed":0.0,"max_hp_gain":0.0,"max_hp_loss":0.0,"gold_gain":0.0,"event_name":"Match and Keep!","player_choice":"1 cards matched","floor":6.0,"gold_loss":0.0,"damage_taken":0.0,"cards_obtained":["BoundaryOfDeath"]},{"damage_healed":0,"gold_gain":0,"player_choice":"Swap Relic","damage_taken":0,"relics_obtained":["Calling Bell"],"max_hp_gain":0,"max_hp_loss":0,"event_name":"给自己的盒子","floor":37,"relics_lost":["SynthV:TestCard"],"gold_loss":0},{"damage_healed":0,"gold_gain":0,"player_choice":"Bought 0 Potions","damage_taken":0,"max_hp_gain":0,"max_hp_loss":0,"event_name":"The Woman in Blue","floor":38,"gold_loss":0}],"is_beta":false,"boss_relics":[{"not_picked":["Replay:Wanted Poster","testmod-DeterminationOfClimber"],"picked":"HereWithMe"},{"not_picked":["Sozu","Coffee Dripper"],"picked":"PageOfBlackSwan"}],"items_purged_floors":[10,46,54],"is_endless":false,"potions_floor_spawned":[4,5,11,13,18,19,20,31,35,41],"ascension_level":13}}