{"host":"rcanb95qz4o6v6pp","time":1609255250,"event":{"mods":["AchievementEnabler","BaseMod","Better Third Choice","Colored Map","Downfall","Minty Spire (QoL Compilation)","Replay The Spire","Spicy Shops","StSLib","The Blue Laboratory"],"gold_per_floor":[115,190,204,218,235,260,289,619,699,699,699,729,755,17,17,112,112,139,199,9,9,9,38,71,71,71,99,127,159,159,159,159,260,260,272,281,309,318,328,353,70,70,94,120,43,69,104,122,122,122,122,122,50,86,86],"floor_reached":56,"playtime":26639,"items_purged":["Writhe","Languid"],"score":1725,"play_id":"f3ecdbc1-b3ed-4598-b62f-3a5b3e588dad","local_time":"20201229102050","daily_mods":["SealedDeck","Specialized","Heirloom","Flight","DeadlyEvents"],"is_ascension_mode":false,"campfire_choices":[{"floor":10,"key":"RECALL"},{"floor":15,"key":"DIG"},{"data":"Chill","floor":25,"key":"SMITH"},{"data":"Chill","floor":30,"key":"SMITH"},{"data":"Chill","floor":32,"key":"SMITH"},{"data":"Chill","floor":42,"key":"SMITH"},{"data":"Apotheosis","floor":49,"key":"SMITH"},{"data":"Defragment","floor":52,"key":"SMITH"}],"circlet_count":0,"master_deck":["Blizzard","Blizzard","Blizzard","Blizzard","Blizzard","Defragment","Gash","Gash","Defragment+1","Redo","Chill+1","Chill+1","Chill+1","Cold Snap","Self Repair","Capacitor","CurseOfTheBell","Gash+1","Chill+1","Chill","Redo+1","Blizzard+1","Apotheosis+1","Defragment","Blizzard+1","Redo"],"relics":["Cracked Core","Peace Pipe","Geode","Old Coin","Singing Bowl","BranchBurnRelic","Guardian:PocketSentry","Boot","Divine Protection","Gremlin Horn","Molten Egg 2","Replay:Baseball","Calling Bell","CeramicFish","Pantograph","Unceasing Top","Omamori","Chemical X","Ancient Tea Set","WarpedTongs","FossilizedHelix","sneckomod:BlankCard","Potion Belt","Replay:Ringing Soul","Replay:Bronze Core","Ring of Misfortune","Ring of Panic","ReplayFunnel","Runic Capacitor","Vajra","Replay:Antivirus Software","Anchor","Pet Ghost","Bag of Marbles"],"acts_visited":["Exordium","TheCity","TheBeyond","TheEnding"],"potions_floor_usage":[16,16,16,16,23,23,29,33,39,39,46,55,55,55,55],"damage_taken":[{"damage":0,"enemies":"2 Louse","floor":1,"turns":2},{"damage":0,"enemies":"Small Slimes","floor":3,"turns":3},{"damage":0,"enemies":"Cultist","floor":4,"turns":4},{"damage":6,"enemies":"2 Fungi Beasts","floor":5,"turns":2},{"damage":9,"enemies":"Replay:BlueRogue","floor":6,"turns":5},{"damage":0,"enemies":"Lagavulin","floor":7,"turns":6},{"damage":5,"enemies":"Gremlin Nob","floor":8,"turns":5},{"damage":0,"enemies":"3 Sentries","floor":12,"turns":3},{"damage":0,"enemies":"Replay:BlueRogue","floor":13,"turns":5},{"damage":0,"enemies":"Fading Forest","floor":16,"turns":10},{"damage":0,"enemies":"Spheric Guardian","floor":18,"turns":4},{"damage":0,"enemies":"Slavers","floor":23,"turns":3},{"damage":7,"enemies":"Replay:Snechameleon","floor":24,"turns":6},{"damage":0,"enemies":"Book of Stabbing","floor":27,"turns":4},{"damage":0,"enemies":"Chosen","floor":28,"turns":4},{"damage":0,"enemies":"Gremlin Leader","floor":29,"turns":4},{"damage":0,"enemies":"Champ","floor":33,"turns":7},{"damage":0,"enemies":"3 Shapes","floor":35,"turns":2},{"damage":0,"enemies":"Orb Walker","floor":37,"turns":4},{"damage":0,"enemies":"Transient","floor":39,"turns":5},{"damage":0,"enemies":"Giant Head","floor":40,"turns":7},{"damage":3,"enemies":"R_Hoarder","floor":44,"turns":6},{"damage":0,"enemies":"Nemesis","floor":46,"turns":5},{"damage":0,"enemies":"R_Hoarder","floor":47,"turns":8},{"damage":0,"enemies":"Sphere and 2 Shapes","floor":48,"turns":1},{"damage":0,"enemies":"Replay:Hell Engine","floor":50,"turns":7},{"damage":0,"enemies":"Shield and Spear","floor":54,"turns":3},{"damage":0,"enemies":"The Heart","floor":55,"turns":9}],"seed_played":"-3726777536534839782","potions_obtained":[{"floor":1,"key":"EntropicBrew"},{"floor":3,"key":"Elixir"},{"floor":4,"key":"PowerPotion"},{"floor":19,"key":"sneckomod:MuddlingPotion"},{"floor":23,"key":"blueLaboratory:RelayPotion"},{"floor":27,"key":"sneckomod:MuddlingPotion"},{"floor":28,"key":"Reflective Coating"},{"floor":29,"key":"FocusPotion"},{"floor":37,"key":"blueLaboratory:BubblePotion"},{"floor":44,"key":"champ:CounterPotion"},{"floor":48,"key":"blueLaboratory:RelayPotion"},{"floor":54,"key":"Block Potion"}],"is_trial":true,"path_per_floor":["M","?","M","M","M","E","E","E","T","R","?","E","E","$","R_BF","B",null,"M","?","$","?","?","E","E","R","T","E","M","E","R","T","R","B",null,"M","?","M","?","M","E","$","R","T","E","$","E","E","M","R","B",null,"R","$","E","B",null],"character_chosen":"DEFECT","items_purchased":["Divine Protection","Gremlin Horn","Molten Egg 2","Chill","Chemical X","blueLaboratory:FruitPunch","Runic Capacitor","Defragment","DuplicationPotion","Elixir"],"campfire_rested":0,"item_purchase_floors":[14,14,14,20,20,20,41,41,45,53],"current_hp_per_floor":[75,64,71,75,75,73,75,75,75,75,75,77,77,77,77,79,79,79,52,52,52,52,63,65,65,65,79,86,93,93,93,93,95,95,97,100,103,106,108,110,113,113,113,115,115,117,120,122,122,122,122,122,122,125,125],"gold":86,"neow_bonus":"","is_daily":false,"chose_seed":false,"campfire_upgraded":6,"win_rate":0.0,"timestamp":1609255250,"path_taken":["M","?","M","M","M","E","E","E","T","R","?","?","E","$","R_BF","BOSS","M","?","$","?","?","E","E","R","T","?","?","E","R","?","R","BOSS","M","?","?","?","?","E","$","R","T","E","$","E","E","M","R","BOSS","R","$","E","BOSS"],"items_purchased_type":["Relic","Relic","Relic","Card","Relic","Potion","Relic","Card","Potion","Potion"],"build_version":"2020-12-22","purchased_purges":2,"victory":true,"max_hp_per_floor":[75,75,75,75,75,75,75,75,75,75,75,77,77,77,77,79,79,79,83,83,83,83,87,89,89,89,91,91,93,93,93,93,95,95,97,100,103,106,108,110,113,113,113,115,115,117,120,122,122,122,122,122,122,125,125],"card_choices":[{"not_picked":["Ball Lightning","Force Field"],"picked":"Self Repair","floor":1},{"not_picked":["Static Discharge","Ball Lightning","Reprogram"],"picked":"SKIP","floor":3},{"not_picked":["BasicCrystalCard","Rebound","Rip and Tear"],"picked":"SKIP","floor":4},{"not_picked":["Steam Power","Lockon","Compile Driver"],"picked":"SKIP","floor":5},{"not_picked":["Biased Cognition","BasicCrystalCard","Redo"],"picked":"SKIP","floor":6},{"not_picked":["Storm","Scrape","Conserve Battery"],"picked":"SKIP","floor":7},{"not_picked":["Panic Button","Recycle","Ball Lightning"],"picked":"SKIP","floor":8},{"not_picked":["Sweeping Beam","Core Surge","Fusion"],"picked":"Singing Bowl","floor":12},{"not_picked":["Rainbow","BootSequence"],"picked":"Capacitor","floor":13},{"not_picked":["Biased Cognition","Reboot","Machine Learning"],"picked":"Singing Bowl","floor":16},{"not_picked":["ReplayTheSpireMod:Reroute Power","BasicCrystalCard"],"picked":"Gash+1","floor":18},{"not_picked":["Panic Button","Stack","Steam"],"picked":"Singing Bowl","floor":19},{"not_picked":["BasicCrystalCard","Rebound+1","Hello World"],"picked":"Singing Bowl","floor":19},{"not_picked":["Barrage+1","Ball Lightning+1","Meteor Strike+1"],"picked":"Singing Bowl","floor":23},{"not_picked":["Steam Power","Sweeping Beam+1","Stack+1"],"picked":"Singing Bowl","floor":24},{"not_picked":["Panic Button+1","FIFO Queue","Darkness"],"picked":"Singing Bowl","floor":27},{"not_picked":["Ball Lightning+1","Coolheaded"],"picked":"Redo+1","floor":28},{"not_picked":["Loop","Sunder+1","Turbo"],"picked":"Singing Bowl","floor":29},{"not_picked":["ReplayTheSpireMod:Fabricate Wheel","Seek","Reboot"],"picked":"Singing Bowl","floor":33},{"not_picked":["Time Bomb+1","Undo+1","Barrage+1"],"picked":"Singing Bowl","floor":35},{"not_picked":["Reinforced Body+1","Darkness+1"],"picked":"Blizzard+1","floor":37},{"not_picked":["Sadistic Nature","Poisoned Strike+1"],"picked":"Apotheosis","floor":38},{"not_picked":["Beam Cell+1","Stack","Chaos+1"],"picked":"Singing Bowl","floor":39},{"not_picked":["Steam+1","Panic Button","Force Field"],"picked":"Singing Bowl","floor":40},{"not_picked":["Genetic Algorithm","Hologram","Sweeping Beam+1"],"picked":"Singing Bowl","floor":44},{"not_picked":["Reprogram+1","Conserve Battery+1","Reinforced Body"],"picked":"Singing Bowl","floor":46},{"not_picked":["Loop+1","Rebound+1"],"picked":"Blizzard+1","floor":47},{"not_picked":["Streamline+1","Barrage+1","Panic Button+1"],"picked":"Singing Bowl","floor":48},{"not_picked":["Thunder Strike+1","Barrage+1"],"picked":"Redo","floor":54}],"player_experience":1721579,"relics_obtained":[{"floor":6,"key":"Dead Branch"},{"floor":7,"key":"Geode"},{"floor":8,"key":"Old Coin"},{"floor":9,"key":"Singing Bowl"},{"floor":12,"key":"Guardian:PocketSentry"},{"floor":13,"key":"Boot"},{"floor":15,"key":"Replay:Baseball"},{"floor":17,"key":"CeramicFish"},{"floor":17,"key":"Pantograph"},{"floor":17,"key":"Unceasing Top"},{"floor":19,"key":"Omamori"},{"floor":23,"key":"FossilizedHelix"},{"floor":24,"key":"sneckomod:BlankCard"},{"floor":27,"key":"Potion Belt"},{"floor":31,"key":"Replay:Ringing Soul"},{"floor":36,"key":"Ring of Misfortune"},{"floor":36,"key":"Ring of Panic"},{"floor":40,"key":"ReplayFunnel"},{"floor":43,"key":"Vajra"},{"floor":44,"key":"Replay:Antivirus Software"},{"floor":46,"key":"Anchor"},{"floor":47,"key":"Pet Ghost"},{"floor":54,"key":"Bag of Marbles"}],"event_choices":[{"damage_healed":0,"gold_gain":75,"player_choice":"Gold","damage_taken":11,"max_hp_gain":0,"max_hp_loss":0,"event_name":"betterThird:BetterGoop","floor":2,"gold_loss":0},{"cards_removed":["Coolheaded"],"damage_healed":0,"gold_gain":0,"player_choice":"Purged","damage_taken":0,"max_hp_gain":0,"max_hp_loss":0,"event_name":"Purifier","floor":11,"gold_loss":0},{"damage_healed":0,"gold_gain":0,"player_choice":"Stole Relic","damage_taken":0,"relics_obtained":["Ancient Tea Set"],"max_hp_gain":0,"max_hp_loss":0,"event_name":"Addict","floor":21,"gold_loss":0,"cards_obtained":["Shame"]},{"damage_healed":0,"gold_gain":0,"player_choice":"Rummage","damage_taken":0,"relics_obtained":["WarpedTongs"],"max_hp_gain":0,"max_hp_loss":0,"event_name":"Accursed Blacksmith","floor":22,"gold_loss":0,"cards_obtained":["Pain"]},{"damage_healed":0,"gold_gain":0,"player_choice":"Memory 1","damage_taken":0,"max_hp_gain":0,"max_hp_loss":0,"event_name":"SensoryStone","floor":38,"gold_loss":0}],"is_beta":false,"boss_relics":[{"not_picked":["Replay:Drink Me","Ectoplasm"],"picked":"Calling Bell"},{"not_picked":["Astrolabe","Snecko Eye"],"picked":"Replay:Bronze Core"}],"items_purged_floors":[41,41],"is_endless":false,"potions_floor_spawned":[1,3,4,6,12,13,23,27,28,29,37,39,44,48,54],"ascension_level":0}}