{"host":"yq9dmb6jykv04g7m","time":1609243459,"event":{"mods":["Aspiration","BaseMod","Colored Map","Colored Powertips","Hubris","Infinite Spire","Minty Spire (QoL Compilation)","MostiFishMod","Rare Cards Sparkle","Replay The Spire","Spicy Shops","StSLib","SuperFastMode","【功能Mod】聪明的最终Boss"],"gold_per_floor":[116,132,57,77,90,125,125,142,169,200,210,210,225,254,254,350,350,362,362,362,373,393,418,50,84,84,104,120,133,161,174,174,279,279,291,308,324,324,324,352,352,377,377,30,61,61,73,0,0,0],"floor_reached":51,"playtime":3261,"items_purged":["Strike_B","Hallucinations","Defend_B"],"score":1365,"play_id":"c2911362-8c43-406e-882f-647063e11a6d","local_time":"20201229200419","is_ascension_mode":true,"campfire_choices":[{"data":"Gash","floor":7.0,"key":"SMITH"},{"floor":12.0,"key":"REST"},{"data":"MostiFishMod:WinterMarkForm","floor":15.0,"key":"SMITH"},{"data":"Strike_B","floor":32.0,"key":"PURGE"},{"data":"Seek","floor":41.0,"key":"SMITH"},{"data":"MostiFishMod:IntelligentEquipment","floor":41.0,"key":"SMITH"},{"data":"Capacitor","floor":49,"key":"SMITH"},{"data":"Double Energy","floor":49,"key":"SMITH"}],"circlet_count":0,"master_deck":["Strike_B","Strike_B","Defend_B","Defend_B","Defend_B","Zap+1","Dualcast","MostiFishMod:FrostNova","MostiFishMod:WinterMarkForm+1","Streamline","MostiFishMod:Nova","Gash+1","MostiFishMod:Tomorrow","Gash","Skim","Capacitor+1","MostiFishMod:InterfaceCompatibility","Gash","Double Energy+1","MostiFishMod:OneDayCity","Gash","MostiFishMod:IntelligentEquipment+1","Turbo+1","Seek+1","Double Energy+1","Turbo+1","Gash"],"relics":["Cracked Core","DaveBox","aspiration:Nostalgia","Ring of the Snake","FrostBlade","SynthV:TestCard","Pondfish Scales","Bag of Preparation","Ornamental Fan","Blood Vial","PatriotShield","ReplayTheSpireMod:Ring of Collecting","infinitespire:Lucky Rock","Replay:Arrowhead","ReplayTheSpireMod:Ninjato","Runic Dome","hubris:Towel","hubris:CrystalStatue","Smiling Mask","infinitespire:Beetle Shell","FossilizedHelix","Replay:Baseball","Red Mask"],"acts_visited":["Exordium","TheCity","TheBeyond"],"potions_floor_usage":[],"damage_taken":[{"damage":0.0,"enemies":"Cultist","floor":1.0,"turns":2.0},{"damage":6.0,"enemies":"2 Louse","floor":2.0,"turns":2.0},{"damage":2.0,"enemies":"Jaw Worm","floor":4.0,"turns":3.0},{"damage":12.0,"enemies":"Large Slime","floor":5.0,"turns":2.0},{"damage":10.0,"enemies":"3 Sentries","floor":6.0,"turns":4.0},{"damage":2.0,"enemies":"2 Fungi Beasts","floor":8.0,"turns":3.0},{"damage":0.0,"enemies":"Lagavulin","floor":10.0,"turns":3.0},{"damage":26.0,"enemies":"Exordium Thugs","floor":11.0,"turns":4.0},{"damage":5.0,"enemies":"3 Louse","floor":13.0,"turns":2.0},{"damage":11.0,"enemies":"3 Sentries","floor":14.0,"turns":6.0},{"damage":2.0,"enemies":"Hexaghost","floor":16.0,"turns":5.0},{"damage":0.0,"enemies":"3 Byrds","floor":18.0,"turns":3.0},{"damage":0.0,"enemies":"Chosen","floor":21.0,"turns":1.0},{"damage":0.0,"enemies":"Snecko","floor":22.0,"turns":3.0},{"damage":0.0,"enemies":"Slavers","floor":23.0,"turns":3.0},{"damage":0.0,"enemies":"Gremlin Leader","floor":25.0,"turns":2.0},{"damage":0.0,"enemies":"Centurion and Healer","floor":27.0,"turns":2.0},{"damage":0.0,"enemies":"Shelled Parasite and Fungi","floor":28.0,"turns":2.0},{"damage":0.0,"enemies":"Chosen and Byrds","floor":29.0,"turns":4.0},{"damage":0.0,"enemies":"Nightmare","floor":30.0,"turns":5.0},{"damage":0.0,"enemies":"Cultist and Chosen","floor":31.0,"turns":2.0},{"damage":0.0,"enemies":"Collector","floor":33.0,"turns":2.0},{"damage":0.0,"enemies":"Orb Walker","floor":35.0,"turns":1.0},{"damage":0.0,"enemies":"3 Darklings","floor":36.0,"turns":1.0},{"damage":0.0,"enemies":"Maw","floor":37.0,"turns":1.0},{"damage":0.0,"enemies":"Nightmare","floor":40.0,"turns":1.0},{"damage":0.0,"enemies":"R_Hoarder","floor":42.0,"turns":2.0},{"damage":0.0,"enemies":"Giant Head","floor":45.0,"turns":1.0},{"damage":0,"enemies":"Sphere and 2 Shapes","floor":47,"turns":1},{"damage":0,"enemies":"Awakened One","floor":50,"turns":3}],"seed_played":"-6685683710005496585","potions_obtained":[{"floor":2.0,"key":"Languid Potion"},{"floor":4.0,"key":"DuplicationPotion"},{"floor":6.0,"key":"Languid Potion"},{"floor":13.0,"key":"Ancient Potion"}],"is_trial":false,"path_per_floor":["M","M","$","M","M","E","R","M","T","E","M","R","M","E","R","B",null,"M","?","?","M","M","E","$","E","T","M","M","M","NM","M","R_BF","B",null,"M","M","M","?","?","NM","R","E","T","$","E","?","M","?","R","B",null],"character_chosen":"DEFECT","items_purchased":["MostiFishMod:OneDayCity","FossilizedHelix"],"campfire_rested":1,"item_purchase_floors":[24,44],"current_hp_per_floor":[75,69,69,67,55,45,45,43,43,43,17,39,34,23,23,23,75,75,75,75,75,75,75,75,75,75,75,75,75,75,75,75,75,75,75,75,75,75,71,71,71,71,71,71,71,71,71,71,71,71],"gold":0,"neow_bonus":"NOSTALGIA","is_daily":false,"chose_seed":false,"campfire_upgraded":6,"win_rate":0.0,"timestamp":1609243459,"path_taken":["M","M","$","M","M","E","R","M","T","E","M","R","M","E","R","BOSS","M","?","?","M","M","E","$","E","T","M","?","M","NM","?","R_BF","BOSS","M","M","M","?","?","NM","R","E","T","$","E","?","M","?","R","BOSS"],"items_purchased_type":["Card","Relic"],"build_version":"2020-12-22","purchased_purges":3,"victory":true,"max_hp_per_floor":[75,75,75,75,75,75,75,75,75,75,75,75,75,75,75,75,75,75,75,75,75,75,75,75,75,75,75,75,75,75,75,75,75,75,75,75,75,75,71,71,71,71,71,71,71,71,71,71,71,71],"card_choices":[{"not_picked":["Hello World","ReplaySolidLightProjector","Go for the Eyes"],"picked":"SKIP","floor":1.0},{"not_picked":["Go for the Eyes","Steam","BootSequence","Storm"],"picked":"Streamline","floor":2.0},{"not_picked":["Rip and Tear","Ball Lightning","Redo","Coolheaded"],"picked":"MostiFishMod:Nova","floor":4.0},{"not_picked":["Redo","Streamline","Ball Lightning","Go for the Eyes","Hologram"],"picked":"SKIP","floor":5.0},{"not_picked":["Streamline","Stack","Rebound","Blizzard"],"picked":"Gash","floor":6.0},{"not_picked":["Go for the Eyes","ReplayTheSpireMod:Repulse","Cold Snap","Sweeping Beam"],"picked":"MostiFishMod:Tomorrow","floor":8.0},{"not_picked":["Barrage","ReplayTheSpireMod:Reroute Power","Aggregate","Cold Snap"],"picked":"Gash","floor":10.0},{"not_picked":["Sunder","Rebound","Turbo","Coolheaded"],"picked":"Skim","floor":11.0},{"not_picked":["ReplaySort","Stack","Barrage","Static Discharge","ReplayRNGCard"],"picked":"SKIP","floor":13.0},{"not_picked":["ReplayTheSpireMod:Reroute Power","ReplayGash","Rip and Tear","Panic Button"],"picked":"Capacitor","floor":14.0},{"not_picked":["MostiFishMod:TalkingToTheRain","Biased Cognition","MostiFishMod:Hijack","MostiFishMod:Overload"],"picked":"MostiFishMod:InterfaceCompatibility","floor":16.0},{"not_picked":["Tempest","Cold Snap+1","Panic Button+1","Coolheaded+1","Conserve Battery"],"picked":"SKIP","floor":18.0},{"not_picked":["Stack+1","MostiFishMod:PushDownKick","Panic Button+1","Coolheaded"],"picked":"Gash","floor":21.0},{"not_picked":["BasicCrystalCard","Barrage","ReplayGash+1","Darkness+1","Beam Cell+1"],"picked":"SKIP","floor":22.0},{"not_picked":["Buffer","MostiFishMod:SeaWaves","Crystallizer","White Noise"],"picked":"Double Energy","floor":23.0},{"not_picked":["Steam","Beam Cell","Loop","Redo","Leap"],"picked":"SKIP","floor":25.0},{"not_picked":["Rainbow","MostiFishMod:PushDownKick","Cold Snap","Heatsinks","Undo"],"picked":"SKIP","floor":27.0},{"not_picked":["MostiFishMod:PushDownKick","Streamline","Turbo+1","MostiFishMod:FluxCapactior","Redo+1"],"picked":"SKIP","floor":28.0},{"not_picked":["Coolheaded","Rip and Tear+1","Multi-Cast","Beam Cell+1"],"picked":"Gash","floor":29.0},{"not_picked":["Sweeping Beam+1","Chaos","Barrage","ReplayGash"],"picked":"MostiFishMod:IntelligentEquipment","floor":30.0},{"not_picked":["Rip and Tear","hubris:PowerSurge+1","MostiFishMod:ReprogramOld+1","FIFO Queue"],"picked":"Turbo+1","floor":31.0},{"not_picked":["Machine Learning","MostiFishMod:GoodWordForIt","ReplayTheSpireMod:Omega Cannon","MostiFishMod:Prepare"],"picked":"Seek","floor":33.0},{"not_picked":["Turbo+1","FTL","Barrage+1","Steam+1"],"picked":"Double Energy+1","floor":35.0},{"not_picked":["Leap","Storm","Rebound","hubris:Prefetch","aspiration:Polymerization+1"],"picked":"SKIP","floor":36.0},{"not_picked":["BasicCrystalCard","Go for the Eyes+1","Hologram+1","Force Field+1"],"picked":"Turbo+1","floor":37.0},{"not_picked":["ReplayTheSpireMod:Calculation Training+1","BasicCrystalCard","Conserve Battery","Stack","Rebound+1"],"picked":"SKIP","floor":40.0},{"not_picked":["Barrage","Sweeping Beam","Cold Snap+1","Reprogram","Aggregate"],"picked":"SKIP","floor":42.0},{"not_picked":["Capacitor","Genetic Algorithm","MostiFishMod:PushDownKick+1","Barrage","Melter"],"picked":"SKIP","floor":45.0},{"not_picked":["ReplayGash+1","MostiFishMod:TalkingToTheRain","Stack","Leap"],"picked":"Gash","floor":47}],"player_experience":100578,"relics_obtained":[{"floor":1.0,"key":"SynthV:TestCard"},{"floor":6.0,"key":"Pondfish Scales"},{"floor":9.0,"key":"Bag of Preparation"},{"floor":10.0,"key":"Ornamental Fan"},{"floor":14.0,"key":"Blood Vial"},{"floor":19.0,"key":"ReplayTheSpireMod:Ring of Collecting"},{"floor":23.0,"key":"infinitespire:Lucky Rock"},{"floor":25.0,"key":"Replay:Arrowhead"},{"floor":30.0,"key":"ReplayTheSpireMod:Ninjato"},{"floor":40.0,"key":"hubris:CrystalStatue"},{"floor":42.0,"key":"Smiling Mask"},{"floor":43.0,"key":"infinitespire:Beetle Shell"},{"floor":45.0,"key":"Replay:Baseball"}],"event_choices":[{"damage_healed":0.0,"max_hp_gain":0.0,"max_hp_loss":0.0,"gold_gain":0.0,"event_name":"Upgrade Shrine","player_choice":"Upgraded","floor":20.0,"gold_loss":0.0,"damage_taken":0.0,"cards_upgraded":["Zap"]},{"damage_healed":0.0,"max_hp_gain":0.0,"max_hp_loss":4.0,"gold_gain":0.0,"event_name":"Winding Halls","player_choice":"Max HP","floor":39.0,"gold_loss":0.0,"damage_taken":0.0},{"damage_healed":0,"gold_gain":0,"player_choice":"Paid","damage_taken":0,"relics_obtained":["Red Mask"],"max_hp_gain":0,"max_hp_loss":0,"event_name":"Tomb of Lord Red Mask","floor":48,"gold_loss":73}],"is_beta":false,"boss_relics":[{"not_picked":["Ectoplasm","hubris:Backtick"],"picked":"PatriotShield"},{"not_picked":["HereWithMe","Painkiller Herb"],"picked":"Runic Dome"}],"items_purged_floors":[3,24,44],"is_endless":false,"potions_floor_spawned":[2,4,6,10,13,21,23,25,31,35,40,45],"ascension_level":4}}