{"host":"6r341r9cz00j2qc1","time":1609260355,"event":{"mods":["BaseMod","Better Third Choice","Downfall","GungeonMod","Hermit","Lobotomy","LobotomyExtend","Minty Spire (QoL Compilation)","Shop Mod","StSLib"],"gold_per_floor":[118,293,293,258,258,258,32,32,32,61,13,75,108,180,180,278,278,291,303,303,318,417,443,443,443,512,512,512,530,548,565,565,666,666,682,692,692,702,716,716,730,730,812,114,114,114,114,132,132,132],"floor_reached":51,"playtime":5042,"items_purged":[],"score":1696,"play_id":"b5a69635-46e9-4d2f-a73e-d3d3808f49df","local_time":"20201229174555","is_ascension_mode":false,"campfire_choices":[{"floor":6.0,"key":"REST"},{"data":"hermit:Determination","floor":8.0,"key":"SMITH"},{"floor":15.0,"key":"REST"},{"floor":25.0,"key":"REST"},{"floor":28.0,"key":"REST"},{"data":"hermit:FinalCanter","floor":32.0,"key":"SMITH"},{"data":"hermit:Magnum","floor":40.0,"key":"SMITH"},{"floor":42.0,"key":"REST"},{"data":"hermit:ShadowCloak","floor":49.0,"key":"SMITH"}],"circlet_count":0,"master_deck":["BigBird","LongBird","Woodsman","hermit:Strike_Hermit","hermit:Strike_Hermit","hermit:Strike_Hermit","hermit:Strike_Hermit","hermit:Defend_Hermit","hermit:Defend_Hermit","hermit:Defend_Hermit","hermit:Defend_Hermit","hermit:Snapshot","hermit:Covet","OldLady","hermit:Misfire","Doubt","Apotheosis+1","hermit:Determination+1","CherryBlossoms","hermit:Desperado","hermit:SprayPray","OSAHOGD","hermit:Malice","hermit:Glare","hermit:FinalCanter+1","hermit:Manifest+1","BigBadWolf","hermit:Misfire","hermit:Desperado","Bloodbath","hermit:HoleUp","hermit:Roulette+1","CENSORED","hermit:ShadowCloak+1","WhitesApple","hermit:Feint","hermit:Glare","Parasite","Rudolta","hermit:Magnum+1","hermit:HoleUp+1","hermit:HoleUp+1","MeltingLove","BodiesMountain","Parasite","Parasite","Wellcheers","FieryBird","Parasite","Variant","Pain","Bandage Up","Funeral","DespairKnight","hermit:SprayPray+1","Parasite","Parasite","Parasite","Parasite"],"relics":["hermit:ClaspedLocket","CogitoBucket","LetterFromLob","DemoMod:ClearGuonStone","Lantern","Shuriken","Nunchaku","DemoMod:GreenGuonStone","DemoMod:PoisonVial","The Courier","Thread and Needle","DemoMod:ChaffGrenade","CultistMask","TreeSap","hermit:ClaspedLocket","CogitoBucket","LetterFromLob","DemoMod:ClearGuonStone","Lantern","Shuriken","Nunchaku","DemoMod:GreenGuonStone","DemoMod:PoisonVial","The Courier","Thread and Needle","DemoMod:ChaffGrenade","CultistMask","TreeSap","Logging_r","Justitia_r","AtMidnight","Meat on the Bone","Juzu Bracelet","Potion Belt","Du-Vu Doll","DemoMod:MeltedRock","WarpedTongs","Lamp_r"],"acts_visited":["Exordium","TheCity","TheBeyond"],"potions_floor_usage":[50,50,50,50,50],"damage_taken":[{"damage":1.0,"enemies":"Jaw Worm","floor":1.0,"turns":3.0},{"damage":7.0,"enemies":"Lagavulin","floor":10.0,"turns":5.0},{"damage":19.0,"enemies":"Gremlin Nob","floor":12.0,"turns":4.0},{"damage":19.0,"enemies":"Gremlin Nob","floor":13.0,"turns":4.0},{"damage":0.0,"enemies":"Slime Boss","floor":16.0,"turns":7.0},{"damage":18.0,"enemies":"2 Thieves","floor":18.0,"turns":4.0},{"damage":6.0,"enemies":"Shell Parasite","floor":19.0,"turns":4.0},{"damage":8.0,"enemies":"3 Cultists","floor":21.0,"turns":4.0},{"damage":42.0,"enemies":"Slavers","floor":23.0,"turns":5.0},{"damage":14.0,"enemies":"Snake Plant","floor":29.0,"turns":4.0},{"damage":68.0,"enemies":"Centurion and Healer","floor":30.0,"turns":8.0},{"damage":4.0,"enemies":"Sentry and Sphere","floor":31.0,"turns":5.0},{"damage":37.0,"enemies":"Collector","floor":33.0,"turns":10.0},{"damage":43.0,"enemies":"3 Darklings","floor":35.0,"turns":5.0},{"damage":31.0,"enemies":"Orb Walker","floor":36.0,"turns":6.0},{"damage":111.0,"enemies":"Jaw Worm Horde","floor":38.0,"turns":8.0},{"damage":5.0,"enemies":"Writhing Mass","floor":39.0,"turns":6.0},{"damage":37.0,"enemies":"Sphere and 2 Shapes","floor":41.0,"turns":5.0},{"damage":12.0,"enemies":"Jaw Worm Horde","floor":48.0,"turns":8.0},{"damage":295,"enemies":"Awakened One","floor":50,"turns":19},{"damage":98,"enemies":"Malkuth","floor":51,"turns":10},{"damage":138,"enemies":"Hod","floor":51,"turns":10}],"seed_played":"-1520493949419910602","potions_obtained":[{"floor":1.0,"key":"sneckomod:MuddlingPotion"},{"floor":16.0,"key":"Guardian:BlockOnCardUsePotion"},{"floor":23.0,"key":"PowerPotion"},{"floor":29.0,"key":"DemoMod:LeadSkinPotion"},{"floor":30.0,"key":"champ:CounterPotion"},{"floor":48.0,"key":"LiquidMemories"}],"is_trial":false,"path_per_floor":["M","?","?","?","?","R","$","R","T","E","$","?","E","T","R","B",null,"M","M","?","M","?","E","M","R","T","?","R","M","M","M","R","B",null,"M","M","?","M","M","R","M","R","T","$","?","?","?","M","R","B",null],"character_chosen":"HERMIT","items_purchased":["Lantern","hermit:Determination","hermit:SprayPray","Juzu Bracelet","Potion Belt","Du-Vu Doll","DemoMod:MeltedRock"],"campfire_rested":5,"item_purchase_floors":[7,7,11,44,44,44,44],"current_hp_per_floor":[74,74,32,50,50,72,72,72,72,65,65,52,39,39,61,61,75,57,57,57,49,49,20,20,42,42,42,64,62,63,67,67,62,75,75,67,67,69,75,75,72,75,75,75,75,75,75,75,75,75],"gold":132,"neow_bonus":"","is_daily":false,"chose_seed":false,"campfire_upgraded":4,"win_rate":0.0,"timestamp":1609260355,"path_taken":["M","?","?","?","?","R","$","R","T","E","$","?","E","?","R","BOSS","M","M","?","M","?","E","M","R","T","?","R","M","?","M","R","BOSS","M","?","?","?","M","R","M","R","T","$","?","?","?","M","R","BOSS"],"items_purchased_type":["Card","Card","Card","Relic","Relic","Relic","Relic"],"build_version":"2020-12-22","purchased_purges":0,"victory":true,"max_hp_per_floor":[75,75,75,75,75,75,75,75,75,75,75,75,75,75,75,75,75,75,75,75,75,75,75,75,75,75,75,75,75,75,75,75,75,75,75,75,75,75,75,75,75,75,75,75,75,75,75,75,75,75],"card_choices":[{"not_picked":["LongBird","CherryBlossoms"],"picked":"OldLady","floor":1.0},{"not_picked":["hermit:GoldenBullet","hermit:Ricochet"],"picked":"hermit:Misfire","floor":1.0},{"not_picked":["VoidDream","MHz"],"picked":"CherryBlossoms","floor":10.0},{"not_picked":["hermit:LuckOfTheDraw","hermit:Feint"],"picked":"hermit:Desperado","floor":10.0},{"not_picked":["ShyLook","UniverseFragment"],"picked":"OSAHOGD","floor":12.0},{"not_picked":["hermit:Dissolve","hermit:Misfire"],"picked":"hermit:Malice","floor":12.0},{"not_picked":["PunishingBird","UniverseFragment","Murderer"],"picked":"Singing Bowl","floor":13.0},{"not_picked":["hermit:Coalescence","hermit:TakeCover"],"picked":"hermit:Glare","floor":13.0},{"not_picked":["WhiteNight","CrumblingArmor","SnowQueen"],"picked":"Singing Bowl","floor":16.0},{"not_picked":["hermit:Magnum","hermit:BlackWind"],"picked":"hermit:FinalCanter","floor":16.0},{"not_picked":["UniverseFragment","SpiderBud","NothingThere"],"picked":"Singing Bowl","floor":18.0},{"not_picked":["hermit:Coalescence","hermit:TrackingShot"],"picked":"hermit:Manifest+1","floor":18.0},{"not_picked":["LaLuna","WallGazer"],"picked":"BigBadWolf","floor":19.0},{"not_picked":["hermit:LoneWolf","hermit:HoleUp"],"picked":"hermit:Misfire","floor":19.0},{"not_picked":["CrumblingArmor","Alriune","RedShoes"],"picked":"Singing Bowl","floor":21.0},{"not_picked":["SpiderBud","Porccubus"],"picked":"Bloodbath","floor":21.0},{"not_picked":["hermit:TrackingShot+1","hermit:Snipe+1"],"picked":"hermit:HoleUp","floor":21.0},{"not_picked":["Laetitia","NakedNest","DreamingCurrent"],"picked":"Singing Bowl","floor":23.0},{"not_picked":["Funeral","Rudolta"],"picked":"Woodsman","floor":23.0},{"not_picked":["hermit:Vantage","hermit:Purgatory"],"picked":"hermit:Roulette+1","floor":23.0},{"not_picked":["Yin","Freischutz"],"picked":"CENSORED","floor":29.0},{"not_picked":["hermit:ItchyTrigger","hermit:Snipe"],"picked":"hermit:ShadowCloak","floor":29.0},{"not_picked":["DreamingCurrent","Laetitia"],"picked":"WhitesApple","floor":30.0},{"not_picked":["hermit:Snipe","hermit:Roulette"],"picked":"hermit:Feint","floor":30.0},{"not_picked":["WallGazer","MHz","VoidDream"],"picked":"Singing Bowl","floor":31.0},{"not_picked":["SpiderBud","PunishingBird"],"picked":"Woodsman","floor":31.0},{"not_picked":["hermit:EyeOfTheStorm","hermit:TakeCover"],"picked":"hermit:Glare","floor":31.0},{"not_picked":["NakedNest","GalaxyChild"],"picked":"Rudolta","floor":33.0},{"not_picked":["hermit:HighNoon","hermit:Reprieve"],"picked":"hermit:Magnum","floor":33.0},{"not_picked":["Porccubus","MHz"],"picked":"LongBird","floor":35.0},{"not_picked":["hermit:BodyArmor","hermit:Headshot+1"],"picked":"hermit:HoleUp+1","floor":35.0},{"not_picked":["BeautyBeast","Laetitia"],"picked":"BigBird","floor":36.0},{"not_picked":["hermit:Quickdraw","hermit:Ricochet"],"picked":"hermit:HoleUp+1","floor":36.0},{"not_picked":["DreamingCurrent","DespairKnight"],"picked":"MeltingLove","floor":38.0},{"not_picked":["NakedNest","LittleHelper","FairyFestival"],"picked":"Singing Bowl","floor":38.0},{"not_picked":["QueenOfHatred","SpiderBud"],"picked":"BodiesMountain","floor":38.0},{"not_picked":["hermit:GoldenBullet+1","hermit:WideOpen","hermit:Coalescence"],"picked":"SKIP","floor":38.0},{"not_picked":["LittlePrince","GalaxyChild"],"picked":"Wellcheers","floor":39.0},{"not_picked":["Murderer","ShyLook"],"picked":"FieryBird","floor":39.0},{"not_picked":["hermit:Snipe+1","hermit:ItchyTrigger","hermit:Ricochet"],"picked":"SKIP","floor":39.0},{"not_picked":["Alriune","WhiteNight","HappyTeddy"],"picked":"Singing Bowl","floor":41.0},{"not_picked":["ShyLook","FairyFestival"],"picked":"Variant","floor":41.0},{"not_picked":["hermit:LowProfile","hermit:Roughhouse","hermit:Combo"],"picked":"SKIP","floor":41.0},{"not_picked":["expansioncontent:Collect","PanicButton"],"picked":"Bandage Up","floor":46.0},{"not_picked":["LittlePrince","DreamingCurrent"],"picked":"Funeral","floor":48.0},{"not_picked":["BlueStar","Freischutz"],"picked":"DespairKnight","floor":48.0},{"not_picked":["hermit:NoHoldsBarred+1","hermit:ItchyTrigger"],"picked":"hermit:SprayPray+1","floor":48.0}],"player_experience":431805,"relics_obtained":[{"floor":1.0,"key":"LetterFromLob"},{"floor":9.0,"key":"Shuriken"},{"floor":10.0,"key":"Nunchaku"},{"floor":13.0,"key":"DemoMod:PoisonVial"},{"floor":14.0,"key":"The Courier"},{"floor":23.0,"key":"Thread and Needle"},{"floor":26.0,"key":"DemoMod:ChaffGrenade"},{"floor":38.0,"key":"AtMidnight"},{"floor":43.0,"key":"Meat on the Bone"}],"event_choices":[{"damage_healed":0.0,"max_hp_gain":0.0,"max_hp_loss":0.0,"gold_gain":175.0,"event_name":"betterThird:BetterSerpent","player_choice":"AGREE","floor":2.0,"gold_loss":0.0,"damage_taken":118.0},{"damage_healed":0.0,"max_hp_gain":0.0,"max_hp_loss":0.0,"gold_gain":0.0,"event_name":"betterThird:BetterScrap","player_choice":"Relic ","floor":3.0,"gold_loss":0.0,"damage_taken":42.0,"cards_obtained":["Reaper"]},{"damage_healed":18.0,"max_hp_gain":0.0,"max_hp_loss":0.0,"gold_gain":0.0,"event_name":"The Cleric","player_choice":"Healed","floor":4.0,"gold_loss":35.0,"damage_taken":0.0},{"damage_healed":50.0,"max_hp_gain":0.0,"max_hp_loss":75.0,"gold_gain":0.0,"event_name":"betterThird:BetterShining","player_choice":"Embrace","floor":5.0,"gold_loss":0.0,"damage_taken":0.0},{"damage_healed":0.0,"max_hp_gain":0.0,"max_hp_loss":0.0,"gold_gain":30.0,"event_name":"Dead Adventurer","player_choice":"Searched \u00273\u0027 times","floor":12.0,"gold_loss":0.0,"damage_taken":0.0,"relics_obtained":["DemoMod:GreenGuonStone"]},{"damage_healed":0.0,"max_hp_gain":0.0,"max_hp_loss":0.0,"gold_gain":0.0,"event_name":"The Library","player_choice":"Read","floor":20.0,"gold_loss":0.0,"damage_taken":0.0,"cards_obtained":["hermit:Desperado"]},{"damage_healed":0.0,"max_hp_gain":0.0,"max_hp_loss":0.0,"gold_gain":99.0,"event_name":"betterThird:BetterNest","player_choice":"Steal","floor":22.0,"gold_loss":0.0,"damage_taken":0.0},{"damage_healed":0.0,"max_hp_gain":0.0,"max_hp_loss":0.0,"gold_gain":0.0,"event_name":"FaceTrader","player_choice":"Trade","floor":27.0,"gold_loss":0.0,"damage_taken":0.0,"relics_obtained":["CultistMask"]},{"damage_healed":0.0,"max_hp_gain":0.0,"max_hp_loss":0.0,"gold_gain":0.0,"event_name":"betterThird:BetterPortal","player_choice":"Random: Yellow","floor":37.0,"gold_loss":0.0,"damage_taken":0.0},{"damage_healed":0.0,"max_hp_gain":0.0,"max_hp_loss":0.0,"gold_gain":0.0,"event_name":"NoteForYourself","player_choice":"Ignored","floor":37.0,"gold_loss":0.0,"damage_taken":0.0},{"damage_healed":0.0,"max_hp_gain":0.0,"max_hp_loss":0.0,"gold_gain":0.0,"event_name":"Accursed Blacksmith","player_choice":"Rummage","floor":45.0,"gold_loss":0.0,"damage_taken":0.0,"relics_obtained":["WarpedTongs"],"cards_obtained":["Pain"]},{"damage_healed":0.0,"max_hp_gain":0.0,"max_hp_loss":0.0,"gold_gain":0.0,"event_name":"SensoryStone","player_choice":"Memory 1","floor":46.0,"gold_loss":0.0,"damage_taken":0.0}],"is_beta":false,"boss_relics":[{"not_picked":["SlaversCollar","Cursed Key"],"picked":"hermit:ClaspedLocket"},{"not_picked":["Philosopher\u0027s Stone","Velvet Choker","Busted Crown"]}],"items_purged_floors":[],"is_endless":false,"potions_floor_spawned":[1,16,23,29,30,48],"ascension_level":0}}