{"host":"cbnfbo28eyz4xcn1","time":1609272837,"event":{"mods":["BaseMod","Colored Map","Colored Powertips","Infinite Spire","Minty Spire (QoL Compilation)","Replay The Spire","StSLib"],"gold_per_floor":[359,534,487,169,169,169,169,169,196,196,231,231,250,66,66,164,164,184,99,99,116,116,116,133,160,160,160,174,174,174,174,174,279,279,307,3,16,33,51,89,89,89,116,116,116,116,43,64,64,64],"floor_reached":51,"playtime":2481,"items_purged":["Doubt"],"score":1436,"play_id":"04987547-356f-4e63-a219-4031996372d6","local_time":"20201229211357","is_ascension_mode":true,"campfire_choices":[{"data":"Infinite Blades","floor":6.0,"key":"SMITH"},{"floor":7.0,"key":"REST"},{"data":"Blade Dance","floor":8.0,"key":"SMITH"},{"data":"Neutralize","floor":10.0,"key":"SMITH"},{"floor":12.0,"key":"REST"},{"floor":15.0,"key":"REST"},{"floor":23.0,"key":"REST"},{"floor":30.0,"key":"REST"},{"floor":32.0,"key":"REST"},{"floor":41.0,"key":"REST"},{"floor":44.0,"key":"RECALL"},{"floor":46.0,"key":"REST"},{"floor":49,"key":"REST"}],"circlet_count":0,"master_deck":["AscendersBane","Strike_G","Strike_G","Strike_G","Strike_G","Strike_G","Defend_G","Defend_G","Defend_G","Defend_G","Survivor","Neutralize+1","Infinite Blades+1","Blade Dance+1","Slice","PiercingWail","Cloak And Dagger+1","After Image","Footwork","Hidden Blade+1","Slice+1","Poisoned Stab","infinitespire:Punishment","infinitespire:Starlight","Phantasmal Killer","Backflip","Footwork+1","Slice","Prepared+1","PiercingWail+1","Deflect+1","Fluid Movement+1","Slice+1"],"relics":["Ring of the Snake","Tiny Chest","WingedGreaves","infinitespire:Lucky Rock","Oddly Smooth Stone","Regal Pillow","Fusion Hammer","Snake Skull","Replay:Bottled Flurry","Lantern","SlaversCollar","infinitespire:EvilPickle","Vajra","Blue Candle","Centennial Puzzle","Bottled Tornado"],"acts_visited":["Exordium","TheCity","TheBeyond"],"potions_floor_usage":[50,50],"damage_taken":[{"damage":0.0,"enemies":"Small Slimes","floor":1.0,"turns":3.0},{"damage":40.0,"enemies":"3 Sentries","floor":11.0,"turns":6.0},{"damage":0.0,"enemies":"Jaw Worm","floor":13.0,"turns":3.0},{"damage":35.0,"enemies":"Slime Boss","floor":16.0,"turns":13.0},{"damage":22.0,"enemies":"2 Thieves","floor":18.0,"turns":4.0},{"damage":10.0,"enemies":"Shell Parasite","floor":21.0,"turns":6.0},{"damage":32.0,"enemies":"Cultist and Chosen","floor":24.0,"turns":9.0},{"damage":20.0,"enemies":"Book of Stabbing","floor":25.0,"turns":7.0},{"damage":0.0,"enemies":"3 Cultists","floor":28.0,"turns":6.0},{"damage":44.0,"enemies":"Pondfish","floor":33.0,"turns":9.0},{"damage":6.0,"enemies":"3 Shapes","floor":35.0,"turns":5.0},{"damage":10.0,"enemies":"3 Darklings","floor":37.0,"turns":2.0},{"damage":22.0,"enemies":"Jaw Worm Horde","floor":38.0,"turns":4.0},{"damage":8.0,"enemies":"Maw","floor":39.0,"turns":6.0},{"damage":12.0,"enemies":"R_Hoarder","floor":40.0,"turns":8.0},{"damage":4,"enemies":"4 Shapes","floor":48,"turns":5},{"damage":73,"enemies":"infinitespire:MassOfShapes","floor":50,"turns":15}],"seed_played":"-5575787432058518661","potions_obtained":[{"floor":11.0,"key":"Swift Potion"},{"floor":13.0,"key":"Swift Potion"},{"floor":21.0,"key":"BlessingOfTheForge"},{"floor":24.0,"key":"Swift Potion"},{"floor":25.0,"key":"Adrenaline Potion"},{"floor":28.0,"key":"LiquidBronze"},{"floor":37.0,"key":"Strength Potion"},{"floor":39.0,"key":"LiquidMemories"},{"floor":40.0,"key":"LiquidBronze"}],"is_trial":false,"path_per_floor":["M","?","?","$","T","R","R","R","T","R","E","R","M","$","R","B",null,"M","?","?","M","T","R","M","E","T","?","M","AVR","R","?","R","B",null,"M","$","M","M","M","E","R","?","T","R","T","R","$","M","R","B",null],"character_chosen":"THE_SILENT","items_purchased":["Tiny Chest","Blade Dance","Slice","Regal Pillow","Cloak And Dagger+1","Footwork+1","Vajra","Slice","SteroidPotion","CunningPotion"],"campfire_rested":9,"item_purchase_floors":[4,4,4,14,14,36,36,36,36,47],"current_hp_per_floor":[45,45,45,45,45,45,66,66,66,66,26,47,47,47,70,35,61,39,39,39,29,29,65,33,13,13,13,13,13,49,36,73,39,66,70,70,60,48,50,48,75,75,75,75,75,75,75,75,75,12],"gold":64,"neow_bonus":"TWO_FIFTY_GOLD","is_daily":false,"chose_seed":false,"campfire_upgraded":3,"win_rate":0.0,"timestamp":1609272837,"path_taken":["M","?","?","$","?","R","R","R","T","R","E","R","M","$","R","BOSS","M","?","?","M","?","R","M","E","T","?","M","AVR","R","?","R","BOSS","M","$","M","M","M","E","R","?","T","R","?","R","$","M","R","BOSS"],"items_purchased_type":["Relic","Card","Card","Relic","Card","Card","Relic","Card","Potion","Potion"],"build_version":"2020-12-22","purchased_purges":1,"victory":true,"max_hp_per_floor":[70,70,70,70,70,70,70,70,70,70,70,70,70,70,70,70,70,70,70,70,70,70,70,70,70,70,70,70,70,70,75,75,75,75,75,75,75,75,75,75,75,75,75,75,75,75,75,75,75,75],"card_choices":[{"not_picked":["Terror","ReplayTheSpireMod:Speed Training"],"picked":"Infinite Blades","floor":1.0},{"not_picked":["Dagger Throw","Deadly Poison"],"picked":"PiercingWail","floor":11.0},{"not_picked":["Bane","Riddle With Holes","Masterful Stab"],"picked":"SKIP","floor":13.0},{"not_picked":["Adrenaline","Atom Bomb"],"picked":"After Image","floor":16.0},{"not_picked":["Poisoned Stab","Acrobatics"],"picked":"Footwork","floor":18.0},{"not_picked":["Flying Knee+1","Deadly Poison+1"],"picked":"Hidden Blade+1","floor":21.0},{"not_picked":["Bane","Underhanded Strike"],"picked":"Slice+1","floor":24.0},{"not_picked":["Sucker Punch","Prepared","infinitespire:Neurotoxin"],"picked":"SKIP","floor":25.0},{"not_picked":["ReplayTheSpireMod:Shiv Toss","Prepared"],"picked":"Poisoned Stab","floor":28.0},{"not_picked":["A Thousand Cuts","infinitespire:Neurotoxin"],"picked":"Phantasmal Killer","floor":33.0},{"not_picked":["Flechettes","PiercingWail"],"picked":"Backflip","floor":35.0},{"not_picked":["Setup","Reflex"],"picked":"Prepared+1","floor":37.0},{"not_picked":["Escape Plan","Prepared"],"picked":"PiercingWail+1","floor":38.0},{"not_picked":["Blade Dance+1","Acrobatics"],"picked":"Deflect+1","floor":39.0},{"not_picked":["Doppelganger","ReplayTheSpireMod:The Works"],"picked":"Fluid Movement+1","floor":40.0},{"not_picked":["Flechettes","Deadly Poison+1"],"picked":"Slice+1","floor":48}],"player_experience":474689,"relics_obtained":[{"floor":5.0,"key":"WingedGreaves"},{"floor":9.0,"key":"infinitespire:Lucky Rock"},{"floor":11.0,"key":"Oddly Smooth Stone"},{"floor":22.0,"key":"Replay:Bottled Flurry"},{"floor":25.0,"key":"Lantern"},{"floor":40.0,"key":"Blue Candle"},{"floor":43.0,"key":"Centennial Puzzle"},{"floor":45.0,"key":"Bottled Tornado"}],"event_choices":[{"damage_healed":0.0,"max_hp_gain":0.0,"max_hp_loss":0.0,"gold_gain":175.0,"event_name":"Liars Game","player_choice":"AGREE","floor":2.0,"gold_loss":0.0,"damage_taken":0.0,"cards_obtained":["Doubt"]},{"damage_healed":0.0,"max_hp_gain":0.0,"max_hp_loss":0.0,"gold_gain":0.0,"event_name":"World of Goop","player_choice":"Left Gold","floor":3.0,"gold_loss":47.0,"damage_taken":0.0},{"damage_healed":0.0,"max_hp_gain":0.0,"max_hp_loss":0.0,"gold_gain":0.0,"event_name":"Addict","player_choice":"Obtained Relic","floor":19.0,"gold_loss":85.0,"damage_taken":0.0,"relics_obtained":["Snake Skull"]},{"damage_healed":0.0,"max_hp_gain":0.0,"max_hp_loss":0.0,"gold_gain":0.0,"event_name":"Vampires","player_choice":"Ignored","floor":27.0,"gold_loss":0.0,"damage_taken":0.0},{"damage_healed":0.0,"max_hp_gain":5.0,"max_hp_loss":0.0,"gold_gain":0.0,"event_name":"Forgotten Altar","player_choice":"Shed Blood","floor":31.0,"gold_loss":0.0,"damage_taken":18.0},{"cards_removed":["Defend_G"],"damage_healed":0.0,"max_hp_gain":0.0,"max_hp_loss":0.0,"gold_gain":0.0,"event_name":"Falling","player_choice":"Removed Skill","floor":42.0,"gold_loss":0.0,"damage_taken":0.0}],"is_beta":false,"boss_relics":[{"not_picked":["Pandora\u0027s Box","Runic Dome"],"picked":"Fusion Hammer"},{"not_picked":["Black Star","Snecko Eye"],"picked":"SlaversCollar"}],"items_purged_floors":[4],"is_endless":false,"potions_floor_spawned":[11,13,21,24,25,28,37,39,40],"ascension_level":11}}