{"host":"grli52lbdph2722t","time":1609218487,"event":{"mods":["AchievementEnabler","BaseMod","Downfall","Minty Spire (QoL Compilation)","Quick Restart","StSLib"],"gold_per_floor":[99,199,199,199,199,231,231,244,344,344,344,344],"floor_reached":10,"playtime":291,"items_purged":[],"score":131,"play_id":"36687bc8-966c-4cfe-b000-079abcd51907","local_time":"20201229060807","is_ascension_mode":true,"campfire_choices":[{"data":"champ:Taunt","floor":1,"key":"SMITH"}],"circlet_count":0,"master_deck":["AscendersBane","champ:Strike","champ:Strike","champ:Strike","champ:Strike","champ:Defend","champ:Defend","champ:Defend","champ:Defend","champ:Execute","champ:Taunt+1","champ:SwordSigil","champ:FanOfKnives","champ:CrookedStrike","champ:EnragedBash","champ:StanceDance"],"relics":["champ:ChampionCrown","downfall:HeartsMalice","downfall:ShatteredFragment","Bag of Marbles","Nunchaku","WristBlade"],"acts_visited":["Exordium"],"potions_floor_usage":[9,10],"damage_taken":[{"damage":0,"enemies":"Cultist","floor":3,"turns":1},{"damage":0,"enemies":"Jaw Worm","floor":4,"turns":1},{"damage":0,"enemies":"Lagavulin","floor":6,"turns":1},{"damage":4,"enemies":"Small Slimes","floor":8,"turns":4},{"damage":59,"enemies":"Small Slimes","floor":9,"turns":5},{"damage":15,"enemies":"3 Sentries","floor":10,"turns":2}],"seed_played":"-285351329637714946","potions_obtained":[{"floor":6,"key":"Block Potion"},{"floor":9,"key":"champ:UltimateStancePotion"}],"is_trial":false,"path_per_floor":["R","?","M","M","?","E","T","M","?","E"],"character_chosen":"THE_CHAMP","items_purchased":[],"campfire_rested":0,"item_purchase_floors":[],"current_hp_per_floor":[81,81,81,81,54,54,54,50,4,0,0,0],"gold":344,"neow_bonus":"THREE_ENEMY_KILL","is_daily":false,"chose_seed":false,"campfire_upgraded":1,"win_rate":0.0,"timestamp":1609218487,"path_taken":["R","?","M","M","?","E","T","M","?","E"],"items_purchased_type":[],"build_version":"2020-12-22","purchased_purges":0,"victory":false,"max_hp_per_floor":[90,90,90,90,90,90,90,90,90,90,90,90],"card_choices":[{"not_picked":["champ:FalseCounter","champ:DefensiveShout"],"picked":"champ:SwordSigil","floor":3},{"not_picked":["champ:CrookedStrike","champ:PerfectedStrike"],"picked":"champ:FanOfKnives","floor":4},{"not_picked":["champ:PerfectedStrike","champ:FightOn"],"picked":"champ:CrookedStrike","floor":6},{"not_picked":["champ:Circumvent","champ:RageSigil"],"picked":"champ:EnragedBash","floor":8},{"not_picked":["champ:EnGarde","champ:TornadoPunch"],"picked":"champ:StanceDance","floor":9}],"player_experience":4921467,"relics_obtained":[{"floor":6,"key":"Bag of Marbles"},{"floor":7,"key":"Nunchaku"},{"floor":9,"key":"WristBlade"}],"event_choices":[],"is_beta":false,"boss_relics":[],"items_purged_floors":[],"is_endless":false,"potions_floor_spawned":[6,9],"killed_by":"3 Sentries","ascension_level":10}}