{"host":"xy5qih4nvxccm4rc","time":1609277991,"event":{"mods":["AchievementEnabler","BaseMod","Minty Spire (QoL Compilation)","StSLib"],"gold_per_floor":[362,382,27,41,1,34,48,48,48,103,115,190,190,190,190],"floor_reached":14,"playtime":512,"items_purged":[],"score":99,"play_id":"f85c2784-b20d-40e5-9849-d450f37cb51e","local_time":"20201229153951","is_ascension_mode":true,"campfire_choices":[{"data":"Crippling Poison","floor":8,"key":"SMITH"},{"data":"A Thousand Cuts","floor":13,"key":"SMITH"}],"circlet_count":0,"master_deck":["Strike_G","Strike_G","Strike_G","Strike_G","Strike_G","Defend_G","Defend_G","Defend_G","Defend_G","Defend_G","Survivor","Neutralize","Infinite Blades","Sucker Punch","Cloak And Dagger","A Thousand Cuts+1","Dash","Backstab","Crippling Poison+1","Blade Dance","Acrobatics"],"relics":["Ring of the Snake","Question Card","Kunai","Prayer Wheel"],"acts_visited":["Exordium"],"potions_floor_usage":[6,14,14],"damage_taken":[{"damage":0,"enemies":"Jaw Worm","floor":1,"turns":5},{"damage":0,"enemies":"2 Louse","floor":2,"turns":3},{"damage":0,"enemies":"Small Slimes","floor":4,"turns":3},{"damage":25,"enemies":"Lagavulin","floor":6,"turns":7},{"damage":3,"enemies":"Blue Slaver","floor":7,"turns":3},{"damage":5,"enemies":"Exordium Wildlife","floor":11,"turns":3},{"damage":6,"enemies":"Gremlin Nob","floor":14,"turns":2}],"seed_played":"8250258679298588368","potions_obtained":[{"floor":2,"key":"Energy Potion"},{"floor":6,"key":"PowerPotion"}],"is_trial":false,"path_per_floor":["M","M","$","M","$","E","M","R","T","?","M","?","R","E"],"character_chosen":"THE_SILENT","items_purchased":["Question Card","Cloak And Dagger","PowerPotion","Dash"],"campfire_rested":0,"item_purchase_floors":[3,3,3,5],"current_hp_per_floor":[49,49,49,49,49,24,21,21,21,21,16,5,5,0,0],"gold":190,"neow_bonus":"TWO_FIFTY_GOLD","is_daily":false,"chose_seed":false,"campfire_upgraded":2,"win_rate":0.0,"timestamp":1609277991,"path_taken":["M","M","$","M","$","E","M","R","T","?","M","?","R","E"],"items_purchased_type":["Relic","Card","Potion","Card"],"build_version":"2020-12-22","purchased_purges":0,"victory":false,"max_hp_per_floor":[70,70,70,70,70,70,70,70,70,70,70,70,70,70,70],"card_choices":[{"not_picked":["Cloak And Dagger","Outmaneuver"],"picked":"Infinite Blades","floor":1},{"not_picked":["PiercingWail","Outmaneuver"],"picked":"Sucker Punch","floor":2},{"not_picked":["Deadly Poison","Infinite Blades","Finisher"],"picked":"A Thousand Cuts","floor":4},{"not_picked":["Outmaneuver","Eviscerate","Quick Slash"],"picked":"Backstab","floor":6},{"not_picked":["Predator","Distraction","Slice"],"picked":"Crippling Poison","floor":7},{"not_picked":["Dagger Spray","All Out Attack","Acrobatics"],"picked":"Blade Dance","floor":11},{"not_picked":["Quick Slash","Reflex","Blur"],"picked":"Acrobatics","floor":11}],"player_experience":315597,"relics_obtained":[{"floor":6,"key":"Kunai"},{"floor":9,"key":"Prayer Wheel"}],"event_choices":[{"damage_healed":0,"gold_gain":55,"player_choice":"Gained Gold","damage_taken":0,"max_hp_gain":0,"max_hp_loss":0,"event_name":"Golden Wing","floor":10,"gold_loss":0},{"damage_healed":0,"gold_gain":75,"player_choice":"Gather Gold","damage_taken":11,"max_hp_gain":0,"max_hp_loss":0,"event_name":"World of Goop","floor":12,"gold_loss":0}],"is_beta":false,"boss_relics":[],"items_purged_floors":[],"is_endless":false,"potions_floor_spawned":[2,6],"killed_by":"Gremlin Nob","ascension_level":2}}