{"host":"uflv0e3ja7hvnij7","time":1609205148,"event":{"mods":["BaseMod","Better Altar","Better Match","Better Note","Better Sensory Stone","Better Skull","Better Third Choice","Minty Spire (QoL Compilation)","Permanent Neow","StSLib"],"gold_per_floor":[118,193,205,75,90,90,118,43,119,136,136,236,250,150,150,254,254,268,72,32,0,18,18,18],"floor_reached":23,"playtime":1177,"items_purged":["Strike_R","Strike_R","Searing Blow+1"],"score":236,"play_id":"c0bf460d-ddb5-418f-86a6-5a3c61b7a7b2","local_time":"20201228202548","is_ascension_mode":true,"campfire_choices":[{"data":"Twin Strike","floor":6,"key":"SMITH"},{"data":"Searing Blow","floor":11,"key":"SMITH"},{"floor":15,"key":"REST"}],"circlet_count":0,"master_deck":["Strike_R","Strike_R","Strike_R","Defend_R","Defend_R","Defend_R","Defend_R","Bash","Metallicize","Twin Strike+1","Pommel Strike","Body Slam","Twin Strike","Barricade","Metallicize","Shockwave","Dropkick"],"relics":["Black Blood","Potion Belt","StrikeDummy","Paper Frog"],"acts_visited":["Exordium","TheCity"],"potions_floor_usage":[16],"damage_taken":[{"damage":20,"enemies":"Jaw Worm","floor":1,"turns":5},{"damage":0,"enemies":"Small Slimes","floor":3,"turns":3},{"damage":2,"enemies":"Cultist","floor":5,"turns":4},{"damage":29,"enemies":"Lagavulin","floor":7,"turns":6},{"damage":7,"enemies":"Exordium Thugs","floor":10,"turns":3},{"damage":15,"enemies":"Blue Slaver","floor":13,"turns":3},{"damage":53,"enemies":"Hexaghost","floor":16,"turns":8},{"damage":16,"enemies":"Chosen","floor":18,"turns":4},{"damage":23,"enemies":"Shell Parasite","floor":22,"turns":5},{"damage":58,"enemies":"Gremlin Leader","floor":23,"turns":8}],"seed_played":"-185617583060225013","potions_obtained":[{"floor":5,"key":"GamblersBrew"},{"floor":7,"key":"ElixirPotion"},{"floor":13,"key":"HeartOfIron"}],"is_trial":false,"path_per_floor":["M","?","M","?","M","R","E","$","T","M","R","?","M","$","R","B",null,"M","$","$","?","M","E"],"character_chosen":"IRONCLAD","items_purchased":["Metallicize","Shockwave"],"campfire_rested":1,"item_purchase_floors":[19,20],"current_hp_per_floor":[66,55,61,61,65,65,42,42,42,41,41,41,32,32,56,9,62,58,58,58,58,47,0,0],"gold":18,"neow_bonus":"THREE_CARDS","is_daily":false,"chose_seed":false,"campfire_upgraded":2,"win_rate":0.0,"timestamp":1609205148,"path_taken":["M","?","M","?","?","R","E","?","T","M","R","?","M","$","R","BOSS","M","?","$","?","M","E"],"items_purchased_type":["Card","Card"],"build_version":"2020-12-22","purchased_purges":3,"victory":false,"max_hp_per_floor":[80,80,80,80,80,80,80,80,80,80,80,80,80,80,80,80,80,80,80,80,80,80,80,80],"card_choices":[{"not_picked":["Thunderclap","Dual Wield"],"picked":"Metallicize","floor":0},{"not_picked":["Hemokinesis","Sword Boomerang"],"picked":"Twin Strike","floor":1},{"not_picked":["Headbutt","Sword Boomerang"],"picked":"Pommel Strike","floor":3},{"not_picked":["Twin Strike","Spot Weakness"],"picked":"Body Slam","floor":5},{"not_picked":["Twin Strike","Clash"],"picked":"Searing Blow","floor":7},{"not_picked":["Flame Barrier","Bludgeon"],"picked":"Twin Strike","floor":10},{"not_picked":["Wild Strike","Combust","True Grit"],"picked":"SKIP","floor":13},{"not_picked":["Bludgeon","Reaper"],"picked":"Barricade","floor":16},{"not_picked":["Clothesline+1","Warcry","Feel No Pain"],"picked":"SKIP","floor":18},{"not_picked":["True Grit","Warcry"],"picked":"Dropkick","floor":22}],"player_experience":428288,"relics_obtained":[{"floor":7,"key":"StrikeDummy"},{"floor":9,"key":"Paper Frog"}],"event_choices":[{"damage_healed":0,"gold_gain":75,"player_choice":"Gold","damage_taken":11,"max_hp_gain":0,"max_hp_loss":0,"event_name":"betterThird:BetterGoop","floor":2,"gold_loss":0},{"damage_healed":0,"gold_gain":0,"player_choice":"Paid Gold","damage_taken":0,"relics_obtained":["Potion Belt"],"max_hp_gain":0,"max_hp_loss":0,"event_name":"WeMeetAgain","floor":4,"gold_loss":130},{"damage_healed":0,"gold_gain":100,"player_choice":"Pray","damage_taken":0,"max_hp_gain":0,"max_hp_loss":0,"event_name":"Golden Shrine","floor":12,"gold_loss":0},{"damage_healed":0,"gold_gain":0,"player_choice":"Paid Fearfully","damage_taken":0,"max_hp_gain":0,"max_hp_loss":0,"event_name":"Masked Bandits","floor":21,"gold_loss":32}],"is_beta":false,"boss_relics":[{"not_picked":["SlaversCollar","Runic Pyramid"],"picked":"Black Blood"}],"items_purged_floors":[8,14,19],"is_endless":false,"potions_floor_spawned":[5,7,13],"killed_by":"Gremlin Leader","ascension_level":5}}