{"host":"9ylwqx3xq4e4v98b","time":1609276598,"event":{"mods":["AchievementEnabler","BaseMod","Colored Map","DeckTracker","Minty Spire (QoL Compilation)","Permanent Neow","StSLib","SuperFastMode","Td1madao Mod","The Animator"],"gold_per_floor":[113,113,126,126,126,126,0,0,48,48,66,66,80,99,99,202,202,214,232,232,246,258,258,274,274,325,325,325],"floor_reached":27,"playtime":3403,"items_purged":["Decay"],"score":205,"play_id":"5475c7f1-1828-46fd-adcb-1c4a5826e904","local_time":"20201229131638","is_ascension_mode":false,"campfire_choices":[{"data":"Phantasmal Killer","floor":6,"key":"SMITH"},{"data":"Neutralize","floor":8,"key":"SMITH"},{"data":"Poisoned Stab","floor":10,"key":"SMITH"},{"data":"Poisoned Stab","floor":12,"key":"SMITH"},{"data":"Deadly Poison","floor":15,"key":"SMITH"},{"data":"Envenom","floor":23,"key":"SMITH"},{"data":"Deadly Poison","floor":25,"key":"SMITH"}],"circlet_count":0,"master_deck":["Strike_G","Strike_G","Strike_G","Defend_G","Defend_G","Defend_G","Defend_G","Defend_G","Survivor","Neutralize+1","Phantasmal Killer+1","Poisoned Stab+1","Bane","Poisoned Stab+1","Cloak And Dagger","Backstab","Deadly Poison+1","Envenom+1","Sucker Punch","Backstab+1","Cloak And Dagger","Deadly Poison+1"],"relics":["Ring of the Snake"],"acts_visited":["Exordium","TheCity"],"potions_floor_usage":[19,24,24,27],"damage_taken":[{"damage":0,"enemies":"2 Louse","floor":1,"turns":4},{"damage":0,"enemies":"Cultist","floor":3,"turns":3},{"damage":1,"enemies":"Jaw Worm","floor":11,"turns":2},{"damage":0,"enemies":"Exordium Wildlife","floor":13,"turns":3},{"damage":0,"enemies":"Exordium Thugs","floor":14,"turns":3},{"damage":21,"enemies":"The Guardian","floor":16,"turns":9},{"damage":11,"enemies":"3 Byrds","floor":18,"turns":4},{"damage":9,"enemies":"Shell Parasite","floor":19,"turns":5},{"damage":14,"enemies":"Centurion and Healer","floor":21,"turns":7},{"damage":14,"enemies":"3 Cultists","floor":22,"turns":5},{"damage":1,"enemies":"Snecko","floor":24,"turns":3},{"damage":26,"enemies":"Centurion and Healer","floor":27,"turns":9}],"seed_played":"-1843459909458207356","potions_obtained":[{"floor":3,"key":"Dexterity Potion"},{"floor":13,"key":"Explosive Potion"},{"floor":16,"key":"Fire Potion"},{"floor":19,"key":"LiquidMemories"}],"is_trial":false,"path_per_floor":["M","?","M","?","T","R","$","R","T","R","M","R","M","M","R","B",null,"M","M","?","M","M","R","M","R","T","M"],"character_chosen":"THE_SILENT","items_purchased":["Poisoned Stab"],"campfire_rested":0,"item_purchase_floors":[7],"current_hp_per_floor":[70,70,70,70,70,70,70,70,70,70,69,69,69,69,69,48,70,59,50,50,36,22,22,21,21,21,0,0],"gold":325,"neow_bonus":"TRANSFORM_CARD","is_daily":false,"chose_seed":false,"campfire_upgraded":7,"win_rate":0.0,"timestamp":1609276598,"path_taken":["M","?","?","?","?","R","?","R","T","R","M","R","M","?","R","BOSS","M","M","?","?","M","R","M","R","T","M"],"items_purchased_type":["Card"],"build_version":"2020-12-22","purchased_purges":1,"victory":false,"max_hp_per_floor":[70,70,70,70,70,70,70,70,70,70,70,70,70,70,70,70,70,70,70,70,70,70,70,70,70,70,70,70],"card_choices":[{"not_picked":["Backflip","Skewer"],"picked":"Poisoned Stab","floor":1},{"not_picked":["All Out Attack","Skewer"],"picked":"Bane","floor":3},{"not_picked":["Prepared","Backflip"],"picked":"Cloak And Dagger","floor":11},{"not_picked":["PiercingWail","Unload"],"picked":"Backstab","floor":13},{"not_picked":["PiercingWail","Dagger Spray"],"picked":"Deadly Poison","floor":14},{"not_picked":["Bullet Time","Wraith Form v2"],"picked":"Envenom","floor":16},{"not_picked":["Blade Dance","Skewer"],"picked":"Sucker Punch","floor":18},{"not_picked":["Underhanded Strike","Dagger Spray","Quick Slash"],"picked":"SKIP","floor":19},{"not_picked":["Quick Slash+1","Tactician"],"picked":"Backstab+1","floor":21},{"not_picked":["Flying Knee","Terror"],"picked":"Cloak And Dagger","floor":22},{"not_picked":["Acrobatics","Bane+1"],"picked":"Deadly Poison","floor":24}],"player_experience":183692,"relics_obtained":[],"event_choices":[{"damage_healed":0,"gold_gain":0,"player_choice":"Cursed","damage_taken":0,"max_hp_gain":0,"max_hp_loss":0,"event_name":"Wheel of Change","floor":2,"gold_loss":0,"cards_obtained":["Decay"]},{"damage_healed":0,"gold_gain":0,"player_choice":"Fled","damage_taken":0,"max_hp_gain":0,"max_hp_loss":0,"event_name":"Scrap Ooze","floor":4,"gold_loss":0},{"cards_removed":["Strike_G"],"damage_healed":0,"gold_gain":0,"player_choice":"Purged","damage_taken":0,"max_hp_gain":0,"max_hp_loss":0,"event_name":"Purifier","floor":20,"gold_loss":0}],"is_beta":false,"boss_relics":[{"not_picked":["SlaversCollar","Astrolabe","Cursed Key"]}],"items_purged_floors":[7],"is_endless":false,"potions_floor_spawned":[3,13,16,19,22],"killed_by":"Centurion and Healer","ascension_level":0}}