{"host":"l8lkgdumzpe3823a","time":1609204572,"event":{"mods":["Always Whale","Aspiration","BaseMod","Better Note","Clockwork Mod","Colored Powertips","Curses Come First","Custom Start","DeckTracker","Defuse TimeMaze Blight","Highlight Path","Hubris","Infinite Spire","Minty Spire (QoL Compilation)","Quick Restart","Replay The Spire","Shop Mod","StSLib","SuperFastMode","The Construct","The Dragon Tamer","vexMod"],"gold_per_floor":[115,40,40,55,73,106,118,130,165,9,24,34,42,55,55,153,153,93,103,103,3,3,3],"floor_reached":22,"playtime":582,"items_purged":["Strike_G","Strike_G+1"],"score":212,"play_id":"f9d5ffc6-200d-48db-8c33-15e48de5c7c9","local_time":"20201228191612","is_ascension_mode":true,"campfire_choices":[{"floor":8.0,"key":"REST"},{"floor":15.0,"key":"REST"}],"circlet_count":0,"master_deck":["Defend_G","Defend_G","Defend_G","Defend_G","Defend_G","Survivor","Neutralize","Bane","Bouncing Flask","Catalyst","Footwork","Footwork","Noxious Fumes","Blur","After Image"],"relics":["NeowsBlessing","FaceOfCleric","MerchantsRug","Replay:Drink Me"],"acts_visited":["Exordium","TheCity"],"potions_floor_usage":[],"damage_taken":[{"damage":0.0,"enemies":"Jaw Worm","floor":1.0,"turns":1.0},{"damage":0.0,"enemies":"Cultist","floor":4.0,"turns":1.0},{"damage":0.0,"enemies":"2 Louse","floor":5.0,"turns":1.0},{"damage":42.0,"enemies":"Lagavulin","floor":6.0,"turns":7.0},{"damage":19.0,"enemies":"Exordium Wildlife","floor":11.0,"turns":4.0},{"damage":4.0,"enemies":"Looter","floor":12.0,"turns":4.0},{"damage":4.0,"enemies":"Red Slaver","floor":14.0,"turns":4.0},{"damage":14.0,"enemies":"The Guardian","floor":16.0,"turns":8.0},{"damage":19.0,"enemies":"2 Thieves","floor":18.0,"turns":4.0},{"damage":24,"enemies":"Spheric Guardian","floor":19,"turns":7},{"damage":18,"enemies":"Chosen and Byrds","floor":22,"turns":4}],"seed_played":"-5020799337439279711","potions_obtained":[{"floor":5.0,"key":"SmokeBomb"},{"floor":6.0,"key":"SteroidPotion"},{"floor":11.0,"key":"Elixir"}],"is_trial":false,"path_per_floor":["M","$","?","M","M","E","?","R","T","$","M","M","$","M","R","B",null,"M","M","?","$","M"],"character_chosen":"THE_SILENT","items_purchased":["MerchantsRug","Footwork","Noxious Fumes"],"campfire_rested":2,"item_purchase_floors":[10,10,13],"current_hp_per_floor":[70,70,70,71,72,31,16,37,37,37,19,16,16,13,35,22,58,40,17,17,17,0,0],"gold":3,"neow_bonus":"THREE_ENEMY_KILL","is_daily":false,"chose_seed":false,"campfire_upgraded":0,"win_rate":0.0,"timestamp":1609204572,"path_taken":["M","$","?","?","M","E","?","R","T","?","M","?","?","?","R","BOSS","M","M","?","$","?"],"items_purchased_type":["Relic","Card","Card"],"build_version":"2020-12-22","purchased_purges":2,"victory":false,"max_hp_per_floor":[70,70,70,71,72,73,73,73,73,73,74,75,75,76,76,77,58,59,60,60,60,60,60],"card_choices":[{"not_picked":["Outmaneuver","Backflip"],"picked":"Bane","floor":1.0},{"not_picked":["Dodge and Roll","Setup"],"picked":"Bouncing Flask","floor":4.0},{"not_picked":["hubris:Sniper","Sucker Punch","Dagger Throw"],"picked":"SKIP","floor":5.0},{"not_picked":["Calculated Gamble","Eviscerate"],"picked":"Catalyst","floor":6.0},{"not_picked":["Dash","Dagger Spray","Sucker Punch"],"picked":"SKIP","floor":11.0},{"not_picked":["Dagger Spray","ReplayTheSpireMod:Exploit Weakness","Quick Slash"],"picked":"SKIP","floor":12.0},{"not_picked":["ReplayTheSpireMod:Scrap Shanks","Backflip"],"picked":"Blur","floor":14.0},{"not_picked":["infinitespire:Neurotoxin","aspiration:Lunge"],"picked":"After Image","floor":16.0},{"not_picked":["ReplayTheSpireMod:Exploit Weakness","hubris:SlightOfHand","Slice+1"],"picked":"SKIP","floor":18.0},{"not_picked":["Blade Dance","Terror","Dagger Spray"],"picked":"SKIP","floor":19}],"player_experience":657731,"relics_obtained":[{"floor":6.0,"key":"MawBank"},{"floor":9.0,"key":"Whetstone"}],"event_choices":[{"damage_healed":0.0,"max_hp_gain":0.0,"max_hp_loss":0.0,"gold_gain":0.0,"event_name":"FaceTrader","player_choice":"Trade","floor":3.0,"gold_loss":0.0,"damage_taken":0.0,"relics_obtained":["FaceOfCleric"]},{"damage_healed":0.0,"max_hp_gain":0.0,"max_hp_loss":0.0,"gold_gain":0.0,"event_name":"Shining Light","player_choice":"Entered Light","floor":7.0,"gold_loss":0.0,"damage_taken":15.0,"cards_upgraded":["Strike_G","Strike_G"]},{"damage_healed":0,"gold_gain":0,"player_choice":"Ignored","damage_taken":0,"max_hp_gain":0,"max_hp_loss":0,"event_name":"N\u0027loth","floor":20,"gold_loss":0}],"is_beta":false,"boss_relics":[{"not_picked":["Snecko Heart","vexMod:CursedCompass"],"picked":"Replay:Drink Me"}],"items_purged_floors":[2,21],"is_endless":false,"potions_floor_spawned":[5,6,11,14],"killed_by":"Chosen and Byrds","ascension_level":3}}