{"host":"zjc1tzo4ovig5lll","time":1609264742,"event":{"mods":["AchievementEnabler","Aspiration","BaseMod","Beaked The Cultist","Better Altar","Better Match","Better Note","Better Sensory Stone","Colored Map","Colored Powertips","Conspire","Energized Spire","Friendly Minions","GifTheSpireLib","Halation","Hermit","Hubris","Minty Spire (QoL Compilation)","Rare Cards Sparkle","Replay The Spire","StSLib","The Blue Laboratory","The Bug Knight","The Construct","The Jungle","The Servant 0.9.4","everything is the same but u backflip on backflip","vexMod"],"gold_per_floor":[115,134,134,147,147,147,177,177,203,203,115,125,125,159,159,255,255,266,81,81,81,98,123,123,123,148,148,166,187,187,187,187,319,319,350,350,424,460,268,268,270,270,270,270,331,199,238,238],"floor_reached":47,"playtime":2423,"items_purged":[],"score":571,"play_id":"922fabf0-070b-4bbc-9cd3-1c817b5c65f6","local_time":"20201229195902","is_ascension_mode":true,"campfire_choices":[{"data":"hermit:Manifest","floor":6,"key":"SMITH"},{"data":"hermit:Quickdraw","floor":8,"key":"SMITH"},{"data":"hermit:Determination","floor":13,"key":"SMITH"},{"floor":15,"key":"DIG"},{"floor":25,"key":"REST"},{"data":"hermit:Roughhouse","floor":27,"key":"SMITH"},{"floor":30,"key":"RECALL"},{"floor":32,"key":"REST"},{"floor":40,"key":"REST"},{"data":"Magnetism","floor":42,"key":"SMITH"},{"data":"hermit:WideOpen","floor":44,"key":"SMITH"}],"circlet_count":0,"master_deck":["conspire:GhostlyStrike","conspire:GhostlyStrike","conspire:GhostlyStrike","conspire:GhostlyStrike","conspire:GhostlyDefend","conspire:GhostlyDefend","conspire:GhostlyDefend","conspire:GhostlyDefend","hermit:Snapshot","hermit:Covet","hermit:Roulette+1","hermit:LuckOfTheDraw","hermit:Manifest+1","hermit:Quickdraw+1","hermit:Feint+1","hermit:Misfire","hermit:Determination+1","hermit:Roughhouse+1","hermit:RoundhouseKick+1","hermit:WideOpen+1","hermit:EyeOfTheStorm+1","Magnetism+1","Parasite","hermit:ItchyTrigger+1","hermit:Brawl","hermit:BodyArmor+1"],"relics":["hermit:Momento","MealTicket","halation:PinkSoulGem","WingedGreaves","Ice Cream","construct:WeddingRing","theJungle:Creamberry","vexMod:ConsolationPrize","hubris:64BitClover","Orichalcum","vexMod:BigBerry","Toxic Egg 2","Bottled Lightning"],"acts_visited":["Exordium","Exordium","TheBeyond"],"potions_floor_usage":[41],"damage_taken":[{"damage":0,"enemies":"conspire:RoseBush","floor":1,"turns":3},{"damage":0,"enemies":"Small Slimes","floor":2,"turns":2},{"damage":2,"enemies":"2 Louse","floor":4,"turns":3},{"damage":33,"enemies":"Lagavulin","floor":7,"turns":7},{"damage":2,"enemies":"Large Slime","floor":12,"turns":3},{"damage":9,"enemies":"3 Sentries","floor":14,"turns":9},{"damage":15,"enemies":"The Guardian","floor":16,"turns":9},{"damage":11,"enemies":"theJungle:5_Spyders","floor":18,"turns":10},{"damage":4,"enemies":"theJungle:MUSHROOMGANG","floor":22,"turns":6},{"damage":27,"enemies":"theJungle:MamaSnecko","floor":23,"turns":7},{"damage":6,"enemies":"theJungle:Lyon","floor":28,"turns":5},{"damage":6,"enemies":"theJungle:2_Flameangoes","floor":29,"turns":6},{"damage":27,"enemies":"theJungle:QueenSpyder","floor":33,"turns":14},{"damage":18,"enemies":"Orb Walker","floor":35,"turns":5},{"damage":21,"enemies":"3 Shapes","floor":38,"turns":5},{"damage":2,"enemies":"Writhing Mass","floor":41,"turns":4},{"damage":42,"enemies":"Spire Growth","floor":45,"turns":5},{"damage":39,"enemies":"Transient","floor":47,"turns":5}],"seed_played":"-6185218021993406131","potions_obtained":[{"floor":2,"key":"blueLaboratory:LouseDecoction"},{"floor":4,"key":"blueLaboratory:NullPotion"},{"floor":18,"key":"Flashbang"},{"floor":23,"key":"LifebloodPotion"},{"floor":37,"key":"SmokeBomb"}],"is_trial":false,"path_per_floor":["M","M","?","M","?","R","E","R","T","?","$","M","R","E","R_BF","B",null,"M","?","?","?","M","E","?","R","T","R","M","M","R","?","R_BF","B",null,"M","?","?","M","$","R","M","R","T","R","M","$","M"],"character_chosen":"HERMIT","items_purchased":["hermit:Feint+1","hermit:Misfire","Magnetism","hermit:Brawl","hermit:BodyArmor+1"],"campfire_rested":3,"item_purchase_floors":[11,11,39,46,46],"current_hp_per_floor":[82,82,82,80,80,80,47,47,47,47,62,60,60,51,51,36,82,71,71,71,66,62,35,35,61,61,61,55,49,49,49,75,48,117,99,99,70,49,64,99,97,97,97,97,55,70,31,31],"gold":238,"neow_bonus":"TEN_PERCENT_HP_BONUS","is_daily":false,"chose_seed":false,"campfire_upgraded":6,"win_rate":0.0,"timestamp":1609264742,"path_taken":["M","M","?","M","?","R","E","R","T","?","$","M","R","E","R_BF","BOSS","M","?","?","?","M","E","?","R","T","R","M","?","R","?","R_BF","BOSS","M","?","?","?","$","R","M","R","T","R","M","$","M"],"items_purchased_type":["Card","Card","Card","Card","Card"],"build_version":"2020-12-22","purchased_purges":0,"victory":false,"max_hp_per_floor":[82,82,82,82,82,82,82,82,82,82,82,82,82,82,82,82,82,82,82,82,87,87,87,87,87,87,87,87,87,87,87,87,87,117,117,117,117,117,117,117,117,117,117,117,117,117,117,117],"card_choices":[{"not_picked":["hermit:Snipe","hermit:LuckOfTheDraw"],"picked":"hermit:Roulette","floor":1},{"not_picked":["hermit:PistolWhip","hermit:Vantage"],"picked":"hermit:LuckOfTheDraw","floor":2},{"not_picked":["hermit:GhostlyPresence","hermit:TrackingShot"],"picked":"hermit:Manifest","floor":4},{"not_picked":["hermit:Snipe","hermit:Shortfuse"],"picked":"hermit:Quickdraw","floor":7},{"not_picked":["hermit:Enervate","hermit:EyeOfTheStorm"],"picked":"hermit:Determination","floor":12},{"not_picked":["hermit:Coalescence","hermit:HighCaliber","hermit:SprayPray"],"picked":"SKIP","floor":14},{"not_picked":["hermit:Gambit","hermit:HighNoon"],"picked":"hermit:Roughhouse","floor":16},{"not_picked":["hermit:Manifest+1","hermit:Ricochet+1","hermit:Glare"],"picked":"SKIP","floor":18},{"not_picked":["hermit:CalledShot","hermit:LuckOfTheDraw+1","hermit:Malice+1"],"picked":"SKIP","floor":22},{"not_picked":["hermit:HoleUp","hermit:Roulette","hermit:ShadowCloak+1"],"picked":"SKIP","floor":23},{"not_picked":["hermit:SprayPray+1","hermit:Headshot","hermit:Manifest"],"picked":"SKIP","floor":28},{"not_picked":["hermit:LowProfile","hermit:TrackingShot","hermit:Headshot"],"picked":"SKIP","floor":29},{"not_picked":["hermit:FinalCanter+1","hermit:Adapt+1"],"picked":"hermit:RoundhouseKick+1","floor":33},{"not_picked":["hermit:Shortfuse+1","hermit:HighCaliber"],"picked":"hermit:WideOpen","floor":35},{"not_picked":["hermit:WideOpen","hermit:Horror+1"],"picked":"hermit:EyeOfTheStorm+1","floor":38},{"not_picked":["hermit:BodyArmor+1","hermit:CalledShot"],"picked":"hermit:ItchyTrigger+1","floor":45}],"player_experience":600556,"relics_obtained":[{"floor":7,"key":"MealTicket"},{"floor":14,"key":"WingedGreaves"},{"floor":15,"key":"Ice Cream"},{"floor":23,"key":"vexMod:ConsolationPrize"},{"floor":26,"key":"Orichalcum"},{"floor":43,"key":"Toxic Egg 2"},{"floor":45,"key":"Bottled Lightning"}],"event_choices":[{"damage_healed":0,"gold_gain":0,"player_choice":"Grow","damage_taken":0,"max_hp_gain":0,"max_hp_loss":0,"event_name":"Living Wall","floor":3,"gold_loss":0,"cards_upgraded":["hermit:Roulette"]},{"damage_healed":0,"gold_gain":0,"player_choice":"Agree","damage_taken":0,"max_hp_gain":0,"max_hp_loss":0,"event_name":"conspire:LoneGhost","floor":5,"gold_loss":0},{"damage_healed":0,"gold_gain":0,"player_choice":"Leave","damage_taken":0,"max_hp_gain":0,"max_hp_loss":0,"event_name":"conspire:Investor","floor":20,"gold_loss":0},{"damage_healed":0,"gold_gain":0,"player_choice":"Gave Potion","damage_taken":0,"relics_obtained":["hubris:64BitClover"],"max_hp_gain":0,"max_hp_loss":0,"event_name":"WeMeetAgain","floor":24,"gold_loss":0}],"is_beta":false,"boss_relics":[{"not_picked":["vexMod:ImprovementManual","halation:SmartPhone"],"picked":"construct:WeddingRing"},{"not_picked":["Black Star","halation:LoveArrow"],"picked":"vexMod:BigBerry"}],"items_purged_floors":[],"is_endless":false,"potions_floor_spawned":[2,4,18,23,28,45],"killed_by":"Transient","ascension_level":1}}