{"host":"kh6fvhxn285ncg0o","time":1609210482,"event":{"mods":["Act Like it!","BaseMod","Colored Map","Friendly Minions","Keyboard Shortcuts","Minty Spire (QoL Compilation)","Quick Restart","Relic Stats","StSLib","SuperFastMode"],"gold_per_floor":[116,116,134,59,75,102,27,53,53,82,93,125,125,141,141,216,216,228,153,173,173,193,228,247,247,247],"floor_reached":25,"playtime":549,"items_purged":["Pain"],"score":506,"play_id":"698c940b-5579-46b8-bf3b-b25f36b4335c","local_time":"20201229115442","is_ascension_mode":true,"campfire_choices":[{"data":"Fiend Fire","floor":13.0,"key":"SMITH"},{"data":"Uppercut","floor":15.0,"key":"SMITH"}],"circlet_count":0,"master_deck":["AscendersBane","Strike_R","Strike_R","Defend_R","Defend_R","Defend_R","Defend_R","Bash","Uppercut+1","Headbutt","Shrug It Off","Fiend Fire+1","Shockwave","Shockwave","Body Slam","Second Wind"],"relics":["Burning Blood","NeowsBlessing","WarpedTongs","Smiling Mask","Gremlin Horn","Bag of Preparation","Boot","Bottled Flame","Sozu","Blood Vial"],"acts_visited":["Exordium","TheCity"],"potions_floor_usage":[],"damage_taken":[{"damage":0.0,"enemies":"2 Louse","floor":1.0,"turns":1.0},{"damage":0.0,"enemies":"Cultist","floor":3.0,"turns":1.0},{"damage":0.0,"enemies":"Small Slimes","floor":5.0,"turns":1.0},{"damage":10.0,"enemies":"Gremlin Nob","floor":6.0,"turns":3.0},{"damage":19.0,"enemies":"Lagavulin","floor":8.0,"turns":6.0},{"damage":8.0,"enemies":"Gremlin Nob","floor":10.0,"turns":3.0},{"damage":1.0,"enemies":"Blue Slaver","floor":11.0,"turns":4.0},{"damage":16.0,"enemies":"Lagavulin","floor":12.0,"turns":8.0},{"damage":0.0,"enemies":"Exordium Thugs","floor":14.0,"turns":3.0},{"damage":16.0,"enemies":"The Guardian","floor":16.0,"turns":10.0},{"damage":0.0,"enemies":"Chosen","floor":18.0,"turns":2.0},{"damage":8.0,"enemies":"2 Thieves","floor":20.0,"turns":3.0},{"damage":0.0,"enemies":"Sentry and Sphere","floor":22.0,"turns":3.0},{"damage":53.0,"enemies":"Slavers","floor":23.0,"turns":7.0},{"damage":10,"enemies":"Centurion and Healer","floor":24,"turns":6},{"damage":28,"enemies":"Book of Stabbing","floor":25,"turns":4}],"seed_played":"-3385621811457971917","potions_obtained":[{"floor":1.0,"key":"Explosive Potion"},{"floor":5.0,"key":"Explosive Potion"},{"floor":10.0,"key":"Swift Potion"},{"floor":12.0,"key":"Strength Potion"}],"is_trial":false,"path_per_floor":["M","?","M","$","M","E","?","E","T","E","M","E","R","M","R","B",null,"M","?","M","?","M","E","M","E"],"character_chosen":"IRONCLAD","items_purchased":[],"campfire_rested":0,"item_purchase_floors":[],"current_hp_per_floor":[74,74,75,75,75,71,71,58,58,56,61,51,51,57,57,47,68,74,74,72,72,75,28,26,0,0],"gold":247,"neow_bonus":"THREE_ENEMY_KILL","is_daily":false,"chose_seed":false,"campfire_upgraded":2,"win_rate":0.0,"timestamp":1609210482,"path_taken":["M","?","M","$","?","E","?","E","T","E","M","E","R","M","R","BOSS","M","?","M","?","?","E","M","E"],"items_purchased_type":[],"build_version":"2020-12-22","purchased_purges":1,"victory":false,"max_hp_per_floor":[75,75,75,75,75,75,75,75,75,75,75,75,75,75,75,75,75,75,75,75,75,75,75,75,75,75],"relic_stats":{"Sozu":1,"Blood Vial":4,"Gremlin Horn":[6,6],"counters":[16,65],"Bag of Preparation":[22],"Smiling Mask":0,"Boot":[0],"obtain_stats":[{"Sozu":17,"Blood Vial":23,"Bottled Flame":12,"NeowsBlessing":0,"Gremlin Horn":8,"Bag of Preparation":9,"Smiling Mask":6,"Boot":10,"Burning Blood":0,"WarpedTongs":2},{"Sozu":10,"Blood Vial":14,"Bottled Flame":8,"NeowsBlessing":0,"Gremlin Horn":5,"Bag of Preparation":5,"Smiling Mask":4,"Boot":6,"Burning Blood":0,"WarpedTongs":1},{"Sozu":40,"Blood Vial":55,"Bottled Flame":27,"NeowsBlessing":0,"Gremlin Horn":12,"Bag of Preparation":12,"Smiling Mask":6,"Boot":15,"Burning Blood":0,"WarpedTongs":1}],"Burning Blood":76,"WarpedTongs":[59]},"card_choices":[{"not_picked":["Entrench","Havoc"],"picked":"Uppercut","floor":1.0},{"not_picked":["Rupture","Clothesline"],"picked":"Headbutt","floor":5.0},{"not_picked":["Flex","Body Slam"],"picked":"Shrug It Off","floor":6.0},{"not_picked":["Perfected Strike","Twin Strike"],"picked":"Fiend Fire","floor":8.0},{"not_picked":["Pummel","Shrug It Off","Warcry"],"picked":"SKIP","floor":10.0},{"not_picked":["Havoc","Rampage","Shrug It Off"],"picked":"SKIP","floor":11.0},{"not_picked":["Havoc","Rampage","Shrug It Off"],"picked":"SKIP","floor":11.0},{"not_picked":["Combust","Heavy Blade","Wild Strike"],"picked":"SKIP","floor":12.0},{"not_picked":["Flex","Warcry","Heavy Blade"],"picked":"SKIP","floor":14.0},{"not_picked":["Warcry","Ghostly Armor"],"picked":"Shockwave","floor":18.0},{"not_picked":["Cleave","Intimidate","Twin Strike"],"picked":"SKIP","floor":20.0},{"not_picked":["Warcry","Havoc"],"picked":"Body Slam","floor":22.0},{"not_picked":["Pommel Strike","Body Slam"],"picked":"Second Wind","floor":23.0},{"not_picked":["Havoc","Berserk","Searing Blow"],"picked":"SKIP","floor":24}],"player_experience":3299737,"relics_obtained":[{"floor":6.0,"key":"Smiling Mask"},{"floor":8.0,"key":"Gremlin Horn"},{"floor":9.0,"key":"Bag of Preparation"},{"floor":10.0,"key":"Boot"},{"floor":12.0,"key":"Bottled Flame"},{"floor":23.0,"key":"Blood Vial"}],"event_choices":[{"damage_healed":0.0,"max_hp_gain":0.0,"max_hp_loss":0.0,"gold_gain":0.0,"event_name":"Accursed Blacksmith","player_choice":"Rummage","floor":2.0,"gold_loss":0.0,"damage_taken":0.0,"relics_obtained":["WarpedTongs"],"cards_obtained":["Pain"]},{"cards_removed":["Strike_R"],"damage_healed":0.0,"max_hp_gain":0.0,"max_hp_loss":0.0,"gold_gain":0.0,"event_name":"The Cleric","player_choice":"Card Removal","floor":7.0,"gold_loss":75.0,"damage_taken":0.0},{"cards_removed":["Strike_R"],"damage_healed":0.0,"max_hp_gain":0.0,"max_hp_loss":0.0,"gold_gain":0.0,"event_name":"Beggar","player_choice":"Gave Gold","floor":19.0,"gold_loss":75.0,"damage_taken":0.0},{"damage_healed":0.0,"max_hp_gain":0.0,"max_hp_loss":0.0,"gold_gain":0.0,"cards_transformed":["Strike_R"],"event_name":"Transmorgrifier","player_choice":"Transformed","floor":21.0,"gold_loss":0.0,"damage_taken":0.0,"cards_obtained":["Shockwave"]}],"is_beta":false,"boss_relics":[{"not_picked":["Coffee Dripper","Runic Cube"],"picked":"Sozu"}],"items_purged_floors":[4],"is_endless":false,"potions_floor_spawned":[1,5,10,12,14,22],"killed_by":"Book of Stabbing","ascension_level":20}}