{"host":"jpzdg3po3tjxdjri","time":1609277926,"event":{"mods":["BaseMod","Better Third Choice","Colored Map","Colored Powertips","Minty Spire (QoL Compilation)","StSLib"],"gold_per_floor":[117,135,9,9,25,25,39,39,91,103,123,150,4,69,69,69,69],"floor_reached":16,"playtime":329,"items_purged":["Strike_B"],"score":173,"play_id":"b41c742f-edbe-4b98-8eec-21b382997a90","local_time":"20201229213846","is_ascension_mode":true,"campfire_choices":[{"data":"Rip and Tear","floor":6,"key":"SMITH"},{"data":"Beam Cell","floor":8,"key":"SMITH"},{"floor":15,"key":"REST"}],"circlet_count":0,"master_deck":["AscendersBane","Strike_B","Strike_B","Strike_B","Defend_B","Defend_B","Defend_B","Defend_B","Zap","Dualcast","Go for the Eyes+1","Cold Snap","Beam Cell+1","Rip and Tear+1","Melter","Rip and Tear","Core Surge","Cold Snap"],"relics":["Cracked Core","NeowsBlessing","Anchor","Boot","Strawberry"],"acts_visited":["Exordium"],"potions_floor_usage":[12,16],"damage_taken":[{"damage":0,"enemies":"2 Louse","floor":1,"turns":1},{"damage":0,"enemies":"Cultist","floor":2,"turns":1},{"damage":0,"enemies":"Small Slimes","floor":5,"turns":1},{"damage":5,"enemies":"Looter","floor":7,"turns":3},{"damage":12,"enemies":"Exordium Thugs","floor":10,"turns":4},{"damage":6,"enemies":"3 Louse","floor":11,"turns":2},{"damage":18,"enemies":"Gremlin Nob","floor":12,"turns":3},{"damage":54,"enemies":"Slime Boss","floor":16,"turns":10}],"seed_played":"-7839359201733382027","potions_obtained":[{"floor":5,"key":"SpeedPotion"},{"floor":10,"key":"SneckoOil"},{"floor":12,"key":"SkillPotion"}],"is_trial":false,"path_per_floor":["M","M","$","?","M","R","M","R","T","M","M","E","$","?","R","B"],"character_chosen":"DEFECT","items_purchased":["Beam Cell","Strawberry"],"campfire_rested":1,"item_purchase_floors":[3,13],"current_hp_per_floor":[64,64,64,64,64,64,59,59,59,47,41,23,30,30,53,0,0],"gold":69,"neow_bonus":"THREE_ENEMY_KILL","is_daily":false,"chose_seed":false,"campfire_upgraded":2,"win_rate":0.0,"timestamp":1609277926,"path_taken":["M","M","$","?","M","R","M","R","T","M","M","E","?","?","R","BOSS"],"items_purchased_type":["Card","Relic"],"build_version":"2020-12-22","purchased_purges":1,"victory":false,"max_hp_per_floor":[71,71,71,71,71,71,71,71,71,71,71,71,78,78,78,78,78],"card_choices":[{"not_picked":["Turbo","Leap"],"picked":"Go for the Eyes","floor":1},{"not_picked":["Beam Cell","Conserve Battery"],"picked":"Cold Snap","floor":2},{"not_picked":["BootSequence","Sweeping Beam"],"picked":"Rip and Tear","floor":5},{"not_picked":["Coolheaded","Capacitor"],"picked":"Melter","floor":7},{"not_picked":["Beam Cell","Hologram"],"picked":"Rip and Tear","floor":10},{"not_picked":["Streamline","Steam"],"picked":"Core Surge","floor":11},{"not_picked":["Sunder","Sweeping Beam"],"picked":"Cold Snap","floor":12}],"player_experience":811668,"relics_obtained":[{"floor":9,"key":"Anchor"},{"floor":12,"key":"Boot"}],"event_choices":[{"damage_healed":0,"gold_gain":0,"player_choice":"Forge","damage_taken":0,"max_hp_gain":0,"max_hp_loss":0,"event_name":"Accursed Blacksmith","floor":4,"gold_loss":0,"cards_upgraded":["Go for the Eyes"]},{"damage_healed":0,"gold_gain":65,"player_choice":"Gained Gold","damage_taken":0,"max_hp_gain":0,"max_hp_loss":0,"event_name":"Golden Wing","floor":14,"gold_loss":0}],"is_beta":false,"boss_relics":[],"items_purged_floors":[3],"is_endless":false,"potions_floor_spawned":[5,10,12],"killed_by":"Slime Boss","ascension_level":14}}