{"host":"kh1j1cf337zr4nij","time":1609232136,"event":{"mods":["2.2 Compatiblity","AchievementEnabler","Act Like it!","Aspiration","BaseMod","Beaked The Cultist","Bestiary","CCEM","Colored Map","Colored Powertips","Conspire","Downfall","Energized Spire","Fireblade Mod","Friendly Minions","FruityMod","GifTheSpireLib","Glutton Mod","Halation","Hermit","Highlight Path","Hubris","Jedi Mod","JesterMod","Mad Scientist","Marisa????????","Melee Mod","Minty Spire (QoL Compilation)","Quick Restart","Random Character Button","Relic Stats","Replay The Spire","Shade Mod","Slumbering Mod","Spikes Relics","StSLib","Stuff the Spire","SuperFastMode","Synergy Search","The Blackbeard","The Clintock","The Construct","The Cursed","The Disciple","The Druid","The Forsaken","The Hierophant","The Judge","The Juggle","The Mystic","The Necromancer","The Runesmith","The Servant 0.9.4","The Spell Scribe","The Valiant","TheFirefly","Trackpad","vexMod"],"gold_per_floor":[161,179,179,195,213,213,239,239,264,189,289,320,341,371,389,389,389],"floor_reached":16,"playtime":709,"items_purged":[],"score":112,"play_id":"c541000c-4cd8-49df-9458-826d039230e2","local_time":"20201229035536","is_ascension_mode":false,"campfire_choices":[{"floor":6,"key":"RECALL"},{"data":"theDruid:Swipe","floor":10,"key":"SMITH"}],"circlet_count":0,"master_deck":["theDruid:Strike_O","theDruid:Strike_O","theDruid:Strike_O","theDruid:Defend_O","theDruid:Defend_O","theDruid:Defend_O","theDruid:Defend_O","theDruid:BriarArmor","theDruid:WildSlash","theDruid:Swipe+1","hubris:Greed","theDruid:Gore","theDruid:Guidance","theDruid:RockSlide","theDruid:TakeShelter","theDruid:BackupSupplies"],"relics":["Replay:Cursed D8","trackpad:CultistFigurine","downfall:HeartBlessingRed","Replay:Arrowhead","hubris:MysteriousPyramids"],"acts_visited":["Exordium"],"potions_floor_usage":[],"damage_taken":[{"damage":5,"enemies":"2 Louse","floor":2,"turns":5},{"damage":0,"enemies":"Cultist","floor":4,"turns":4},{"damage":29,"enemies":"Jaw Worm","floor":5,"turns":6},{"damage":7,"enemies":"Large Slime","floor":9,"turns":5},{"damage":13,"enemies":"Lagavulin","floor":12,"turns":4},{"damage":6,"enemies":"Exordium Wildlife","floor":13,"turns":3},{"damage":17,"enemies":"3 Sentries","floor":14,"turns":5},{"damage":0,"enemies":"2 Fungi Beasts","floor":15,"turns":2},{"damage":15,"enemies":"downfall:Silent","floor":16,"turns":2}],"seed_played":"-5687405516581411446","potions_obtained":[{"floor":2,"key":"jedi:wingpotion"},{"floor":4,"key":"SpeedPotion"},{"floor":12,"key":"SpeedPotion"}],"is_trial":false,"path_per_floor":["R_BF","M","?","M","M","R","T","?","M","R","?","E","M","E","M","B"],"character_chosen":"DRUID","items_purchased":[],"campfire_rested":0,"item_purchase_floors":[],"current_hp_per_floor":[75,70,70,70,41,41,41,41,34,34,34,21,18,4,7,0,0],"gold":389,"neow_bonus":"BOSS_RELIC","is_daily":false,"chose_seed":false,"campfire_upgraded":1,"win_rate":0.0,"timestamp":1609232136,"path_taken":["R_BF","M","?","?","M","R","T","?","M","R","?","E","M","E","M","BOSS"],"items_purchased_type":[],"build_version":"2020-12-22","purchased_purges":0,"victory":false,"max_hp_per_floor":[75,75,75,75,75,75,75,75,75,75,75,75,75,75,75,75,75],"relic_stats":{"counters":[9,36],"obtain_stats":[{"downfall:HeartBlessingRed":10,"Replay:Cursed D8":0,"trackpad:CultistFigurine":7,"hubris:MysteriousPyramids":14,"Replay:Arrowhead":12,"theDruid:CrownOfTheWilds":0},{"downfall:HeartBlessingRed":4,"Replay:Cursed D8":0,"trackpad:CultistFigurine":3,"hubris:MysteriousPyramids":7,"Replay:Arrowhead":5,"theDruid:CrownOfTheWilds":0},{"downfall:HeartBlessingRed":20,"Replay:Cursed D8":0,"trackpad:CultistFigurine":15,"hubris:MysteriousPyramids":32,"Replay:Arrowhead":24,"theDruid:CrownOfTheWilds":0}]},"card_choices":[{"not_picked":["theDruid:Prowl","theDruid:InsectSwarm"],"picked":"theDruid:Swipe","floor":2},{"not_picked":["theDruid:AstralShield","theDruid:BlessedStrike"],"picked":"theDruid:Gore","floor":4},{"not_picked":["theDruid:IronClaw","theDruid:TwilightsCall"],"picked":"theDruid:Guidance","floor":5},{"not_picked":["theDruid:Pathfinder","theDruid:FuriousSlash"],"picked":"theDruid:RockSlide","floor":9},{"not_picked":["theDruid:AstralShield","theDruid:FelineGrace"],"picked":"theDruid:TakeShelter","floor":12},{"not_picked":["theDruid:ThornStrike","theDruid:ThickHide"],"picked":"theDruid:BackupSupplies","floor":13},{"not_picked":["theDruid:IronClaw","theDruid:Slingshot","theDruid:PouncingStrike"],"picked":"SKIP","floor":14},{"not_picked":["theDruid:Guidance","theDruid:TakeShelter","theDruid:ViralBites"],"picked":"SKIP","floor":15}],"player_experience":32289,"relics_obtained":[{"floor":7,"key":"trackpad:CultistFigurine"},{"floor":12,"key":"Replay:Arrowhead"},{"floor":14,"key":"hubris:MysteriousPyramids"}],"event_choices":[{"cards_removed":["theDruid:Strike_O"],"damage_healed":0,"gold_gain":0,"player_choice":"Offered Basic","damage_taken":0,"max_hp_gain":0,"max_hp_loss":0,"event_name":"Bonfire Elementals","floor":3,"gold_loss":0},{"damage_healed":0,"gold_gain":0,"player_choice":"Disagree","damage_taken":0,"max_hp_gain":0,"max_hp_loss":0,"event_name":"conspire:LoneGhost","floor":8,"gold_loss":0}],"is_beta":false,"boss_relics":[],"items_purged_floors":[],"is_endless":false,"potions_floor_spawned":[2,4,12,13],"killed_by":"downfall:Silent","ascension_level":0}}