{"host":"cq8xacpj8p19paz6","time":1609244526,"event":{"mods":["Aspiration","BaseMod","Better Altar","Better Match","Better Sensory Stone","Better Skull","Better Third Choice","BetterRewards","Downfall","GungeonMod","Hermit","Highlight Path","Infinite Spire","Marisa????????","Minty Spire (QoL Compilation)","Replay The Spire","Shade Mod","Spicy Shops","StSLib","The Bug Knight","The Construct","The Cursed","The Hierophant","The Necromancer","The Servant 0.9.4","TheBandit"],"gold_per_floor":[114,114,132,147,12,12,28,28,28,38,38,54,33,33,33,134,134,149,149,149,161,161,161],"floor_reached":22,"playtime":1439,"items_purged":[],"score":176,"play_id":"12b2af84-4a83-4604-a478-aba16cdd7fb1","local_time":"20201229122206","is_ascension_mode":false,"campfire_choices":[{"data":"DemoMod:HungryBullets","floor":6,"key":"SMITH"},{"data":"DemoMod:ManualReload","floor":8,"key":"SMITH"},{"data":"DemoMod:TripleGun","floor":11,"key":"SMITH"},{"floor":15,"key":"REST"}],"circlet_count":0,"master_deck":["DemoMod:Strike_Huntress","DemoMod:Strike_Huntress","DemoMod:Strike_Huntress","DemoMod:Defend_Huntress","DemoMod:Defend_Huntress","DemoMod:Defend_Huntress","DemoMod:Defend_Huntress","DemoMod:Roll","DemoMod:ManualReload+1","DemoMod:RustySidearm","DemoMod:CrossBow","DemoMod:StickyCrossBow+1","DemoMod:AbyssalTentacle","DemoMod:DoubleSwitch","DemoMod:HungryBullets+1","DemoMod:Unity+1","DemoMod:TripleGun+1","DemoMod:PotionOfGunFriendShip","DemoMod:FinishedGun","DemoMod:Camera","Spreading Infection","DemoMod:SAA+1"],"relics":["DemoMod:Dog","NeowsBlessing","Kunai","Pocketwatch","aspiration:SilentSkillbook","Ring of Hypnosis"],"acts_visited":["Exordium","TheCity"],"potions_floor_usage":[16,16,22],"damage_taken":[{"damage":0,"enemies":"Cultist","floor":1,"turns":1},{"damage":0,"enemies":"Jaw Worm","floor":3,"turns":1},{"damage":0,"enemies":"Small Slimes","floor":4,"turns":1},{"damage":12,"enemies":"2 Fungi Beasts","floor":7,"turns":3},{"damage":0,"enemies":"Blue Slaver","floor":10,"turns":1},{"damage":9,"enemies":"Large Slime","floor":12,"turns":4},{"damage":51,"enemies":"Slime Boss","floor":16,"turns":10},{"damage":34,"enemies":"2 Thieves","floor":18,"turns":4},{"damage":3,"enemies":"Spheric Guardian","floor":21,"turns":3},{"damage":38,"enemies":"Shelled Parasite and Fungi","floor":22,"turns":2}],"seed_played":"260389741974198981","potions_obtained":[{"floor":1,"key":"Elixir"},{"floor":7,"key":"Reflective Coating"},{"floor":12,"key":"FearPotion"}],"is_trial":false,"path_per_floor":["M","?","M","M","$","R","M","R","T","M","R","M","?","$","R","B",null,"M","?","?","M","M"],"character_chosen":"HUNTRESS","items_purchased":["DemoMod:HungryBullets","DemoMod:Unity+1"],"campfire_rested":1,"item_purchase_floors":[5,5],"current_hp_per_floor":[70,70,70,70,70,70,58,58,58,58,58,49,49,49,70,19,70,36,36,36,33,0,0],"gold":161,"neow_bonus":"THREE_ENEMY_KILL","is_daily":false,"chose_seed":false,"campfire_upgraded":3,"win_rate":0.0,"timestamp":1609244526,"path_taken":["M","?","M","M","$","R","M","R","T","M","R","M","?","?","R","BOSS","M","?","?","M","M"],"items_purchased_type":["Card","Card"],"build_version":"2020-12-22","purchased_purges":0,"victory":false,"max_hp_per_floor":[70,70,70,70,70,70,70,70,70,70,70,70,70,70,70,70,70,70,70,70,70,70,70],"card_choices":[{"not_picked":["DemoMod:HuntsMan","DemoMod:MachoBrace"],"picked":"DemoMod:StickyCrossBow","floor":1},{"not_picked":["DemoMod:ProbeStrike","DemoMod:PotionOfGunFriendShip"],"picked":"DemoMod:AbyssalTentacle","floor":3},{"not_picked":["DemoMod:BoxingGlove","DemoMod:FortunesFavor"],"picked":"DemoMod:DoubleSwitch","floor":4},{"not_picked":["DemoMod:CursedBullets","DemoMod:AC15"],"picked":"DemoMod:TripleGun","floor":7},{"not_picked":["DemoMod:Unity","DemoMod:AC15","DemoMod:Purify"],"picked":"SKIP","floor":10},{"not_picked":["DemoMod:Ejector","DemoMod:HardPowerCard"],"picked":"DemoMod:PotionOfGunFriendShip","floor":12},{"not_picked":["DemoMod:DoubleVision","DemoMod:Desperate"],"picked":"DemoMod:FinishedGun","floor":16},{"not_picked":["DemoMod:MachoBrace","ReplayTheSpireMod:Shiv Toss","DemoMod:FortunesFavor"],"picked":"DemoMod:Camera","floor":18},{"not_picked":["Riddle With Holes","Flechettes+1","Slice"],"picked":"DemoMod:SAA+1","floor":21}],"player_experience":96001,"relics_obtained":[{"floor":9,"key":"Kunai"},{"floor":16,"key":"Pocketwatch"},{"floor":20,"key":"Ring of Hypnosis"}],"event_choices":[{"damage_healed":0,"gold_gain":0,"player_choice":"Grow","damage_taken":0,"max_hp_gain":0,"max_hp_loss":0,"event_name":"Living Wall","floor":2,"gold_loss":0,"cards_upgraded":["DemoMod:StickyCrossBow"]},{"damage_healed":0,"gold_gain":0,"player_choice":"Left","damage_taken":0,"max_hp_gain":0,"max_hp_loss":0,"event_name":"betterThird:BetterGoop","floor":13,"gold_loss":21}],"is_beta":false,"boss_relics":[{"not_picked":["Ring of Chaos","Philosopher\u0027s Stone"],"picked":"aspiration:SilentSkillbook"}],"items_purged_floors":[],"is_endless":false,"potions_floor_spawned":[1,7,12],"killed_by":"Shelled Parasite and Fungi","ascension_level":0}}