{"host":"yaxsefyig1et0yi2","time":1609210211,"event":{"mods":["Aspiration","BaseMod","BetterRewards","Colored Powertips","Conspire","Displayed Cursed Tome","Halation","Hermit","Hubris","Infinite Spire","Minty Spire (QoL Compilation)","Quick Restart","RatMod","Replay The Spire","Reworked Bosses","Spikes Relics","StSLib","The Jungle"],"gold_per_floor":[109,128,138,152,76,76,76],"floor_reached":6,"playtime":442,"items_purged":[],"score":38,"play_id":"dd91b88e-e867-4e91-875c-9a2cf14b3d54","local_time":"20201228215011","is_ascension_mode":false,"campfire_choices":[],"circlet_count":0,"master_deck":["hermit:Strike_Hermit","hermit:Strike_Hermit","hermit:Strike_Hermit","hermit:Strike_Hermit","hermit:Defend_Hermit","hermit:Defend_Hermit","hermit:Defend_Hermit","hermit:Defend_Hermit","hermit:Snapshot","hermit:Covet","hermit:Combo","hermit:WideOpen","hermit:LuckOfTheDraw","hermit:ItchyTrigger","hermit:CursedWeapon"],"relics":["hermit:Momento","aspiration:Nostalgia","PureWater"],"acts_visited":["Exordium"],"potions_floor_usage":[],"damage_taken":[{"damage":1,"enemies":"Jaw Worm","floor":1,"turns":3},{"damage":4,"enemies":"2 Louse","floor":2,"turns":4},{"damage":0,"enemies":"Small Slimes","floor":3,"turns":3},{"damage":23,"enemies":"Blue Slaver","floor":4,"turns":5},{"damage":51,"enemies":"Lagavulin","floor":6,"turns":8}],"seed_played":"6499183385863314303","potions_obtained":[{"floor":2,"key":"hermit:BlackBile"},{"floor":3,"key":"hermit:Tonic"}],"is_trial":false,"path_per_floor":["M","M","M","M","$","E"],"character_chosen":"HERMIT","items_purchased":["hermit:CursedWeapon"],"campfire_rested":0,"item_purchase_floors":[5],"current_hp_per_floor":[74,70,70,47,47,0,0],"gold":76,"neow_bonus":"NOSTALGIA","is_daily":false,"chose_seed":false,"campfire_upgraded":0,"win_rate":0.0,"timestamp":1609210211,"path_taken":["M","M","M","M","$","E"],"items_purchased_type":["Card"],"build_version":"2020-12-22","purchased_purges":0,"victory":false,"max_hp_per_floor":[75,75,75,75,75,75,75],"card_choices":[{"not_picked":["hermit:BodyArmor","hermit:TrackingShot"],"picked":"hermit:Combo","floor":1},{"not_picked":["hermit:Vantage","hermit:Manifest"],"picked":"hermit:WideOpen","floor":2},{"not_picked":["hermit:HoleUp","hermit:Dive"],"picked":"hermit:LuckOfTheDraw","floor":3},{"not_picked":["hermit:WideOpen","hermit:Combo"],"picked":"hermit:ItchyTrigger","floor":4}],"player_experience":235518,"relics_obtained":[],"event_choices":[],"is_beta":false,"boss_relics":[],"items_purged_floors":[],"is_endless":false,"potions_floor_spawned":[2,3],"killed_by":"Lagavulin","ascension_level":0}}