{"host":"ky7z67tg8zpdk0g7","time":1609227065,"event":{"mods":["BaseMod","Better Third Choice","CapriCore","Displayed Cursed Tome","Energized Spire","Halation","Hubris","Minty Spire (QoL Compilation)","Replay The Spire","Shop Mod","StSLib"],"gold_per_floor":[117,117,127,202,213,245,245,257,311,326,326,381,346,346,346,446,446,460,491,491,504,524,524,524,524],"floor_reached":24,"playtime":936,"items_purged":[],"score":241,"play_id":"6434ebff-b818-467b-b2ea-a3abcc7598c9","local_time":"20201229143105","is_ascension_mode":true,"campfire_choices":[{"floor":7,"key":"REST"},{"data":"Neutralize","floor":11,"key":"SMITH"},{"data":"Blade Dance","floor":15,"key":"SMITH"},{"floor":23,"key":"REST"}],"circlet_count":0,"master_deck":["Strike_G","Strike_G","Strike_G","Strike_G","Strike_G","Defend_G","Defend_G","Defend_G","Defend_G","Defend_G","Survivor","Neutralize+1","Well Laid Plans","Dagger Throw","ReplayTheSpireMod:From All Sides","Infinite Blades+1","Deflect","Flying Knee","Blade Dance+1","Leg Sweep","Unload","Glass Knife","Fluid Movement+1","Footwork+1","Fluid Movement+1","Deflect+1"],"relics":["Ring of the Snake","Frozen Egg 2","Pet Ghost","Iron Hammer","ChewingGum","Red Mask"],"acts_visited":["Exordium","TheCity"],"potions_floor_usage":[6,16,16,21,24],"damage_taken":[{"damage":0,"enemies":"2 Louse","floor":1,"turns":3},{"damage":6,"enemies":"Small Slimes","floor":3,"turns":4},{"damage":0,"enemies":"Cultist","floor":5,"turns":3},{"damage":29,"enemies":"3 Sentries","floor":6,"turns":8},{"damage":2,"enemies":"Exordium Wildlife","floor":8,"turns":4},{"damage":1,"enemies":"3 Louse","floor":10,"turns":5},{"damage":10,"enemies":"Slime Boss","floor":16,"turns":9},{"damage":8,"enemies":"Spheric Guardian","floor":18,"turns":3},{"damage":24,"enemies":"Masked Bandits","floor":19,"turns":5},{"damage":16,"enemies":"Shell Parasite","floor":21,"turns":3},{"damage":30,"enemies":"Snake Plant","floor":22,"turns":5},{"damage":40,"enemies":"Gremlin Leader","floor":24,"turns":6}],"seed_played":"3516623559565603209","potions_obtained":[{"floor":1,"key":"BlessingOfTheForge"},{"floor":8,"key":"Swift Potion"},{"floor":10,"key":"DistilledChaos"},{"floor":18,"key":"Swift Potion"},{"floor":19,"key":"SkillPotion"}],"is_trial":false,"path_per_floor":["M","?","M","?","M","E","R","M","T","M","R","?","?","?","R","B",null,"M","?","?","M","M","R","E"],"character_chosen":"THE_SILENT","items_purchased":[],"campfire_rested":2,"item_purchase_floors":[],"current_hp_per_floor":[63,68,62,51,51,22,48,46,46,45,45,10,32,32,32,22,89,81,57,57,41,11,37,0,0],"gold":524,"neow_bonus":"TWENTY_PERCENT_HP_BONUS","is_daily":false,"chose_seed":false,"campfire_upgraded":2,"win_rate":0.0,"timestamp":1609227065,"path_taken":["M","?","M","?","M","E","R","M","T","M","R","?","?","?","R","BOSS","M","?","?","?","M","R","E"],"items_purchased_type":[],"build_version":"2020-12-22","purchased_purges":0,"victory":false,"max_hp_per_floor":[84,89,89,89,89,89,89,89,89,89,89,89,89,89,89,89,89,89,89,89,89,89,89,89,89],"card_choices":[{"not_picked":["Riddle With Holes","Bane"],"picked":"Well Laid Plans","floor":1},{"not_picked":["Expertise","Sucker Punch"],"picked":"Dagger Throw","floor":3},{"not_picked":["Dagger Spray","Poisoned Stab"],"picked":"ReplayTheSpireMod:From All Sides","floor":5},{"not_picked":["Dagger Throw","Terror"],"picked":"Infinite Blades+1","floor":6},{"not_picked":["Endless Agony","Dodge and Roll"],"picked":"Deflect","floor":8},{"not_picked":["Replay:Poison Smokescreen","Sucker Punch"],"picked":"Flying Knee","floor":10},{"not_picked":["Underhanded Strike","Heel Hook"],"picked":"Blade Dance","floor":12},{"not_picked":["Dagger Throw","hubris:SlightOfHand"],"picked":"Leg Sweep","floor":12},{"not_picked":["Corpse Explosion","Tools of the Trade+1"],"picked":"Glass Knife","floor":16},{"not_picked":["Reflex","Deflect"],"picked":"Fluid Movement+1","floor":18},{"not_picked":["PiercingWail+1","Choke+1"],"picked":"Footwork+1","floor":19},{"not_picked":["Backflip","Leg Sweep"],"picked":"Fluid Movement+1","floor":21},{"not_picked":["PiercingWail","Riddle With Holes"],"picked":"Deflect+1","floor":22}],"player_experience":47469,"relics_obtained":[{"floor":6,"key":"Frozen Egg 2"},{"floor":9,"key":"Pet Ghost"},{"floor":12,"key":"Iron Hammer"},{"floor":19,"key":"Red Mask"}],"event_choices":[{"damage_healed":0,"gold_gain":0,"player_choice":"Donut","damage_taken":0,"max_hp_gain":5,"max_hp_loss":0,"event_name":"Big Fish","floor":2,"gold_loss":0},{"damage_healed":0,"gold_gain":75,"player_choice":"Gold","damage_taken":11,"max_hp_gain":0,"max_hp_loss":0,"event_name":"betterThird:BetterGoop","floor":4,"gold_loss":0},{"damage_healed":22,"gold_gain":0,"player_choice":"Healed","damage_taken":0,"max_hp_gain":0,"max_hp_loss":0,"event_name":"The Cleric","floor":13,"gold_loss":35},{"damage_healed":0,"gold_gain":0,"player_choice":"Fought Bandits","damage_taken":0,"max_hp_gain":0,"max_hp_loss":0,"event_name":"Masked Bandits","floor":19,"gold_loss":0},{"damage_healed":0,"gold_gain":0,"player_choice":"Bought 0 Potions","damage_taken":0,"max_hp_gain":0,"max_hp_loss":0,"event_name":"The Woman in Blue","floor":20,"gold_loss":0}],"is_beta":false,"boss_relics":[{"not_picked":["Philosopher\u0027s Stone","energizedSpire:OgreHead"],"picked":"ChewingGum"}],"items_purged_floors":[],"is_endless":false,"potions_floor_spawned":[1,8,10,18,19],"killed_by":"Gremlin Leader","ascension_level":2}}