{"host":"bg8va46pgqgvtzim","time":1609221298,"event":{"mods":["BaseMod","Minty Spire (QoL Compilation)","Quick Restart","StSLib","SuperFastMode"],"gold_per_floor":[113,133,147,163,9,9,29,29,29,29,60,60,83,99,99,192,192,217,217,235,135,135,135],"floor_reached":22,"playtime":559,"items_purged":["Defend_P","Strike_P"],"score":376,"play_id":"6d008d2b-06c9-4d1e-a771-07248b89bd83","local_time":"20201229135458","is_ascension_mode":true,"campfire_choices":[{"data":"Collect","floor":6.0,"key":"SMITH"},{"data":"MasterReality","floor":8.0,"key":"SMITH"},{"data":"Halt","floor":12.0,"key":"SMITH"},{"data":"Wallop","floor":15.0,"key":"SMITH"}],"circlet_count":0,"master_deck":["AscendersBane","Strike_P","Strike_P","Strike_P","Defend_P","Defend_P","Eruption+1","Vigilance","Collect+1","CarveReality","MasterReality+1","Halt+1","BattleHymn","Study+1","Wallop+1","CurseOfTheBell","Tantrum+1"],"relics":["PureWater","Frozen Egg 2","Golden Idol","StrikeDummy","Calling Bell","Anchor","Mercury Hourglass","Shovel"],"acts_visited":["Exordium","TheCity"],"potions_floor_usage":[22,22],"damage_taken":[{"damage":10.0,"enemies":"Cultist","floor":1.0,"turns":6.0},{"damage":0.0,"enemies":"2 Louse","floor":2.0,"turns":3.0},{"damage":0.0,"enemies":"Small Slimes","floor":3.0,"turns":3.0},{"damage":0.0,"enemies":"Exordium Wildlife","floor":4.0,"turns":2.0},{"damage":13.0,"enemies":"Large Slime","floor":7.0,"turns":4.0},{"damage":9.0,"enemies":"3 Sentries","floor":11.0,"turns":4.0},{"damage":17.0,"enemies":"Blue Slaver","floor":13.0,"turns":4.0},{"damage":2.0,"enemies":"Looter","floor":14.0,"turns":3.0},{"damage":2.0,"enemies":"The Guardian","floor":16.0,"turns":6.0},{"damage":8.0,"enemies":"Shell Parasite","floor":18.0,"turns":2.0},{"damage":17.0,"enemies":"3 Byrds","floor":20.0,"turns":4.0},{"damage":24,"enemies":"Snecko","floor":22,"turns":3}],"seed_played":"-2268049974934608147","potions_obtained":[{"floor":2.0,"key":"Explosive Potion"},{"floor":7.0,"key":"Weak Potion"},{"floor":14.0,"key":"Strength Potion"},{"floor":16.0,"key":"PowerPotion"},{"floor":20.0,"key":"SpeedPotion"}],"is_trial":false,"path_per_floor":["M","M","M","M","$","R","M","R","T","?","E","R","M","M","R","B",null,"M","?","M","$","M"],"character_chosen":"WATCHER","items_purchased":["BattleHymn"],"campfire_rested":0,"item_purchase_floors":[5],"current_hp_per_floor":[51,51,51,51,51,51,38,38,38,38,29,29,12,10,10,8,49,41,41,24,24,0,0],"gold":135,"neow_bonus":"UPGRADE_CARD","is_daily":false,"chose_seed":false,"campfire_upgraded":4,"win_rate":0.0,"timestamp":1609221298,"path_taken":["M","M","M","M","$","R","M","R","T","?","E","R","M","M","R","BOSS","M","?","?","$","M"],"items_purchased_type":["Card"],"build_version":"2020-12-22","purchased_purges":2,"victory":false,"max_hp_per_floor":[68,68,68,68,68,68,68,68,68,62,62,62,62,62,62,62,62,62,62,62,62,62,62],"card_choices":[{"not_picked":["Halt","EmptyFist"],"picked":"Collect","floor":1.0},{"not_picked":["Crescendo","ClearTheMind"],"picked":"CarveReality","floor":2.0},{"not_picked":["Protect","ClearTheMind"],"picked":"MasterReality","floor":3.0},{"not_picked":["EmptyFist","PathToVictory"],"picked":"Halt","floor":4.0},{"not_picked":["JustLucky","Collect","Sanctity"],"picked":"SKIP","floor":7.0},{"not_picked":["CutThroughFate","Pray"],"picked":"Study+1","floor":11.0},{"not_picked":["Prostrate","Protect"],"picked":"Wallop","floor":13.0},{"not_picked":["FlyingSleeves","Nirvana+1","Consecrate"],"picked":"SKIP","floor":14.0},{"not_picked":["JustLucky","Protect"],"picked":"Tantrum+1","floor":18.0},{"not_picked":["JustLucky","Halt","Perseverance"],"picked":"SKIP","floor":20.0}],"player_experience":2200105,"relics_obtained":[{"floor":9.0,"key":"Frozen Egg 2"},{"floor":11.0,"key":"StrikeDummy"},{"floor":17.0,"key":"Anchor"},{"floor":17.0,"key":"Mercury Hourglass"},{"floor":17.0,"key":"Shovel"}],"event_choices":[{"damage_healed":0.0,"max_hp_gain":0.0,"max_hp_loss":6.0,"gold_gain":0.0,"event_name":"Golden Idol","player_choice":"Lose Max HP","floor":10.0,"gold_loss":0.0,"damage_taken":0.0,"relics_obtained":["Golden Idol"]},{"cards_removed":["Defend_P"],"damage_healed":0.0,"max_hp_gain":0.0,"max_hp_loss":0.0,"gold_gain":0.0,"event_name":"Bonfire Elementals","player_choice":"Offered Basic","floor":19.0,"gold_loss":0.0,"damage_taken":0.0}],"is_beta":false,"boss_relics":[{"not_picked":["Pandora\u0027s Box","Cursed Key"],"picked":"Calling Bell"}],"items_purged_floors":[5,21],"is_endless":false,"potions_floor_spawned":[2,7,14,16,18,20],"killed_by":"Snecko","ascension_level":20}}