{"host":"sav7uxregyirlf69","time":1609228489,"event":{"mods":["AchievementEnabler","BaseMod","Colored Map","DeckTracker","Keyboard Shortcuts","Minty Spire (QoL Compilation)","READ ME - Guardian Mod","StSLib","SuperFastMode"],"gold_per_floor":[110,110,35,47,67,67,143,143,143,143,143],"floor_reached":10,"playtime":210,"items_purged":[],"score":112,"play_id":"b0fc8e2a-474d-43e0-88fc-73507782e2bd","local_time":"20201229165449","is_ascension_mode":true,"campfire_choices":[{"data":"Blade Dance","floor":6,"key":"SMITH"},{"data":"Neutralize","floor":8,"key":"SMITH"}],"circlet_count":0,"master_deck":["AscendersBane","Strike_G","Strike_G","Strike_G","Defend_G","Defend_G","Defend_G","Defend_G","Survivor","Neutralize+1","Footwork","Setup","Prepared","Blade Dance+1"],"relics":["Ring of the Snake","Ornamental Fan","Frozen Egg 2"],"acts_visited":["Exordium"],"potions_floor_usage":[],"damage_taken":[{"damage":0.0,"enemies":"2 Louse","floor":1.0,"turns":5.0},{"damage":17,"enemies":"Jaw Worm","floor":4,"turns":9},{"damage":14,"enemies":"Cultist","floor":5,"turns":6},{"damage":25,"enemies":"Lagavulin","floor":10,"turns":12}],"seed_played":"-8749834793837036322","potions_obtained":[],"is_trial":false,"path_per_floor":["M","?","?","M","M","R","T","R","T","E"],"character_chosen":"THE_SILENT","items_purchased":[],"campfire_rested":0,"item_purchase_floors":[],"current_hp_per_floor":[59,59,59,42,28,28,28,28,28,3,3],"gold":143,"neow_bonus":"REMOVE_CARD","is_daily":false,"chose_seed":false,"campfire_upgraded":2,"win_rate":0.0,"timestamp":1609228489,"path_taken":["M","?","?","M","M","R","?","R","T","E"],"items_purchased_type":[],"build_version":"2020-12-22","purchased_purges":0,"victory":false,"max_hp_per_floor":[66,66,66,66,66,66,66,66,66,66,66],"card_choices":[{"not_picked":["Flying Knee","PiercingWail"],"picked":"Footwork","floor":1.0},{"not_picked":["Riddle With Holes","Cloak And Dagger"],"picked":"Prepared","floor":4},{"not_picked":["Distraction","Slice"],"picked":"Blade Dance","floor":5}],"player_experience":1044772,"relics_obtained":[{"floor":7,"key":"Ornamental Fan"},{"floor":9,"key":"Frozen Egg 2"}],"event_choices":[{"damage_healed":0.0,"max_hp_gain":0.0,"max_hp_loss":0.0,"gold_gain":0.0,"cards_transformed":["Strike_G"],"event_name":"Living Wall","player_choice":"Change","floor":2.0,"gold_loss":0.0,"damage_taken":0.0,"cards_obtained":["Setup"]},{"cards_removed":["Defend_G"],"damage_healed":0,"gold_gain":0,"player_choice":"Card Removal","damage_taken":0,"max_hp_gain":0,"max_hp_loss":0,"event_name":"The Cleric","floor":3,"gold_loss":75}],"is_beta":false,"boss_relics":[],"items_purged_floors":[],"is_endless":false,"potions_floor_spawned":[],"killed_by":"Lagavulin","ascension_level":20}}