{"host":"pe0zhl1vvtkxuc0p","time":1609220581,"event":{"mods":["A Magickal Journey","AchievementEnabler","Act Like it!","Aspiration","BaseMod","Card Forge","Challenge The Spire","Chen","Colored Powertips","Conspire","Curses Come First","GifTheSpireLib","Glutton Mod","Gremlin Mod","Hubris","Hunter 猎人","KinomotoSakuraMod(木之本樱)","Luminous","Minty Spire (QoL Compilation)","Pale of the Ancients","Quick Restart","Relic Filter","Replay The Spire","Shop Mod","StSLib","SuperFastMode","Td1madao Mod","The Clintock","The Cursed","The Druid","The Factory","The Florist","The Hayseed","The Hierophant","The Jungle","The Mystic","The Necromancer","The Sage","残留之物"],"gold_per_floor":[114,114,114,134,59,94,94,120,145,145,155,155,183,202,202,305,305,319,331,429,429,440,467,467,467,467],"floor_reached":25,"playtime":1933,"items_purged":["conspire:GhostlyDefend"],"score":264,"play_id":"2ac70128-f26c-44c9-9828-87d6d41dc850","local_time":"20201229134301","is_ascension_mode":false,"campfire_choices":[{"floor":7.0,"key":"RECALL"},{"floor":12.0,"key":"REST"},{"floor":15.0,"key":"REST"},{"floor":24,"key":"REST"}],"circlet_count":0,"master_deck":["conspire:GhostlyStrike","conspire:GhostlyStrike","conspire:GhostlyStrike","conspire:GhostlyDefend","conspire:GhostlyDefend","conspire:GhostlyDefend+1","TheSimpletonMod:Haymaker","TheSimpletonMod:ReapAndSow","TheSimpletonMod:ToughenUp","TheSimpletonMod:Sunseed","TheSimpletonMod:Corn","TheSimpletonMod:Photosynthesis+1","TheSimpletonMod:Rototilling+1","TheSimpletonMod:CullingStrike","TheSimpletonMod:StockTheCellar","TheSimpletonMod:BuzzBomb","TheSimpletonMod:Innovate","TheSimpletonMod:PestManagement","TheSimpletonMod:SoilSample+1","TheSimpletonMod:HitTheSack"],"relics":["TheSimpletonMod:SpudOfTheInnocent","TheSimpletonMod:NightSoil","TheSimpletonMod:TheHarvester","Hammer of Thor","Seething Fire","Anvil of the Gods","NeowsBlessing","Mirror","Bag of Marbles","Blue Doll","aspiration:SecretTechniqueScroll","War Paint"],"acts_visited":["Exordium","Exordium"],"potions_floor_usage":[23,25],"damage_taken":[{"damage":0.0,"enemies":"Cultist","floor":1.0,"turns":1.0},{"damage":0.0,"enemies":"2 Louse","floor":4.0,"turns":1.0},{"damage":0.0,"enemies":"3 Sentries","floor":6.0,"turns":2.0},{"damage":34.0,"enemies":"Gremlin Nob","floor":8.0,"turns":5.0},{"damage":0.0,"enemies":"conspire:RoseBush","floor":11.0,"turns":5.0},{"damage":13.0,"enemies":"Replay:BlueRogue","floor":13.0,"turns":6.0},{"damage":5.0,"enemies":"Gremlin Gang","floor":14.0,"turns":2.0},{"damage":25.0,"enemies":"Slime Boss","floor":16.0,"turns":10.0},{"damage":24.0,"enemies":"theJungle:MUSHROOMGANG","floor":18.0,"turns":6.0},{"damage":26,"enemies":"Shell Parasite","floor":19,"turns":7},{"damage":17,"enemies":"theJungle:JungleHuntersEncounter","floor":22,"turns":5},{"damage":18,"enemies":"theJungle:Cassacara","floor":23,"turns":8},{"damage":14,"enemies":"theJungle:2_Snecko_Cultists","floor":25,"turns":3}],"seed_played":"24558714508292534","potions_obtained":[{"floor":8.0,"key":"LifebloodPotion"},{"floor":11.0,"key":"Adrenaline Potion"},{"floor":13.0,"key":"TheSimpletonMod:KindlingPotion"},{"floor":18.0,"key":"Strength Potion"},{"floor":23,"key":"Block Potion"}],"is_trial":false,"path_per_floor":["M","?","?","M","$","E","R","E","T","?","M","R","E","M","R","B",null,"M","M","?","?","M","E","R","M"],"character_chosen":"THE_SIMPLETON","items_purchased":[],"campfire_rested":3,"item_purchase_floors":[],"current_hp_per_floor":[75,80,80,80,80,80,80,46,46,46,50,74,65,60,80,55,80,60,38,38,38,25,11,35,21,21],"gold":467,"neow_bonus":"THREE_ENEMY_KILL","is_daily":false,"chose_seed":false,"campfire_upgraded":0,"win_rate":0.0,"timestamp":1609220581,"path_taken":["M","?","?","M","$","E","R","E","T","?","M","R","E","?","R","BOSS","M","M","?","?","M","E","R","M"],"items_purchased_type":[],"build_version":"2020-12-22","purchased_purges":1,"victory":false,"max_hp_per_floor":[75,80,80,80,80,80,80,80,80,80,80,80,80,80,80,80,80,80,80,80,80,80,80,80,80,80],"card_choices":[{"not_picked":["TheSimpletonMod:Fertilaser","TheSimpletonMod:SaladShooter"],"picked":"TheSimpletonMod:ToughenUp","floor":1.0},{"not_picked":["TheSimpletonMod:KeenEdge","TheSimpletonMod:SpiceUp"],"picked":"TheSimpletonMod:Sunseed","floor":4.0},{"not_picked":["TheSimpletonMod:OnionBloom","TheSimpletonMod:DoubleBarrel"],"picked":"TheSimpletonMod:Corn","floor":6.0},{"not_picked":["TheSimpletonMod:SpiceUp","TheSimpletonMod:SoilSample"],"picked":"TheSimpletonMod:Photosynthesis","floor":8.0},{"not_picked":["TheSimpletonMod:Fertilaser","TheSimpletonMod:Corn"],"picked":"TheSimpletonMod:Rototilling","floor":11.0},{"not_picked":["TheSimpletonMod:Aerate","TheSimpletonMod:Swelter"],"picked":"TheSimpletonMod:CullingStrike","floor":13.0},{"not_picked":["TheSimpletonMod:Fertilaser","TheSimpletonMod:Mulch"],"picked":"TheSimpletonMod:StockTheCellar","floor":14.0},{"not_picked":["TheSimpletonMod:Photosynthesis","TheSimpletonMod:ResistantStrain"],"picked":"TheSimpletonMod:BuzzBomb","floor":16.0},{"not_picked":["TheSimpletonMod:Potatoes","TheSimpletonMod:Rake"],"picked":"TheSimpletonMod:Innovate","floor":18.0},{"not_picked":["TheSimpletonMod:Fertilaser","TheSimpletonMod:Potatoes+1","TheSimpletonMod:DoubleBarrel"],"picked":"SKIP","floor":19},{"not_picked":["TheSimpletonMod:OnionBloom","TheSimpletonMod:Potatoes+1"],"picked":"TheSimpletonMod:PestManagement","floor":20},{"not_picked":["TheSimpletonMod:CullingStrike","TheSimpletonMod:Pruning"],"picked":"TheSimpletonMod:SoilSample+1","floor":20},{"not_picked":["TheSimpletonMod:Potatoes","TheSimpletonMod:Corn"],"picked":"TheSimpletonMod:HitTheSack","floor":22},{"not_picked":["TheSimpletonMod:CropRotation","TheSimpletonMod:SlashAndBurn+1","TheSimpletonMod:BirdFeeder"],"picked":"SKIP","floor":23}],"player_experience":518416,"relics_obtained":[{"floor":6.0,"key":"Mirror"},{"floor":8.0,"key":"Bag of Marbles"},{"floor":13.0,"key":"Blue Doll"},{"floor":23,"key":"War Paint"}],"event_choices":[{"damage_healed":0.0,"max_hp_gain":5.0,"max_hp_loss":0.0,"gold_gain":0.0,"event_name":"Big Fish","player_choice":"Donut","floor":2.0,"gold_loss":0.0,"damage_taken":0.0},{"damage_healed":0.0,"max_hp_gain":0.0,"max_hp_loss":0.0,"gold_gain":0.0,"event_name":"conspire:LoneGhost","player_choice":"Agree","floor":3.0,"gold_loss":0.0,"damage_taken":0.0},{"cards_removed":["conspire:GhostlyStrike"],"damage_healed":0.0,"max_hp_gain":0.0,"max_hp_loss":0.0,"gold_gain":0.0,"event_name":"Purifier","player_choice":"Purged","floor":10.0,"gold_loss":0.0,"damage_taken":0.0},{"damage_healed":0,"gold_gain":0,"player_choice":"Upgraded","damage_taken":0,"max_hp_gain":0,"max_hp_loss":0,"event_name":"Upgrade Shrine","floor":21,"gold_loss":0,"cards_upgraded":["TheSimpletonMod:Photosynthesis"]}],"is_beta":false,"boss_relics":[{"not_picked":["Philosopher\u0027s Stone","Honey Jar"],"picked":"aspiration:SecretTechniqueScroll"}],"items_purged_floors":[5],"is_endless":false,"potions_floor_spawned":[8,11,13,18,23],"killed_by":"theJungle:2_Snecko_Cultists","ascension_level":0}}