{"host":"s0ikvqhe10eopvjn","time":1609264742,"event":{"mods":["Act Like it!","Bard","BaseMod","Block Reminder","Colored Map","Colored Powertips","DeckTracker","Downfall","Halation","Hallownest","Hermit","Highlight Path","Hubris","Infinite Spire","Mad Scientist","Minty Spire (QoL Compilation)","Permanent Neow","Random Character Button","Replay The Spire","StSLib","The Blackbeard","The Blue Laboratory","The Bug Knight","The Cursed","The Disciple","The Mystic","The Necromancer","The Servant 0.9.4"],"gold_per_floor":[116,133,144,144,144,178,178,192,217,227,244,273,273,273,273,273,273,369,369,386,68,84,98,98,125,125,142,142,154,74,87,105,105,105,200,200,212,212,212,224,243,243,243],"floor_reached":42,"playtime":3939,"items_purged":["HollowMod:NailStrikeStart"],"score":332,"play_id":"be729ab1-0580-400f-a61b-d91e0cfe9172","local_time":"20201229175902","is_ascension_mode":false,"campfire_choices":[{"data":"HollowMod:FocusHealStart","floor":7.0,"key":"SMITH"},{"floor":13.0,"key":"REST"},{"floor":17.0,"key":"REST"},{"floor":26.0,"key":"REST"},{"data":"HollowMod:MantisMark","floor":34.0,"key":"SMITH"}],"circlet_count":0,"master_deck":["HollowMod:NailStrikeStart","HollowMod:NailStrikeStart","HollowMod:NailStrikeStart","HollowMod:QuickDashStart","HollowMod:QuickDashStart","HollowMod:QuickDashStart","HollowMod:FocusHealStart+1","HollowMod:PogoStrike","HollowMod:CornifersMapStart","HollowMod:MantisMark+1","HollowMod:CycloneSlash","expansioncontent:GuardianWhirl","HollowMod:HeavyBlow","HollowMod:AwokenDreamNail","HollowMod:NewJinnsSoul","HollowMod:LifebloodCocoon","HollowMod:GoodIntentions","HollowMod:FallenFury","HollowMod:LifebloodCore","HollowMod:HeavyBlow+1","HollowMod:HuntersJournal+1","HollowMod:DreamGate","HollowMod:ZotesMagnificence","HollowMod:DashSlash+1","Hallownest:skillCityofTearsMap","HollowMod:SoulStrike","HollowMod:HornetsHelp","HollowMod:InfectedAttack+1","HollowMod:HeavyBlow+1","HollowMod:SharpenedNail"],"relics":["HollowMod:VesselMask","Hallownest:DreamNailRelic","Replay:Baseball","hubris:SlimyHat","hubris:FunFungus","hubris:EvacipatedBox","halation:AfternoonTea","Replay:Bronze Core","infinitespire:Bottled Soul","halation:WeightlessCrab","Vajra","hubris:BlackHole","Hallownest:KingsIdolRelic"],"acts_visited":["Exordium","Hallownest:Greenpath","Hallownest:CityofTears"],"potions_floor_usage":[],"damage_taken":[{"damage":2.0,"enemies":"Hallownest:2_MossCreeps","floor":1.0,"turns":7.0},{"damage":0.0,"enemies":"2_ Uuma","floor":2.0,"turns":4.0},{"damage":5.0,"enemies":"Hallownest:2_Baldur","floor":3.0,"turns":3.0},{"damage":10.0,"enemies":"Hallownest:eliteCrystalGuardian","floor":6.0,"turns":5.0},{"damage":6.0,"enemies":"Hallownest:monsterMossCharger","floor":8.0,"turns":2.0},{"damage":12.0,"enemies":"Hallownest:Guard_and_Warrior","floor":10.0,"turns":4.0},{"damage":23.0,"enemies":"Hallownest:1_Ooma_and_2_Uuma","floor":11.0,"turns":6.0},{"damage":1.0,"enemies":"Hallownest:eliteMossKnight","floor":12.0,"turns":9.0},{"damage":88.0,"enemies":"Hallownest:BossHornet","floor":18.0,"turns":16.0},{"damage":1.0,"enemies":"Hallownest:2_Mistakes","floor":20.0,"turns":6.0},{"damage":0.0,"enemies":"Hallownest:Flukemon_and_Top","floor":22.0,"turns":6.0},{"damage":30.0,"enemies":"Hallownest:2_Flukemon","floor":23.0,"turns":8.0},{"damage":54.0,"enemies":"Hallownest:eliteWatcherKnight","floor":25.0,"turns":15.0},{"damage":1.0,"enemies":"Hallownest:Warrior_and_Youth","floor":27.0,"turns":5.0},{"damage":20.0,"enemies":"Hallownest:3_Mistakes","floor":29.0,"turns":4.0},{"damage":2.0,"enemies":"Hallownest:monsterShrumalOgre","floor":31.0,"turns":4.0},{"damage":15.0,"enemies":"Hallownest:2_Husk_Sentries","floor":32.0,"turns":4.0},{"damage":68.0,"enemies":"Hallownest:BossMantisLord","floor":35.0,"turns":7.0},{"damage":0.0,"enemies":"Hallownest:2_Littles","floor":37.0,"turns":4.0},{"damage":0.0,"enemies":"Hallownest:3_Siblings","floor":40.0,"turns":1.0},{"damage":5.0,"enemies":"Hallownest:2_Great","floor":41.0,"turns":2.0},{"damage":148,"enemies":"Hallownest:eliteCollector","floor":42,"turns":9}],"seed_played":"-5434357985916689366","potions_obtained":[{"floor":3.0,"key":"blueLaboratory:FruitPunch"},{"floor":10.0,"key":"blueLaboratory:BottleOfVodka"},{"floor":12.0,"key":"Explosive Potion"},{"floor":18.0,"key":"blueLaboratory:ExaltedPotion"},{"floor":22.0,"key":"blueLaboratory:HeartbeatPotion"},{"floor":23.0,"key":"SteroidPotion"},{"floor":29.0,"key":"blueLaboratory:PhilterOfMotion"},{"floor":35.0,"key":"FairyPotion"},{"floor":40.0,"key":"Guardian:BlockOnCardUsePotion"}],"is_trial":false,"path_per_floor":["M","M","M","?","?","E","R","M","T","M","M","E","R","PTL","PTL","$","R","B",null,"M","$","M","M","?","E","R","M","T","M","?","M","M","?","R","B",null,"M","?","?","M","M","E"],"character_chosen":"THE_BUGKNIGHT","items_purchased":["hubris:EvacipatedBox","halation:AfternoonTea","infinitespire:Bottled Soul"],"campfire_rested":3,"item_purchase_floors":[16,16,21],"current_hp_per_floor":[75,75,75,75,75,73,73,67,67,61,38,49,72,72,72,43,66,3,77,77,77,77,59,59,16,39,58,58,39,39,37,28,77,77,9,77,77,77,77,77,77,0,0],"gold":243,"neow_bonus":"TRANSFORM_CARD","is_daily":false,"chose_seed":false,"campfire_upgraded":2,"win_rate":0.0,"timestamp":1609264742,"path_taken":["M","M","M","?","?","E","R","M","T","M","?","E","R","PTL","PTL","?","R","BOSS","M","$","M","M","?","E","R","M","T","M","?","M","M","?","R","BOSS","M","?","?","M","M","E"],"items_purchased_type":["Relic","Relic","Relic"],"build_version":"2020-12-22","purchased_purges":1,"victory":false,"max_hp_per_floor":[75,75,75,75,75,77,77,77,77,77,77,77,77,77,77,77,77,77,77,77,77,77,77,77,77,77,77,77,77,77,77,77,77,77,77,77,77,77,77,77,77,77,77],"card_choices":[{"not_picked":["HollowMod:InfectedAttack","HollowMod:BrokenVessel"],"picked":"HollowMod:CornifersMapStart","floor":1.0},{"not_picked":["HollowMod:CornifersMapStart","HollowMod:NewLittleFool"],"picked":"HollowMod:MantisMark","floor":2.0},{"not_picked":["HollowMod:WraithStrike","HollowMod:RecoilStrike"],"picked":"HollowMod:CycloneSlash","floor":3.0},{"not_picked":["Replay:SS_hec_4","Madness"],"picked":"expansioncontent:GuardianWhirl","floor":4.0},{"not_picked":["HollowMod:GrimmsGift","HollowMod:WraithStrike"],"picked":"HollowMod:HeavyBlow","floor":4.0},{"not_picked":["HollowMod:SharpenedNail","HollowMod:MonarchWings"],"picked":"HollowMod:AwokenDreamNail","floor":6.0},{"not_picked":["HollowMod:ShapeofUnn","HollowMod:LifebloodCocoon"],"picked":"HollowMod:NewJinnsSoul","floor":8.0},{"not_picked":["HollowMod:HeavyBlow","HollowMod:VengefulVoid"],"picked":"HollowMod:LifebloodCocoon","floor":10.0},{"not_picked":["HollowMod:MothsMistake","HollowMod:GrimmsGift"],"picked":"HollowMod:GoodIntentions","floor":11.0},{"not_picked":["HollowMod:SiblingsSouls","HollowMod:SoulSplash"],"picked":"HollowMod:FallenFury","floor":12.0},{"not_picked":["HollowMod:ZotesMagnificence","HollowMod:HornetsHelp"],"picked":"HollowMod:LifebloodCore","floor":18.0},{"not_picked":["HollowMod:PerfectDash","HollowMod:ShapeofUnn+1"],"picked":"HollowMod:HeavyBlow+1","floor":20.0},{"not_picked":["HollowMod:DescendingDark+1","HollowMod:QuirrelsAssistance","HollowMod:NewGlowingWomb"],"picked":"SKIP","floor":22.0},{"not_picked":["HollowMod:LifebloodCocoon","HollowMod:NewJinnsSoul"],"picked":"HollowMod:HuntersJournal","floor":23.0},{"not_picked":["HollowMod:MawleksShell+1","HollowMod:PerfectDash"],"picked":"HollowMod:DreamGate","floor":25.0},{"not_picked":["HollowMod:DescendingDark","HollowMod:CornifersMapStart+1"],"picked":"HollowMod:ZotesMagnificence","floor":27.0},{"not_picked":["HollowMod:HeavyBlow","HollowMod:DreamGate"],"picked":"HollowMod:DashSlash+1","floor":29.0},{"not_picked":["HollowMod:FastStrike","HollowMod:NewLittleFool"],"picked":"HollowMod:SoulStrike","floor":31.0},{"not_picked":["HollowMod:SoulStrike","HollowMod:NewInfectedGuardian","HollowMod:HeavyBlow"],"picked":"SKIP","floor":32.0},{"not_picked":["HollowMod:AwokenDreamNail","HollowMod:VoidDash"],"picked":"HollowMod:HornetsHelp","floor":35.0},{"not_picked":["HollowMod:Grubsong+1","HollowMod:SoulSplash+1"],"picked":"HollowMod:InfectedAttack+1","floor":37.0},{"not_picked":["HollowMod:PerfectDash","HollowMod:NewJinnsSoul+1"],"picked":"HollowMod:HeavyBlow+1","floor":40.0},{"not_picked":["HollowMod:ShapeofUnn+1","HollowMod:SiblingsSouls+1"],"picked":"HollowMod:SharpenedNail","floor":41.0}],"player_experience":72812,"relics_obtained":[{"floor":6.0,"key":"Replay:Baseball"},{"floor":9.0,"key":"hubris:SlimyHat"},{"floor":12.0,"key":"hubris:FunFungus"},{"floor":25.0,"key":"halation:WeightlessCrab"},{"floor":28.0,"key":"Vajra"}],"event_choices":[],"is_beta":false,"boss_relics":[{"not_picked":["halation:ForbiddenBikini","Astrolabe","halation:Prosthetics"],"picked":"Replay:Bronze Core"},{"not_picked":["halation:MonkeysPaw","halation:PinkAlligatorPlush","Kintsugi"],"picked":"hubris:BlackHole"}],"items_purged_floors":[21],"is_endless":false,"potions_floor_spawned":[3,10,12,18,22,23,29,32,35,40],"killed_by":"Hallownest:eliteCollector","ascension_level":0}}