{"host":"ceopyqoizwrgii5g","time":1609214167,"event":{"mods":["Act Like it!","Aspiration","BaseMod","BetterRewards","CapriCore","Conspire","Dota2Spire","GungeonMod","Hallownest","Hermit","Infinite Spire","Luminous","Marisa（霧雨　魔理沙）","Minty Spire (QoL Compilation)","Permanent Neow","Quick Restart","Reimu（博???）","Remilia（蕾米莉?）","Replay The Spire","Robot Space Explorer","RumiaBox-露米?的神秘盒子","SOS（斯巴?之子）","Shop Mod","Spicy Shops","StSLib","SuperFastMode","The Bug Knight","The Cursed","Transform Curses","WarShipGirlsR/??少女R mod","Yakumo Yukari mod","Youmu（魂魄妖?）","【功能Mod】混沌之?修复?丁","【?物卡牌】REMEMod"],"gold_per_floor":[109,109,284,302,319,319,345,357,357,412,442,192,192,203,203,307,307,324,324,54,70,89,89,124,124,124,124,124,124,168,267,267,366,366,380,380,380],"floor_reached":36,"playtime":852,"items_purged":["Shame","Doubt"],"score":504,"play_id":"9693f355-b9ba-4b36-a1b1-6a144ebce3b5","local_time":"20201229115607","is_ascension_mode":true,"campfire_choices":[{"data":"Poisoned Stab","floor":6,"key":"SMITH"},{"floor":15,"key":"REST"},{"floor":23,"key":"REST"},{"floor":25,"key":"REST"},{"data":"Bane","floor":28,"key":"SMITH"},{"data":"Bane","floor":32,"key":"SMITH"}],"circlet_count":0,"master_deck":["Strike_G","Strike_G","Strike_G","Strike_G","Strike_G","Defend_G","Defend_G","Defend_G","Defend_G","Defend_G","Survivor","Neutralize","Massacre+1","Bane+1","Bane+1","Bane+1","Poisoned Stab+1","Dagger Spray","Poisoned Stab","Caltrops+1","Caltrops","ReplayTheSpireMod:Splinters","Dagger Spray+1","Poison Darts"],"relics":["Ring of the Snake","REME_ComplimentaryCards","MerchantsRug","Snake Skull","SecretRecord","SecretRecord","SecretRecord","SecretRecord","Juzu Bracelet","aspiration:Nostalgia","RobotSpaceExplorer:RoboCore","Ccalipers","Shuriken","Darkstone Periapt","Philosopher\u0027s Stone"],"acts_visited":["Exordium","TheCity","TheBeyond"],"potions_floor_usage":[10,33,36],"damage_taken":[{"damage":0,"enemies":"Small Slimes","floor":1,"turns":3},{"damage":11,"enemies":"2 Louse","floor":4,"turns":3},{"damage":0,"enemies":"infinitespire:Voidling","floor":5,"turns":4},{"damage":11,"enemies":"Replay:BlueRogue","floor":7,"turns":4},{"damage":14,"enemies":"conspire:2 RoseBushes","floor":8,"turns":8},{"damage":26,"enemies":"3 Sentries","floor":10,"turns":12},{"damage":2,"enemies":"Gremlin Nob","floor":11,"turns":3},{"damage":0,"enemies":"2 Fungi Beasts","floor":14,"turns":1},{"damage":0,"enemies":"Slime Boss","floor":16,"turns":6},{"damage":4,"enemies":"Shell Parasite","floor":18,"turns":2},{"damage":19,"enemies":"2 Thieves","floor":21,"turns":2},{"damage":0,"enemies":"Centurion and Healer","floor":22,"turns":4},{"damage":31,"enemies":"Nightmare","floor":24,"turns":5},{"damage":56,"enemies":"Automaton","floor":33,"turns":7},{"damage":12,"enemies":"3 Darklings","floor":35,"turns":3},{"damage":58,"enemies":"Orin","floor":36,"turns":5}],"seed_played":"3690946914799098784","potions_obtained":[{"floor":5,"key":"DemoMod:LeadSkinPotion"},{"floor":24,"key":"Milkshake"},{"floor":30,"key":"DemoMod:LeadSkinPotion"},{"floor":35,"key":"PowerPotion"}],"is_trial":false,"path_per_floor":["M","?","?","M","M","R","E","M","T","?","E","$","?","M","R","B",null,"M","?","$","M","M","R","NM","R","T","?","R","?","?","?","R","B",null,"M","?"],"character_chosen":"THE_SILENT","items_purchased":["Bane","MerchantsRug","Snake Skull","Guide Book","Caltrops","Juzu Bracelet","aspiration:Nostalgia"],"campfire_rested":3,"item_purchase_floors":[0,0,0,12,12,20,20],"current_hp_per_floor":[70,70,70,59,59,59,48,34,34,8,6,6,6,6,27,27,70,66,66,66,47,47,68,37,58,58,58,58,70,70,70,70,14,70,58,0,0],"gold":380,"neow_bonus":"","is_daily":false,"chose_seed":false,"campfire_upgraded":3,"win_rate":0.0,"timestamp":1609214167,"path_taken":["M","?","?","M","M","R","E","M","T","?","E","$","?","?","R","BOSS","M","?","$","M","M","R","NM","R","T","?","R","?","?","?","R","BOSS","M","?"],"items_purchased_type":["Card","Relic","Relic","Relic","Card","Relic","Relic"],"build_version":"2020-12-22","purchased_purges":2,"victory":false,"max_hp_per_floor":[70,70,70,70,70,70,70,70,70,70,70,70,70,70,70,70,70,70,70,70,70,70,70,70,70,70,70,70,70,70,70,70,70,70,70,70,70],"card_choices":[{"not_picked":["Hidden Blade","Dodge and Roll","Cloak And Dagger"],"picked":"SKIP","floor":1},{"not_picked":["Blade Dance","Skewer"],"picked":"Bane","floor":4},{"not_picked":["All Out Attack","Dagger Spray"],"picked":"Poisoned Stab","floor":5},{"not_picked":["Prepared","Dodge and Roll","Sucker Punch"],"picked":"SKIP","floor":7},{"not_picked":["Backflip","Blade Dance","Masterful Stab"],"picked":"SKIP","floor":8},{"not_picked":["Backflip","Dodge and Roll"],"picked":"Dagger Spray","floor":10},{"not_picked":["Expertise","Sucker Punch"],"picked":"Poisoned Stab","floor":11},{"not_picked":["Dagger Throw","Deflect"],"picked":"Caltrops","floor":14},{"not_picked":["Hidden Blade","Quick Slash","Calculated Gamble+1"],"picked":"SKIP","floor":18},{"not_picked":["conspire:PoisonWeapons","Skewer","Well Laid Plans"],"picked":"SKIP","floor":21},{"not_picked":["Deflect","Slice","Blade Dance"],"picked":"SKIP","floor":22},{"not_picked":["Blade Dance+1","Underhanded Strike","Prepared"],"picked":"SKIP","floor":24},{"not_picked":["Prepared","Acrobatics"],"picked":"Dagger Spray+1","floor":30},{"not_picked":["Unload","Night Terror"],"picked":"Poison Darts","floor":33},{"not_picked":["Backflip","Flying Knee","All Out Attack+1"],"picked":"SKIP","floor":35}],"player_experience":387026,"relics_obtained":[{"floor":1,"key":"AddBug"},{"floor":4,"key":"SecretRecord"},{"floor":7,"key":"Potion Belt"},{"floor":8,"key":"SecretRecord"},{"floor":9,"key":"WingedGreaves"},{"floor":10,"key":"REME_PuzzleBoxRelic"},{"floor":11,"key":"Replay:Towering Pillar of Hats"},{"floor":14,"key":"SecretRecord"},{"floor":24,"key":"Ccalipers"},{"floor":26,"key":"Shuriken"},{"floor":30,"key":"Darkstone Periapt"}],"event_choices":[{"damage_healed":0,"gold_gain":175,"player_choice":"AGREE","damage_taken":0,"max_hp_gain":0,"max_hp_loss":0,"event_name":"Liars Game","floor":3,"gold_loss":0,"cards_obtained":["Doubt"]},{"damage_healed":0,"gold_gain":0,"player_choice":"Searched \u00272\u0027 times","damage_taken":0,"max_hp_gain":0,"max_hp_loss":0,"event_name":"Dead Adventurer","floor":10,"gold_loss":0},{"damage_healed":0,"gold_gain":0,"player_choice":"Forge","damage_taken":0,"max_hp_gain":0,"max_hp_loss":0,"event_name":"Accursed Blacksmith","floor":13,"gold_loss":0,"cards_upgraded":["Caltrops"]},{"damage_healed":0,"gold_gain":0,"player_choice":"Ignored","damage_taken":0,"max_hp_gain":0,"max_hp_loss":0,"event_name":"Transmorgrifier","floor":27,"gold_loss":0},{"damage_healed":23,"gold_gain":0,"player_choice":"Heal","damage_taken":0,"max_hp_gain":0,"max_hp_loss":0,"event_name":"The Library","floor":29,"gold_loss":0},{"damage_healed":0,"gold_gain":99,"player_choice":"Stole From Cult","damage_taken":0,"max_hp_gain":0,"max_hp_loss":0,"event_name":"Nest","floor":31,"gold_loss":0},{"damage_healed":0,"gold_gain":0,"player_choice":"Fight","damage_taken":0,"max_hp_gain":0,"max_hp_loss":0,"event_name":"OrinTheCat","floor":36,"gold_loss":0}],"is_beta":false,"boss_relics":[{"not_picked":["Pandora\u0027s Box","Abe\u0027s Treasure"],"picked":"SlaversCollar"},{"not_picked":["Replay:Bronze Core","Cursed Key"],"picked":"Philosopher\u0027s Stone"}],"items_purged_floors":[20,20],"is_endless":true,"potions_floor_spawned":[4,5,8,14,24,35],"killed_by":"Orin","ascension_level":3}}