{"host":"cyiefo55v5hz1ih5","time":1609275937,"event":{"mods":["2.2 Compatiblity","AchievementEnabler","BaseMod","Downfall","GifTheSpireLib","Hubris","Minty Spire (QoL Compilation)","Replay The Spire","Spicy Shops","StSLib"],"gold_per_floor":[99,116,130,142,160,160,232,232,13,13,0,17,40,40,52,147,147,72,89,89,107,122,122,146,146,160,160,160],"floor_reached":27,"playtime":1671,"items_purged":["Regret"],"score":232,"play_id":"76b0f0fe-2cc9-4db3-b5ee-f310c235a248","local_time":"20201229160537","is_ascension_mode":false,"campfire_choices":[{"floor":1,"key":"RECALL"},{"data":"sneckomod:Cheat","floor":10,"key":"SMITH"},{"data":"sneckomod:UnknownRareSkill","floor":18,"key":"SMITH"}],"circlet_count":0,"master_deck":["sneckomod:Strike","sneckomod:Strike","sneckomod:Defend","sneckomod:Defend+1","sneckomod:Defend","sneckomod:TailWhip","sneckomod:SnekBite+1","sneckomod:Unknown","sneckomod:Unknown+2","sneckomod:DiceBlock","sneckomod:UnknownEthereal","sneckomod:SlitherStrike","sneckomod:Nope+1","sneckomod:CheapStock","sneckomod:SnekBeam+1","sneckomod:RainOfDice","sneckomod:UnknownClassPURPLE","sneckomod:UnknownUncommonSkill","sneckomod:UnknownRareSkill+1","AbeCurse","sneckomod:UnknownClassRED","sneckomod:Unknown0Cost","sneckomod:SerpentIdol+1"],"relics":["sneckomod:SneckoSoul","Abe\u0027s Treasure","downfall:HeartBlessingRed","ReplayTheSpireMod:Shallot","hubris:Icosahedron","downfall:RedIOU"],"acts_visited":["Exordium","TheCity"],"potions_floor_usage":[5,12,13,16,19],"damage_taken":[{"damage":0,"enemies":"Cultist","floor":2,"turns":2},{"damage":0,"enemies":"2 Louse","floor":3,"turns":3},{"damage":1,"enemies":"Jaw Worm","floor":4,"turns":4},{"damage":19,"enemies":"Exordium Wildlife","floor":5,"turns":2},{"damage":3,"enemies":"downfall:FleeingMerchant","floor":9,"turns":4},{"damage":7,"enemies":"downfall:FleeingMerchant","floor":11,"turns":4},{"damage":4,"enemies":"3 Louse","floor":12,"turns":2},{"damage":38,"enemies":"Gremlin Gang","floor":13,"turns":6},{"damage":0,"enemies":"Red Slaver","floor":15,"turns":3},{"damage":60,"enemies":"downfall:Ironclad","floor":16,"turns":10},{"damage":30,"enemies":"3 Byrds","floor":19,"turns":5},{"damage":20,"enemies":"Snake Plant","floor":21,"turns":4},{"damage":11,"enemies":"Chosen and Byrds","floor":22,"turns":5},{"damage":30,"enemies":"Cultist and Chosen","floor":26,"turns":6},{"damage":10,"enemies":"Gremlin Leader","floor":27,"turns":1}],"seed_played":"-7465563127930958328","potions_obtained":[{"floor":2,"key":"Explosive Potion"},{"floor":4,"key":"AttackPotion"},{"floor":12,"key":"AttackPotion"},{"floor":12,"key":"Ancient Potion"},{"floor":16,"key":"BlessingOfTheForge"},{"floor":26,"key":"Energy Potion"}],"is_trial":false,"path_per_floor":["R","M","M","M","M","?","T","?","$","R","$","M","M","?","M","B",null,"R","M","T","M","M","?","T","?","M","E"],"character_chosen":"THE_SNECKO","items_purchased":["sneckomod:CheapStock","sneckomod:SnekBeam+1"],"campfire_rested":0,"item_purchase_floors":[9,9],"current_hp_per_floor":[90,90,91,90,71,71,71,91,88,88,81,77,40,102,103,44,104,104,75,75,56,45,45,45,45,15,5,5],"gold":160,"neow_bonus":"REMOVE_CARD","is_daily":false,"chose_seed":false,"campfire_upgraded":2,"win_rate":0.0,"timestamp":1609275937,"path_taken":["R","M","M","?","?","?","T","?","$","R","?","M","?","?","M","BOSS","R","?","?","M","M","?","T","?","M","E"],"items_purchased_type":["Card","Card"],"build_version":"2020-12-22","purchased_purges":1,"victory":false,"max_hp_per_floor":[90,90,91,91,91,91,91,91,91,91,91,91,92,102,103,104,104,104,105,105,106,106,106,106,106,106,106,106],"card_choices":[{"not_picked":["sneckomod:UnknownCommonAttack","sneckomod:UnknownWeak"],"picked":"sneckomod:DiceBlock","floor":2},{"not_picked":["sneckomod:UnknownWeak","sneckomod:IronFang"],"picked":"sneckomod:UnknownEthereal","floor":3},{"not_picked":["sneckomod:UnknownBlock","sneckomod:SoulExchange"],"picked":"sneckomod:SlitherStrike","floor":4},{"not_picked":["sneckomod:TrashToTreasure","sneckomod:DiceCrush"],"picked":"sneckomod:Nope","floor":5},{"not_picked":["sneckomod:UnknownX","sneckomod:SnekBeam"],"picked":"sneckomod:Cheat","floor":9},{"not_picked":["sneckomod:DiceBlock","sneckomod:QuickBite","sneckomod:TrashToTreasure"],"picked":"SKIP","floor":11},{"not_picked":["sneckomod:SnekBeam","sneckomod:Nope"],"picked":"sneckomod:RainOfDice","floor":12},{"not_picked":["sneckomod:UnknownClassSLIMEBOUND","sneckomod:Nope"],"picked":"sneckomod:UnknownClassPURPLE","floor":13},{"not_picked":["sneckomod:RainOfDice","sneckomod:UnknownBlock"],"picked":"sneckomod:UnknownUncommonSkill","floor":15},{"not_picked":["sneckomod:DangerNoodle","sneckomod:Unknown3Cost"],"picked":"sneckomod:UnknownRareSkill","floor":16},{"not_picked":["sneckomod:WideSting","sneckomod:Rotation+1"],"picked":"sneckomod:UnknownClassRED","floor":19},{"not_picked":["sneckomod:DiceCrush","sneckomod:UnknownCommonAttack"],"picked":"sneckomod:Unknown0Cost","floor":21},{"not_picked":["sneckomod:DiceBlock","sneckomod:SnakeSap","sneckomod:SoulDraw"],"picked":"SKIP","floor":22},{"not_picked":["sneckomod:UnknownWeak+1","sneckomod:QuickBite"],"picked":"sneckomod:SerpentIdol+1","floor":26}],"player_experience":769034,"relics_obtained":[{"floor":20,"key":"ReplayTheSpireMod:Shallot"},{"floor":24,"key":"Blue Doll"}],"event_choices":[{"damage_healed":30,"gold_gain":0,"player_choice":"Banana","damage_taken":0,"max_hp_gain":0,"max_hp_loss":0,"event_name":"Big Fish","floor":8,"gold_loss":0},{"cards_removed":["sneckomod:Cheat"],"damage_healed":52,"gold_gain":0,"player_choice":"Offered Rare","damage_taken":0,"max_hp_gain":10,"max_hp_loss":0,"event_name":"Bonfire Elementals","floor":14,"gold_loss":0}],"is_beta":false,"boss_relics":[{"not_picked":["hubris:BlackHole","Cursed Key"],"picked":"Abe\u0027s Treasure"}],"items_purged_floors":[9],"is_endless":false,"potions_floor_spawned":[2,4,12,16,26],"killed_by":"Gremlin Leader","ascension_level":0}}