{"host":"htz0vj76zckzolyr","time":1609207522,"event":{"mods":["Act Like it!","BaseMod","CapriCore","Colored Map","Colored Powertips","Downfall","Friendly Minions","Gensokyo","Hunter ¡‘»À","Lobotomy","LobotomyExtend","Marisa£®ÏF”Í°°ƒß¿Ì…≥£©","Minty Spire (QoL Compilation)","Quick Restart","Relic Stats","Shop Mod","StSLib","The Administrix","The Animator","The Immortal"],"gold_per_floor":[114,67,83,343,343,343,343,523,574,590,590,617,617,643,643,748,748,764,776,153,0,0,0,0,29,29,45,62,241,253,253],"floor_reached":30,"playtime":2325,"items_purged":[],"score":492,"play_id":"953152f6-84c1-4ce7-b80e-5d9f205dca70","local_time":"20201229100522","is_ascension_mode":true,"campfire_choices":[{"data":"GalacticHalo","floor":6.0,"key":"SMITH"},{"data":"ManaRampage","floor":11,"key":"SMITH"},{"data":"6A","floor":13,"key":"SMITH"},{"data":"MaximisePower","floor":15,"key":"SMITH"},{"data":"TreasureHunter","floor":24,"key":"SMITH"}],"circlet_count":0,"master_deck":["Defend_MRS","Defend_MRS","MasterSpark+1","MaximisePower+1","6A+1","GalacticHalo+1","ManaRampage+1","Orbital","UltimateShortwave+1","StarBarrage+1","NonDirectionalLaser+1","Gensokyo:BlemishedSteel","TreasureHunter+1"],"relics":["MiniHakkero","LetterFromLob","Strawberry","Ornamental Fan","Juzu Bracelet","Shuriken","Astrolabe","Chemical X","HandDrill","TheAbacus","Gensokyo:MosesMiracle","Vajra","Kunai","Dream Catcher","MawBank"],"acts_visited":["Gensokyo:Gensokyo","Gensokyo:Gensokyoer"],"potions_floor_usage":[25,25,28,30],"damage_taken":[{"damage":0.0,"enemies":"Gensokyo:Python","floor":1.0,"turns":2.0},{"damage":3.0,"enemies":"Gensokyo:3_Fairies","floor":3.0,"turns":6.0},{"damage":9.0,"enemies":"Gensokyo:Gryphon","floor":4.0,"turns":4.0},{"damage":12.0,"enemies":"Gensokyo:Aya","floor":8.0,"turns":5.0},{"damage":13,"enemies":"Gensokyo:5_Fairies","floor":10,"turns":8},{"damage":34,"enemies":"Gensokyo:Cirno","floor":12,"turns":6},{"damage":1,"enemies":"Gensokyo:Aya","floor":14,"turns":3},{"damage":0,"enemies":"Gensokyo:Reimu","floor":16,"turns":5},{"damage":0,"enemies":"Gensokyo:CosmicMonolith","floor":18,"turns":2},{"damage":17,"enemies":"Gensokyo:AngelMirror","floor":19,"turns":3},{"damage":18,"enemies":"Gensokyo:Koishi","floor":25,"turns":3},{"damage":13,"enemies":"Gensokyo:Wraith","floor":27,"turns":5},{"damage":7,"enemies":"Gensokyo:Slime_Group","floor":28,"turns":3},{"damage":0,"enemies":"Gensokyo:Reisen","floor":29,"turns":2},{"damage":10,"enemies":"Gensokyo:Mirror_and_Dog","floor":30,"turns":2}],"seed_played":"7378869826638176737","potions_obtained":[{"floor":3.0,"key":"LiquidMemories"},{"floor":4.0,"key":"Energy Potion"},{"floor":8.0,"key":"Ancient Potion"},{"floor":16,"key":"BottledSpark"},{"floor":18,"key":"PowerPotion"},{"floor":19,"key":"Swift Potion"},{"floor":29,"key":"ColorlessPotion"}],"is_trial":false,"path_per_floor":["M","COS","M","M","?","R","?","E","T","M","R","E","R","E","R","B",null,"M","M","COS","?","?","?","R","E","T","M","M","E","M"],"character_chosen":"MARISA","items_purchased":[],"campfire_rested":0,"item_purchase_floors":[],"current_hp_per_floor":[68,68,65,56,72,72,69,57,57,44,44,10,10,9,9,9,64,64,47,47,47,47,47,47,29,29,16,9,9,0,0],"gold":253,"neow_bonus":"TRANSFORM_CARD","is_daily":false,"chose_seed":false,"campfire_upgraded":5,"win_rate":0.0,"timestamp":1609207522,"path_taken":["M","COS","M","M","?","R","?","E","T","M","R","E","R","E","R","BOSS","M","M","COS","?","?","?","R","E","T","M","M","E","M"],"items_purchased_type":[],"build_version":"2020-12-22","purchased_purges":0,"victory":false,"max_hp_per_floor":[75,75,75,75,75,75,82,82,82,82,82,82,82,82,82,82,82,82,82,82,82,82,82,82,82,82,82,82,82,82,82],"relic_stats":{"Dream Catcher":0,"TheAbacus":[24],"counters":[15,59],"Ornamental Fan":[64],"Shuriken":[11],"Astrolabe":["StarBarrage","NonDirectionalLaser","MagicChant"],"Juzu Bracelet":1,"HandDrill":[2],"Chemical X":[1],"Kunai":[5],"MawBank":12,"obtain_stats":[{"Astrolabe":17,"Vajra":25,"Gensokyo:MosesMiracle":28,"Juzu Bracelet":12,"MawBank":29,"Frozen Eye":25,"Dream Catcher":28,"TheAbacus":20,"Ornamental Fan":8,"Shuriken":14,"Strawberry":7,"Gensokyo:DayTheSeaSplit":23,"LetterFromLob":1,"HandDrill":20,"MiniHakkero":0,"Chemical X":20,"Kunai":26},{"Astrolabe":8,"Vajra":11,"Gensokyo:MosesMiracle":13,"Juzu Bracelet":6,"MawBank":14,"Frozen Eye":10,"Dream Catcher":13,"TheAbacus":10,"Ornamental Fan":4,"Shuriken":7,"Strawberry":3,"Gensokyo:DayTheSeaSplit":10,"LetterFromLob":1,"HandDrill":10,"MiniHakkero":0,"Chemical X":10,"Kunai":11},{"Astrolabe":39,"Vajra":47,"Gensokyo:MosesMiracle":55,"Juzu Bracelet":31,"MawBank":57,"Frozen Eye":44,"Dream Catcher":55,"TheAbacus":44,"Ornamental Fan":17,"Shuriken":34,"Strawberry":12,"Gensokyo:DayTheSeaSplit":44,"LetterFromLob":2,"HandDrill":44,"MiniHakkero":0,"Chemical X":44,"Kunai":47}]},"card_choices":[{"not_picked":["AsteroidBelt","SporeBomb","MilkyWay"],"picked":"SKIP","floor":1.0},{"not_picked":["EnergyRecoil","DragonMeteor"],"picked":"6A","floor":3.0},{"not_picked":["GravityBeat","ChargeUpSpray"],"picked":"GalacticHalo","floor":4.0},{"not_picked":["AsteroidBelt","WitchLeyline"],"picked":"ManaRampage","floor":8.0},{"not_picked":["SporeBomb","OortCloud","WitchOfGreed"],"picked":"SKIP","floor":10},{"not_picked":["SporeBomb","DoubleSpark","DC"],"picked":"SKIP","floor":12},{"not_picked":["6A","SporeBomb"],"picked":"Orbital","floor":14},{"not_picked":["AbsoluteMagnitude","TreasureHunter"],"picked":"UltimateShortwave","floor":16},{"not_picked":["NonDirectionalLaser","StarBarrage","EventHorizon"],"picked":"SKIP","floor":18},{"not_picked":["MilkyWay+1","IllusionStar","GalacticHalo"],"picked":"SKIP","floor":19},{"not_picked":["Occultation","GalacticHalo","Robbery"],"picked":"SKIP","floor":25},{"not_picked":["GrandCross","UltimateShortwave","MilkyWay"],"picked":"SKIP","floor":27},{"not_picked":["LuminesStrike+1","AsteroidBelt+1","DC+1"],"picked":"SKIP","floor":28},{"not_picked":["LuminesStrike","JA","WitchLeyline"],"picked":"SKIP","floor":29}],"player_experience":643671,"relics_obtained":[{"floor":1.0,"key":"LetterFromLob"},{"floor":8.0,"key":"Ornamental Fan"},{"floor":12,"key":"Juzu Bracelet"},{"floor":14,"key":"Shuriken"},{"floor":25,"key":"Vajra"},{"floor":26,"key":"Kunai"},{"floor":28,"key":"Gensokyo:MosesMiracle"},{"floor":29,"key":"MawBank"}],"event_choices":[],"is_beta":false,"boss_relics":[{"not_picked":["ExperimentalFamiliar","Runic Pyramid"],"picked":"Astrolabe"}],"items_purged_floors":[],"is_endless":false,"potions_floor_spawned":[3,4,8,16,18,19,29],"killed_by":"Gensokyo:Mirror_and_Dog","ascension_level":9}}