{"host":"cq8xacpj8p19paz6","time":1609248071,"event":{"mods":["Aspiration","BaseMod","Better Altar","Better Match","Better Sensory Stone","Better Skull","Better Third Choice","BetterRewards","Downfall","GungeonMod","Hermit","Highlight Path","Infinite Spire","Marisa????????","Minty Spire (QoL Compilation)","Replay The Spire","Shade Mod","Spicy Shops","StSLib","The Bug Knight","The Construct","The Cursed","The Hierophant","The Necromancer","The Servant 0.9.4","TheBandit"],"gold_per_floor":[118,118,129,129,30,30,42,42,42,62,79,79,79,90,90,192,192,211,28,44,54,54,54,67,67,67,67,67,67,85,85,95,95,95,193,193,207,207,177,189,189,189,189],"floor_reached":41,"playtime":3520,"items_purged":["Burn","wariomod:HastyRush+1"],"score":383,"play_id":"4566a737-f910-4a1a-a4ae-a029049cae5c","local_time":"20201229132111","is_ascension_mode":false,"campfire_choices":[{"data":"wariomod:ImFeelingLucky","floor":6,"key":"SMITH"},{"floor":13,"key":"REST"},{"floor":25,"key":"REST"},{"floor":27,"key":"REST"},{"data":"infinitespire:DeathsTouch","floor":34,"key":"SMITH"}],"circlet_count":0,"master_deck":["wariomod:Strike","wariomod:Strike","wariomod:Strike","wariomod:Strike","wariomod:Defend","wariomod:Defend","wariomod:Defend","wariomod:Step","wariomod:Leap","wariomod:BoomBoom","wariomod:Leapslam+1","wariomod:ImFeelingLucky+1","wariomod:SmallSprint","wariomod:ThatsNotAll","wariomod:DoubleDash","wariomod:Smackflip","wariomod:EmptyMind","wariomod:Enshrine","wariomod:SpikeSlash","wariomod:CursedSpaces+1","wariomod:BodyBlock","wariomod:TempestBlasts","Shame","wariomod:Goblast+1","wariomod:ChargeForth","infinitespire:DeathsTouch+1","wariomod:AbandonGame","wariomod:ChargeForth+1"],"relics":["wariomod:TheHat","aspiration:HatOfInfinitePower","DemoMod:WhiteGuonStone","wariomod:PropellerHat","Replay:Wax Seal","Darkstone Periapt","Replay:Baseball","wariomod:DoomHat"],"acts_visited":["Exordium","TheCity","TheBeyond"],"potions_floor_usage":[16,16,16,30,35,35,35,39],"damage_taken":[{"damage":9,"enemies":"2 Louse","floor":1,"turns":2},{"damage":0,"enemies":"Cultist","floor":3,"turns":2},{"damage":6,"enemies":"Jaw Worm","floor":7,"turns":2},{"damage":10,"enemies":"2 Fungi Beasts","floor":10,"turns":2},{"damage":3,"enemies":"Exordium Thugs","floor":11,"turns":4},{"damage":2,"enemies":"Red Slaver","floor":14,"turns":3},{"damage":31,"enemies":"Hexaghost","floor":16,"turns":6},{"damage":0,"enemies":"Chosen","floor":18,"turns":4},{"damage":17,"enemies":"Spheric Guardian","floor":20,"turns":4},{"damage":9,"enemies":"Snake Plant","floor":21,"turns":4},{"damage":30,"enemies":"3 Cultists","floor":24,"turns":5},{"damage":20,"enemies":"Snecko","floor":30,"turns":6},{"damage":25,"enemies":"Centurion and Healer","floor":32,"turns":6},{"damage":62,"enemies":"Champ","floor":35,"turns":9},{"damage":18,"enemies":"Orb Walker","floor":37,"turns":3},{"damage":40,"enemies":"3 Shapes","floor":40,"turns":4},{"damage":0,"enemies":"Transient","floor":41,"turns":1}],"seed_played":"-5894379383614151271","potions_obtained":[{"floor":3,"key":"BlessingOfTheForge"},{"floor":7,"key":"FearPotion"},{"floor":14,"key":"PowerPotion"},{"floor":18,"key":"Block Potion"},{"floor":21,"key":"FearPotion"},{"floor":32,"key":"Explosive Potion"},{"floor":39,"key":"CultistPotion"},{"floor":39,"key":"Fruit Juice"}],"is_trial":false,"path_per_floor":["M","?","M","?","$","R","M","?","T","M","M","?","R","M","R","B",null,"M","$","M","M","PTL","PTL","M","R","?","R","T","?","M","?","M","AVR","R","B",null,"M","?","?","M","M"],"character_chosen":"THE_BANDIT","items_purchased":["wariomod:ThatsNotAll","Replay:Wax Seal"],"campfire_rested":3,"item_purchase_floors":[5,19],"current_hp_per_floor":[66,66,66,66,66,66,60,60,60,50,47,47,69,67,75,44,75,75,75,58,49,49,49,19,41,49,71,71,77,57,57,32,32,32,19,81,63,63,68,28,0,0,0],"gold":189,"neow_bonus":"","is_daily":false,"chose_seed":false,"campfire_upgraded":2,"win_rate":0.0,"timestamp":1609248071,"path_taken":["M","?","?","?","$","R","M","?","T","M","M","?","R","?","R","BOSS","M","$","M","M","PTL","PTL","M","R","?","R","T","?","M","?","M","AVR","R","BOSS","M","?","?","M","?"],"items_purchased_type":["Card","Relic"],"build_version":"2020-12-22","purchased_purges":2,"victory":false,"max_hp_per_floor":[75,75,75,75,75,75,75,75,75,75,75,75,75,75,75,75,75,75,75,75,75,75,75,75,75,75,75,75,81,81,81,81,81,81,81,81,81,81,86,86,86,86,86],"card_choices":[{"not_picked":["wariomod:Boomsmack","wariomod:SimpleShield"],"picked":"wariomod:ImFeelingLucky","floor":1},{"not_picked":["wariomod:Bombshield","wariomod:CursedSpaces"],"picked":"wariomod:SmallSprint","floor":3},{"not_picked":["wariomod:PayItForwards","wariomod:Hopshield"],"picked":"wariomod:DoubleDash","floor":7},{"not_picked":["wariomod:WipeClean","wariomod:BlastDash"],"picked":"wariomod:Smackflip","floor":10},{"not_picked":["wariomod:DiceyMove","wariomod:SmackSlam"],"picked":"wariomod:HastyRush","floor":11},{"not_picked":["wariomod:BodyBlock","wariomod:Purify"],"picked":"wariomod:EmptyMind","floor":14},{"not_picked":["wariomod:BoomForm","wariomod:GoAgain"],"picked":"wariomod:Enshrine","floor":16},{"not_picked":["wariomod:NullJump","wariomod:DamnedStrength+1"],"picked":"wariomod:SpikeSlash","floor":18},{"not_picked":["wariomod:NullJump","wariomod:DoubleDash"],"picked":"wariomod:CursedSpaces+1","floor":20},{"not_picked":["wariomod:PayItForwards","wariomod:BoomBoom"],"picked":"wariomod:BodyBlock","floor":21},{"not_picked":["wariomod:HastyRush","wariomod:HappyHop"],"picked":"wariomod:TempestBlasts","floor":24},{"not_picked":["wariomod:Hopshield+1","wariomod:SpikeSlash"],"picked":"wariomod:Goblast+1","floor":30},{"not_picked":["wariomod:AwfulLook","wariomod:Game"],"picked":"wariomod:ChargeForth","floor":32},{"not_picked":["wariomod:KeyFinisher","wariomod:SpacialMastery"],"picked":"wariomod:AbandonGame","floor":35},{"not_picked":["wariomod:Smackflip","wariomod:SmackSlam+1","wariomod:Leapslam+1"],"picked":"SKIP","floor":37},{"not_picked":["wariomod:EndlessBlast","wariomod:TrekTime"],"picked":"wariomod:ChargeForth+1","floor":40}],"player_experience":97440,"relics_obtained":[{"floor":9,"key":"DemoMod:WhiteGuonStone"},{"floor":28,"key":"Darkstone Periapt"}],"event_choices":[{"damage_healed":0,"gold_gain":0,"player_choice":"Ignored","damage_taken":0,"max_hp_gain":0,"max_hp_loss":0,"event_name":"NoteForYourself","floor":2,"gold_loss":0},{"damage_healed":66,"gold_gain":0,"player_choice":"Embrace Burn","damage_taken":0,"max_hp_gain":0,"max_hp_loss":75,"event_name":"betterThird:BetterShining","floor":4,"gold_loss":0},{"damage_healed":0,"gold_gain":0,"player_choice":"Grow","damage_taken":0,"max_hp_gain":0,"max_hp_loss":0,"event_name":"Living Wall","floor":8,"gold_loss":0,"cards_upgraded":["wariomod:Leapslam"]},{"damage_healed":0,"gold_gain":0,"player_choice":"Ignored","damage_taken":79,"max_hp_gain":0,"max_hp_loss":0,"event_name":"betterThird:BetterSerpent","floor":12,"gold_loss":0},{"damage_healed":0,"gold_gain":0,"player_choice":"Bought 2 Potions","damage_taken":0,"max_hp_gain":0,"max_hp_loss":0,"event_name":"The Woman in Blue","floor":39,"gold_loss":0}],"is_beta":false,"boss_relics":[{"not_picked":["Coffee Dripper","Astrolabe"],"picked":"wariomod:PropellerHat"},{"not_picked":["Runic Dome","aspiration:DefectSkillbook"],"picked":"wariomod:DoomHat"}],"items_purged_floors":[5,19],"is_endless":false,"potions_floor_spawned":[3,7,14,18,21,24,32],"killed_by":"Transient","ascension_level":0}}