{"host":"3qkmyeoym75lj4wn","time":1609263433,"event":{"mods":["2.2 Compatiblity","BaseMod","Block Reminder","Colored Powertips","Highlight Path","Minty Spire (QoL Compilation)","Permanent Neow","Potion Indicator Mod","Rare Cards Sparkle","Relic Stats","StSLib"],"gold_per_floor":[119,119,133,151,167,202,202,233,287,287,299,317,317,417,417,417,417],"floor_reached":16,"playtime":687,"items_purged":[],"score":224,"play_id":"7f86f714-c863-46a4-8a9b-c39e27261860","local_time":"20201229173713","is_ascension_mode":true,"campfire_choices":[{"floor":7,"key":"REST"},{"floor":10,"key":"REST"},{"data":"Fission","floor":13,"key":"SMITH"},{"floor":15,"key":"REST"}],"circlet_count":0,"master_deck":["AscendersBane","Strike_B+1","Strike_B","Strike_B","Strike_B","Defend_B","Defend_B","Defend_B","Defend_B","Zap","Dualcast","Fission+1","Cold Snap","Coolheaded","Streamline+1","Biased Cognition","BootSequence","Ball Lightning"],"relics":["Cracked Core","Toy Ornithopter","Kunai","Whetstone"],"acts_visited":["Exordium"],"potions_floor_usage":[5,8,16],"damage_taken":[{"damage":3,"enemies":"2 Louse","floor":1,"turns":3},{"damage":0,"enemies":"Small Slimes","floor":3,"turns":3},{"damage":0,"enemies":"Cultist","floor":4,"turns":3},{"damage":1,"enemies":"Looter","floor":5,"turns":3},{"damage":37,"enemies":"Lagavulin","floor":6,"turns":8},{"damage":46,"enemies":"3 Sentries","floor":8,"turns":14},{"damage":0,"enemies":"Large Slime","floor":11,"turns":6},{"damage":0,"enemies":"2 Fungi Beasts","floor":12,"turns":2},{"damage":69,"enemies":"Slime Boss","floor":16,"turns":9}],"seed_played":"6161025738415293508","potions_obtained":[{"floor":1,"key":"SpeedPotion"},{"floor":4,"key":"DuplicationPotion"},{"floor":5,"key":"SpeedPotion"}],"is_trial":false,"path_per_floor":["M","?","M","M","M","E","R","E","T","R","M","M","R","?","R","B"],"character_chosen":"DEFECT","items_purchased":[],"campfire_rested":3,"item_purchase_floors":[],"current_hp_per_floor":[61,66,66,66,65,28,50,9,9,31,31,31,31,31,53,0,0],"gold":417,"neow_bonus":"ONE_RANDOM_RARE_CARD","is_daily":false,"chose_seed":false,"campfire_upgraded":1,"win_rate":0.0,"timestamp":1609263433,"path_taken":["M","?","M","M","M","E","R","E","T","R","M","M","R","?","R","BOSS"],"items_purchased_type":[],"build_version":"2020-12-22","purchased_purges":0,"victory":false,"max_hp_per_floor":[71,76,76,76,76,76,76,76,76,76,76,76,76,76,76,76,76],"relic_stats":{"counters":[9,51],"Kunai":[0],"Whetstone":["Strike_B","Streamline"],"obtain_stats":[{"Kunai":8,"Whetstone":9,"Cracked Core":0,"Toy Ornithopter":6},{"Kunai":6,"Whetstone":6,"Cracked Core":0,"Toy Ornithopter":5},{"Kunai":34,"Whetstone":34,"Cracked Core":0,"Toy Ornithopter":20}],"Toy Ornithopter":10},"card_choices":[{"not_picked":["Double Energy","Heatsinks"],"picked":"Cold Snap","floor":1},{"not_picked":["Storm","FTL","Beam Cell"],"picked":"SKIP","floor":3},{"not_picked":["Loop","Blizzard"],"picked":"Coolheaded","floor":4},{"not_picked":["Turbo","Self Repair"],"picked":"Streamline","floor":5},{"not_picked":["Buffer","Skim"],"picked":"Biased Cognition","floor":6},{"not_picked":["Lockon","Double Energy"],"picked":"BootSequence","floor":8},{"not_picked":["Compile Driver","Sweeping Beam","Streamline"],"picked":"SKIP","floor":11},{"not_picked":["Leap","Redo"],"picked":"Ball Lightning","floor":12}],"player_experience":1606951,"relics_obtained":[{"floor":6,"key":"Toy Ornithopter"},{"floor":8,"key":"Kunai"},{"floor":9,"key":"Whetstone"}],"event_choices":[{"damage_healed":0,"gold_gain":0,"player_choice":"Donut","damage_taken":0,"max_hp_gain":5,"max_hp_loss":0,"event_name":"Big Fish","floor":2,"gold_loss":0},{"damage_healed":0,"gold_gain":100,"player_choice":"Gold","damage_taken":0,"max_hp_gain":0,"max_hp_loss":0,"event_name":"Wheel of Change","floor":14,"gold_loss":0}],"is_beta":false,"boss_relics":[],"items_purged_floors":[],"is_endless":false,"potions_floor_spawned":[1,4,5],"killed_by":"Slime Boss","ascension_level":20}}