{"host":"chv1qanoipyt46jc","time":1609260319,"event":{"mods":["2.2 Compatiblity","AchievementEnabler","BaseMod","BetterRewards","CapriCore","Card Filter","Gold Saver","Grow up Mod","Minty Spire (QoL Compilation)","Rare Cards Sparkle","Relic Filter","Remove Card Discount Mod","Reorder Act Four","StSLib","The Construct"],"gold_per_floor":[1088,1107,1123,1141,1161,1161,1196,1196,1196,1196,1211,1177,922,949,949,1046,1046,1056,1067,1067,1086,1105,1105,1132,1132,1155,1155,1167,1197,1214,1226,1226,1323,1323,1337,1352,1364,1379,1393,1411,1411,1458,1458,1491,1491,1491,1491,1504,1504,1504,1504,1421,1421,1446,1446],"floor_reached":56,"playtime":4551,"items_purged":[],"score":1512,"play_id":"ed321781-b529-48a3-9789-5a04b3729028","local_time":"20201229104519","is_ascension_mode":false,"campfire_choices":[{"data":"construct:ScopeCore","floor":6,"key":"SMITH"},{"floor":8,"key":"REST"},{"data":"construct:GuardCore","floor":10,"key":"SMITH"},{"floor":15,"key":"RECALL"},{"data":"construct:Autoturret","floor":23,"key":"SMITH"},{"data":"construct:Autoturret","floor":25,"key":"SMITH"},{"data":"construct:BatteryCore","floor":27,"key":"SMITH"},{"floor":32,"key":"REST"},{"data":"construct:Autoturret","floor":41,"key":"SMITH"},{"floor":47,"key":"REST"},{"data":"construct:MassProduction","floor":49,"key":"SMITH"},{"data":"construct:FlameCore","floor":53,"key":"SMITH"}],"circlet_count":0,"master_deck":["construct:Strike_Gold+1","construct:Strike_Gold","construct:Strike_Gold","construct:Strike_Gold","construct:Strike_Gold","construct:Defend_Gold","construct:Defend_Gold","construct:Defend_Gold","construct:Defend_Gold","construct:Defend_Gold","construct:AttackMode","construct:DefenseMode+1","construct:Autoturret+1","construct:Autoturret+1","construct:Boost","construct:HeavyBolt","construct:Reinforce","construct:Boost","construct:ScopeCore+1","construct:SuppressiveFire","construct:GuardCore+1","construct:PointDefense","construct:Autoturret+1","construct:Forcefield","construct:PointDefense+1","construct:Isolate","construct:Backfire+1","construct:ScopeCore","construct:BatteryCore+1","construct:Versatility","construct:Failsafe","construct:Tumble+1","construct:MassProduction+1","construct:Autoturret","construct:FlameCore","construct:ShiftGuard+1","construct:ScopeCore","construct:FlameCore+1","construct:FlameCore+1","construct:Autoturret+1","construct:BatteryCore","Madness+1","Madness+1","construct:Autoturret","Deep Breath+1"],"relics":["construct:Cogwheel","Bronze Scales","construct:RocketBooster","Orrery","Vajra","Singing Bowl","Ancient Tea Set","construct:WeddingRing","Omamori","Dream Catcher","Pen Nib","SlaversCollar","Prayer Wheel","Toxic Egg 2","Bag of Preparation","Torii"],"acts_visited":["Exordium","TheCity","TheBeyond","TheEnding"],"potions_floor_usage":[7,7,55,55],"damage_taken":[{"damage":7,"enemies":"Jaw Worm","floor":1,"turns":3},{"damage":18,"enemies":"Small Slimes","floor":2,"turns":5},{"damage":7,"enemies":"2 Louse","floor":3,"turns":3},{"damage":9,"enemies":"Exordium Wildlife","floor":4,"turns":6},{"damage":18,"enemies":"Blue Slaver","floor":5,"turns":4},{"damage":33,"enemies":"3 Sentries","floor":7,"turns":9},{"damage":14,"enemies":"Lots of Slimes","floor":11,"turns":3},{"damage":30,"enemies":"Exordium Thugs","floor":12,"turns":7},{"damage":22,"enemies":"Lagavulin","floor":14,"turns":8},{"damage":15,"enemies":"Slime Boss","floor":16,"turns":9},{"damage":45,"enemies":"Chosen","floor":18,"turns":7},{"damage":20,"enemies":"3 Byrds","floor":19,"turns":3},{"damage":18,"enemies":"Snecko","floor":21,"turns":7},{"damage":70,"enemies":"3 Cultists","floor":22,"turns":7},{"damage":75,"enemies":"Slavers","floor":24,"turns":7},{"damage":31,"enemies":"Shelled Parasite and Fungi","floor":28,"turns":6},{"damage":71,"enemies":"Gremlin Leader","floor":29,"turns":12},{"damage":11,"enemies":"Centurion and Healer","floor":30,"turns":13},{"damage":49,"enemies":"3 Cultists","floor":31,"turns":6},{"damage":76,"enemies":"Automaton","floor":33,"turns":13},{"damage":51,"enemies":"3 Shapes","floor":35,"turns":9},{"damage":10,"enemies":"Orb Walker","floor":36,"turns":5},{"damage":16,"enemies":"Maw","floor":37,"turns":10},{"damage":74,"enemies":"Sphere and 2 Shapes","floor":38,"turns":6},{"damage":102,"enemies":"Transient","floor":39,"turns":5},{"damage":11,"enemies":"Spire Growth","floor":40,"turns":7},{"damage":106,"enemies":"2 Orb Walkers","floor":42,"turns":6},{"damage":103,"enemies":"Reptomancer","floor":44,"turns":7},{"damage":22,"enemies":"4 Shapes","floor":48,"turns":6},{"damage":82,"enemies":"Donu and Deca","floor":50,"turns":9},{"damage":117,"enemies":"Shield and Spear","floor":54,"turns":8},{"damage":75,"enemies":"The Heart","floor":55,"turns":8}],"seed_played":"-9204076572372539220","potions_obtained":[{"floor":1,"key":"ColorlessPotion"},{"floor":3,"key":"Fire Potion"},{"floor":11,"key":"PowerPotion"},{"floor":18,"key":"DistilledChaos"},{"floor":29,"key":"FairyPotion"}],"is_trial":false,"path_per_floor":["M","M","M","M","M","R","E","R","T","R","M","M","$","E","R","B",null,"M","M","$","M","M","R","E","R","T","R","M","E","M","M","R","B",null,"M","M","M","M","M","M","R","?","T","E","?","?","R","M","R","B",null,"$","R","E","B",null],"character_chosen":"THE_CONSTRUCT_MOD","items_purchased":["construct:Autoturret","construct:Autoturret","construct:Boost","construct:HeavyBolt","Bronze Scales","construct:Reinforce","construct:RocketBooster","Orrery","construct:Autoturret","construct:Forcefield","Block Potion","Singing Bowl","Deep Breath+1"],"campfire_rested":3,"item_purchase_floors":[0,0,0,0,0,0,0,0,0,0,0,13,52],"current_hp_per_floor":[44,36,39,40,32,42,19,78,88,98,94,74,84,74,84,79,267,232,224,234,226,166,176,111,121,131,141,122,61,62,25,161,97,449,410,410,404,342,250,251,261,167,177,86,96,35,218,210,220,148,633,643,653,548,483],"gold":1446,"neow_bonus":"","is_daily":false,"chose_seed":false,"campfire_upgraded":8,"win_rate":0.0,"timestamp":1609260319,"path_taken":["M","M","M","M","M","R","E","R","T","R","M","M","$","E","R","BOSS","M","M","$","M","M","R","E","R","T","R","M","E","M","M","R","BOSS","M","M","M","M","M","M","R","?","T","E","?","?","R","M","R","BOSS","$","R","E","BOSS"],"items_purchased_type":["Card","Card","Card","Card","Relic","Card","Relic","Relic","Card","Card","Potion","Relic","Card"],"build_version":"2020-12-22","purchased_purges":0,"victory":true,"max_hp_per_floor":[105,115,125,135,145,155,165,175,185,195,205,215,225,237,247,257,267,277,289,299,309,319,329,339,349,359,369,381,391,403,415,427,439,449,461,471,481,493,503,515,525,537,547,559,569,579,589,603,613,623,633,643,653,665,675],"card_choices":[{"not_picked":["construct:ChargeShot","construct:Stasis"],"picked":"construct:Boost","floor":0},{"not_picked":["construct:ModeShift","construct:PowerUp"],"picked":"construct:ScopeCore","floor":0},{"not_picked":["construct:Electrocute","construct:Overcharge"],"picked":"construct:SuppressiveFire","floor":0},{"not_picked":["construct:Anticipate","construct:Impenetrable"],"picked":"construct:GuardCore","floor":0},{"not_picked":["construct:Stasis","construct:Anticipate"],"picked":"construct:PointDefense","floor":0},{"not_picked":["construct:ModeShift","construct:Dampening"],"picked":"construct:PointDefense","floor":1},{"not_picked":["construct:Forcefield","construct:SuppressiveFire"],"picked":"construct:Isolate","floor":2},{"not_picked":["construct:VentSteam","construct:UnbalancingBlast"],"picked":"construct:Backfire","floor":3},{"not_picked":["construct:Forcefield","construct:ScrapCannon"],"picked":"construct:ScopeCore","floor":4},{"not_picked":["construct:Analyze","construct:ScrapCannon"],"picked":"construct:BatteryCore","floor":5},{"not_picked":["construct:Anticipate","construct:ModeShift"],"picked":"construct:Versatility","floor":7},{"not_picked":["construct:LaserCore","construct:OmegaCannon"],"picked":"construct:Failsafe","floor":11},{"not_picked":["construct:PowerUp","construct:HeavyBolt"],"picked":"construct:Tumble","floor":12},{"not_picked":["construct:Versatility","construct:FierceBash","construct:ElectricArmor"],"picked":"Singing Bowl","floor":14},{"not_picked":["construct:Multistage","construct:Bunker"],"picked":"construct:MassProduction","floor":16},{"not_picked":["construct:Backfire+1","construct:ModeShift"],"picked":"construct:Autoturret","floor":18},{"not_picked":["construct:ModeShift","construct:ShieldGenerator","construct:FocusedBeam+1"],"picked":"Singing Bowl","floor":19},{"not_picked":["construct:SuppressiveFire","construct:Anticipate"],"picked":"construct:FlameCore","floor":21},{"not_picked":["construct:Boost","construct:Forcefield"],"picked":"construct:ShiftGuard+1","floor":22},{"not_picked":["construct:Enhance+1","construct:Anticipate"],"picked":"construct:ScopeCore","floor":24},{"not_picked":["construct:Anticipate","construct:ShiftStrike","construct:VentSteam+1"],"picked":"Singing Bowl","floor":28},{"not_picked":["construct:SyphonStrike","construct:Electrocute"],"picked":"construct:FlameCore","floor":29},{"not_picked":["construct:VentSteam+1","construct:Anticipate","construct:ModeShift+1"],"picked":"Singing Bowl","floor":30},{"not_picked":["construct:ModeShift","construct:ShiftingStance","construct:FierceBash"],"picked":"Singing Bowl","floor":31},{"not_picked":["construct:Dampening+1","construct:ModeShift","construct:SaveState"],"picked":"Singing Bowl","floor":32},{"not_picked":["construct:ShiftingStance","construct:SiegeForm","construct:PanicFire"],"picked":"Singing Bowl","floor":33},{"not_picked":["construct:FlameCore+1","construct:CriticalHit","construct:MetalShell"],"picked":"Singing Bowl","floor":35},{"not_picked":["construct:Reinforce","construct:ModeShift"],"picked":"construct:FlameCore+1","floor":36},{"not_picked":["construct:HeavyBolt+1","construct:OmegaCannon+1"],"picked":"construct:Autoturret","floor":37},{"not_picked":["construct:Forcefield+1","construct:FierceBash","construct:Chainstrike+1"],"picked":"Singing Bowl","floor":38},{"not_picked":["construct:Anticipate+1","construct:Boost+1"],"picked":"construct:BatteryCore","floor":39},{"not_picked":["construct:Construct_Overclock","construct:FierceBash","construct:Reinforce+1"],"picked":"Singing Bowl","floor":40},{"not_picked":["construct:FierceBash+1","construct:SyphonStrike","construct:SweepLaser"],"picked":"Singing Bowl","floor":42},{"not_picked":["construct:ShiftStrike+1","construct:Enhance","construct:Boost"],"picked":"Singing Bowl","floor":44},{"not_picked":["construct:ModeShift+1","construct:Overcharge"],"picked":"construct:Autoturret","floor":47},{"not_picked":["construct:Reinforce+1","construct:Chainstrike","construct:HeavyBolt+1"],"picked":"Singing Bowl","floor":48},{"not_picked":["construct:LongRangeLance","construct:SuppressiveFire+1","construct:ModeShift+1"],"picked":"Singing Bowl","floor":48},{"not_picked":["construct:VentSteam+1","construct:ScopeCore+1","construct:PointDefense+1"],"picked":"Singing Bowl","floor":54}],"player_experience":277477,"relics_obtained":[{"floor":7,"key":"Vajra"},{"floor":14,"key":"Ancient Tea Set"},{"floor":24,"key":"Omamori"},{"floor":26,"key":"Dream Catcher"},{"floor":29,"key":"Pen Nib"},{"floor":42,"key":"Prayer Wheel"},{"floor":43,"key":"Toxic Egg 2"},{"floor":44,"key":"Bag of Preparation"},{"floor":54,"key":"Torii"}],"event_choices":[{"damage_healed":0,"gold_gain":0,"player_choice":"Fight","damage_taken":0,"max_hp_gain":0,"max_hp_loss":0,"event_name":"Mysterious Sphere","floor":42,"gold_loss":0},{"damage_healed":0,"gold_gain":0,"player_choice":"Ignored","damage_taken":0,"max_hp_gain":0,"max_hp_loss":0,"event_name":"Tomb of Lord Red Mask","floor":45,"gold_loss":0},{"damage_healed":0,"gold_gain":0,"player_choice":"Embrace Madness","damage_taken":71,"max_hp_gain":0,"max_hp_loss":0,"event_name":"Winding Halls","floor":46,"gold_loss":0,"cards_obtained":["Madness","Madness"]}],"is_beta":false,"boss_relics":[{"not_picked":["Pandora\u0027s Box","Calling Bell"],"picked":"construct:WeddingRing"},{"not_picked":["Astrolabe","Sozu"],"picked":"SlaversCollar"}],"items_purged_floors":[],"is_endless":false,"potions_floor_spawned":[1,3,4,11,18,19,29,30,31,36,40,48,54],"ascension_level":0}}