{"host":"t7kiqd0mabx5u6gq","time":1609213245,"event":{"mods":["AchievementEnabler","Aspiration","BaseMod","Conspire","Dota2Spire","GifTheSpireLib","Halation","Hubris","Infinite Spire","Minty Spire (QoL Compilation)","Quarter Circle Forward PUNCH!","Quick Restart","Replay The Spire","StSLib","Stuff the Spire","vexMod"],"gold_per_floor":[113,113,113,113,127,127,156,156,209,13,48,61,95,105,105,203,203,222,222,222,2,17,17,44,44,44,44,57,76,107,127,127,127,127],"floor_reached":33,"playtime":874,"items_purged":["StuffTheSpire:CuriosityCurse"],"score":510,"play_id":"f1d986bd-e425-41a1-99f7-ab7d774b5bbc","local_time":"20201228194045","is_ascension_mode":true,"campfire_choices":[{"data":"ReplayTheSpireMod:Fabricate Wheel","floor":6,"key":"SMITH"},{"data":"Crystallizer","floor":8,"key":"SMITH"},{"floor":15,"key":"REST"},{"data":"Chill","floor":23,"key":"SMITH"},{"data":"StuffTheSpire:LoadUp","floor":25,"key":"SMITH"},{"floor":27,"key":"REST"},{"data":"Electrodynamics","floor":32,"key":"SMITH"}],"circlet_count":0,"master_deck":["Strike_B","Strike_B","Strike_B","Strike_B","Defend_B","Defend_B","Defend_B","Defend_B","Zap+1","Dualcast","Gash","Crystallizer+1","Ball Lightning","Panache+1","hubris:DoWhile","StuffTheSpire:Plugnplay","FIFO Queue","Consume","Cold Snap","Cold Snap","Ball Lightning","Machine Learning","Ball Lightning+1","Gash+1","StuffTheSpire:LoadUp+1","Chill+1","Streamline","Streamline+1","Gash+1","White Noise","Mirror Shield","Electrodynamics+1","StuffTheSpire:Plugnplay","Chaos+1"],"relics":["Cracked Core","NeowsBlessing","Dota2Spire:Dagon","aspiration:FaultyCoupler","aspiration:Lifesprig","Prayer Wheel","ReplayTheSpireMod:TigerMarble","Dota2Spire:ShadowBlade","StuffTheSpire:Kangaroo","aspiration:RitualDagger","ClockworkSouvenir","Dota2Spire:Vanguard","Gremlin Food","Regal Pillow","qcfpunch:Broken_Tusk"],"acts_visited":["Exordium","TheCity"],"potions_floor_usage":[11,11,14,29,30,30],"damage_taken":[{"damage":0.0,"enemies":"2 Louse","floor":1.0,"turns":1.0},{"damage":1.0,"enemies":"Cultist","floor":5.0,"turns":1.0},{"damage":0,"enemies":"Gremlin Nob","floor":7,"turns":1},{"damage":25,"enemies":"3 Sentries","floor":11,"turns":3},{"damage":0,"enemies":"Small Slimes","floor":12,"turns":3},{"damage":26,"enemies":"Lagavulin","floor":13,"turns":5},{"damage":10,"enemies":"Gremlin Gang","floor":14,"turns":5},{"damage":19,"enemies":"Hexaghost","floor":16,"turns":9},{"damage":11,"enemies":"Spheric Guardian","floor":18,"turns":3},{"damage":18,"enemies":"Shell Parasite","floor":22,"turns":3},{"damage":21,"enemies":"conspire:Head Lice","floor":24,"turns":7},{"damage":27,"enemies":"3 Cultists","floor":28,"turns":6},{"damage":27,"enemies":"Centurion and Healer","floor":29,"turns":6},{"damage":9,"enemies":"Slavers","floor":30,"turns":3},{"damage":26,"enemies":"Sentry and Sphere","floor":31,"turns":4},{"damage":46,"enemies":"Automaton","floor":33,"turns":4}],"seed_played":"-2331395916925310456","potions_obtained":[{"floor":5,"key":"PotionOfCapacity"},{"floor":7,"key":"Explosive Potion"},{"floor":12,"key":"SteroidPotion"},{"floor":13,"key":"PowerPotion"},{"floor":18,"key":"Elixir"},{"floor":24,"key":"Dota2Spire:HealingSalve"}],"is_trial":false,"path_per_floor":["M","$","?","?","M","R","E","R","T","$","E","M","E","M","R","B",null,"M","AVR","?","$","M","R","E","R","T","R","M","M","E","M","R","B"],"character_chosen":"DEFECT","items_purchased":["Panache","Dota2Spire:Vanguard"],"campfire_rested":2,"item_purchase_floors":[10,21],"current_hp_per_floor":[68,68,68,68,67,67,67,67,67,67,42,42,16,6,28,9,59,48,48,48,48,30,30,9,9,9,46,19,4,72,46,46,0,0],"gold":127,"neow_bonus":"THREE_ENEMY_KILL","is_daily":false,"chose_seed":false,"campfire_upgraded":5,"win_rate":0.0,"timestamp":1609213245,"path_taken":["M","$","?","?","?","R","E","R","T","?","E","M","E","M","R","BOSS","M","AVR","?","$","M","R","E","R","T","R","M","M","E","M","R","BOSS"],"items_purchased_type":["Card","Relic"],"build_version":"2020-12-22","purchased_purges":1,"victory":false,"max_hp_per_floor":[75,75,75,75,75,75,75,75,75,75,75,75,75,75,75,75,75,75,75,75,75,75,75,75,75,75,75,75,75,75,75,75,75,75],"card_choices":[{"not_picked":["Compile Driver","Lockon"],"picked":"Gash","floor":1.0},{"not_picked":["StuffTheSpire:Rend","Ball Lightning"],"picked":"Crystallizer","floor":5},{"not_picked":["Beam Cell","BootSequence"],"picked":"Ball Lightning","floor":7},{"not_picked":["ReplayGash","Tempest"],"picked":"StuffTheSpire:Plugnplay","floor":11},{"not_picked":["Gash","Steam"],"picked":"FIFO Queue","floor":12},{"not_picked":["Ball Lightning","Mirror Shield"],"picked":"Consume","floor":12},{"not_picked":["Storm","Streamline"],"picked":"Cold Snap","floor":13},{"not_picked":["Panic Button","Turbo"],"picked":"Cold Snap","floor":14},{"not_picked":["StuffTheSpire:Plugnplay","Melter"],"picked":"Ball Lightning","floor":14},{"not_picked":["Rainbow","Meteor Strike"],"picked":"Machine Learning","floor":16},{"not_picked":["Redo","ReplayTheSpireMod:Repulse"],"picked":"Ball Lightning+1","floor":18},{"not_picked":["Ball Lightning","StuffTheSpire:Plugnplay"],"picked":"Gash+1","floor":18},{"not_picked":["Capacitor","Fission"],"picked":"StuffTheSpire:LoadUp","floor":22},{"not_picked":["Go for the Eyes","Stack"],"picked":"Chill","floor":22},{"not_picked":["StuffTheSpire:CleanHardDrive","Recycle"],"picked":"Streamline","floor":24},{"not_picked":["Stack","Barrage+1"],"picked":"Streamline+1","floor":28},{"not_picked":["Rebound+1","Cold Snap"],"picked":"Gash+1","floor":28},{"not_picked":["BasicCrystalCard","Sweeping Beam"],"picked":"White Noise","floor":29},{"not_picked":["Turbo","Recycle"],"picked":"Mirror Shield","floor":29},{"not_picked":["Self Repair","FIFO Queue"],"picked":"Electrodynamics","floor":30},{"not_picked":["Tempest","Panic Button"],"picked":"StuffTheSpire:Plugnplay","floor":31},{"not_picked":["Barrage","Stack+1"],"picked":"Chaos+1","floor":31}],"player_experience":564462,"relics_obtained":[{"floor":7,"key":"aspiration:FaultyCoupler"},{"floor":9,"key":"aspiration:Lifesprig"},{"floor":11,"key":"ReplayTheSpireMod:TigerMarble"},{"floor":13,"key":"Dota2Spire:ShadowBlade"},{"floor":24,"key":"Gremlin Food"},{"floor":26,"key":"Regal Pillow"},{"floor":30,"key":"qcfpunch:Broken_Tusk"}],"event_choices":[{"damage_healed":0.0,"max_hp_gain":0.0,"max_hp_loss":0.0,"gold_gain":0.0,"event_name":"Match and Keep!","player_choice":"1 cards matched","floor":4.0,"gold_loss":0.0,"damage_taken":0.0,"cards_obtained":["ReplayTheSpireMod:Fabricate Wheel"]},{"damage_healed":0,"gold_gain":0,"player_choice":"Upgraded","damage_taken":0,"max_hp_gain":0,"max_hp_loss":0,"event_name":"Upgrade Shrine","floor":20,"gold_loss":0,"cards_upgraded":["Panache"]}],"is_beta":false,"boss_relics":[{"not_picked":["hubris:GrandSneckoEye","qcfpunch:Killian_Engine_Alpha"],"picked":"StuffTheSpire:Kangaroo"}],"items_purged_floors":[21],"is_endless":false,"potions_floor_spawned":[5,7,12,13,18,24],"killed_by":"Automaton","ascension_level":7}}