{"host":"1p8eqzpvl5sxeu5t","time":1609233923,"event":{"mods":["BaseMod","Block Reminder","Colored Map","Colored Powertips","Curses Come First","Defective Defect","Gremlin Mod","Hermit","Highlight Path","Minty Spire (QoL Compilation)","Relic Stats","Shade Mod","StSLib","The IronCluck","Waifu the Spire","everything is the same but u backflip on backflip","slay the spire mod where everything is the same but ironclad has a cowboy hat"],"gold_per_floor":[119,130,130,144,94,124,124,144,144,158,9,24,37,49,49,150,150,151,163,192,204,204],"floor_reached":21,"playtime":2017,"items_purged":[],"score":235,"play_id":"e6fc229e-b303-47eb-adc7-476f4d8b2334","local_time":"20201229172523","is_ascension_mode":false,"campfire_choices":[{"data":"Gremlin:Mockery","floor":7,"key":"SMITH"},{"floor":15,"key":"REST"}],"circlet_count":0,"master_deck":["Gremlin:Strike","Gremlin:Strike","Gremlin:Strike","Gremlin:Defend","Gremlin:Defend","Gremlin:Defend","Gremlin:Defend","Gremlin:TagTeam","Gremlin:GremlinDance","Gremlin:TargetWeakness","Gremlin:BubbleBarrier+1","Gremlin:Mockery+1","Gremlin:Jeer","Gremlin:EdibleArmor","Gremlin:GlitterGuard","Gremlin:GremlinArms","Gremlin:InfiniteBlocks","Gremlin:InfiniteBlocks","Gremlin:Pinprick","Gremlin:GlitterGuard","Gremlin:Exacerbate","CurseOfTheBell","Gremlin:GremlinToss","Gremlin:ShankStone","Gremlin:BulkUp+1"],"relics":["Gremlin:GremlinKnob","Kunai","Question Card","Calling Bell","MawBank","Darkstone Periapt","Calipers"],"acts_visited":["Exordium","TheCity"],"potions_floor_usage":[6,13,16,16,18,21],"damage_taken":[{"damage":0,"enemies":"Jaw Worm","floor":1,"turns":8},{"damage":10,"enemies":"Small Slimes","floor":2,"turns":6},{"damage":0,"enemies":"2 Louse","floor":4,"turns":3},{"damage":4,"enemies":"Lagavulin","floor":6,"turns":12},{"damage":6,"enemies":"Exordium Wildlife","floor":8,"turns":4},{"damage":0,"enemies":"Large Slime","floor":10,"turns":7},{"damage":0,"enemies":"2 Fungi Beasts","floor":12,"turns":5},{"damage":7,"enemies":"Blue Slaver","floor":13,"turns":4},{"damage":2,"enemies":"Exordium Thugs","floor":14,"turns":7},{"damage":0,"enemies":"The Guardian","floor":16,"turns":15},{"damage":15,"enemies":"2 Thieves","floor":18,"turns":4},{"damage":37,"enemies":"Chosen","floor":20,"turns":11},{"damage":7,"enemies":"Centurion and Healer","floor":21,"turns":2}],"seed_played":"-4952151220488644360","potions_obtained":[{"floor":1,"key":"DistilledChaos"},{"floor":10,"key":"ColorlessPotion"},{"floor":14,"key":"LiquidBronze"},{"floor":16,"key":"Fire Potion"},{"floor":20,"key":"PowerPotion"}],"is_trial":false,"path_per_floor":["M","M","?","M","?","E","R","M","T","M","$","M","M","M","R","B",null,"M","?","M","M"],"character_chosen":"GREMLIN","items_purchased":["Gremlin:GremlinArms","Gremlin:InfiniteBlocks","AttackPotion"],"campfire_rested":1,"item_purchase_floors":[11,11,11],"current_hp_per_floor":[20,18,18,20,20,15,15,20,20,20,20,9,13,20,20,17,20,20,20,15,5,5],"gold":204,"neow_bonus":"ONE_RANDOM_RARE_CARD","is_daily":false,"chose_seed":false,"campfire_upgraded":1,"win_rate":0.0,"timestamp":1609233923,"path_taken":["M","M","?","M","?","E","R","M","T","M","$","M","M","M","R","BOSS","M","?","M","M"],"items_purchased_type":["Card","Card","Potion"],"build_version":"2020-12-22","purchased_purges":0,"victory":false,"max_hp_per_floor":[20,20,20,20,20,20,20,20,20,20,20,20,20,20,20,20,20,20,20,20,20,20],"relic_stats":{"Darkstone Periapt":0,"counters":[13,88],"Kunai":[9],"Question Card":8,"MawBank":48,"obtain_stats":[{"Calling Bell":17,"Darkstone Periapt":17,"Calipers":17,"Gremlin:GremlinKnob":0,"Kunai":6,"Question Card":9,"MawBank":17},{"Calling Bell":10,"Darkstone Periapt":10,"Calipers":10,"Gremlin:GremlinKnob":0,"Kunai":4,"Question Card":5,"MawBank":10},{"Calling Bell":71,"Darkstone Periapt":71,"Calipers":71,"Gremlin:GremlinKnob":0,"Kunai":29,"Question Card":33,"MawBank":71}]},"card_choices":[{"not_picked":["Gremlin:Dazzle","Gremlin:IrksomeBlow"],"picked":"Gremlin:BubbleBarrier","floor":1},{"not_picked":["Gremlin:ToeStub","Gremlin:FollowThrough"],"picked":"Gremlin:Mockery","floor":2},{"not_picked":["Gremlin:Tadah","Gremlin:GremlinMeal"],"picked":"Gremlin:Jeer","floor":4},{"not_picked":["Gremlin:Raid","Gremlin:ShadowShiv"],"picked":"Gremlin:EdibleArmor","floor":6},{"not_picked":["Gremlin:Polish","Gremlin:BurlyBlow","Gremlin:Jeer"],"picked":"SKIP","floor":8},{"not_picked":["Gremlin:Pretaliation","Gremlin:Presto","Gremlin:Kablamo"],"picked":"Gremlin:GlitterGuard","floor":10},{"not_picked":["Gremlin:CatScratch","Gremlin:GremlinArms","Gremlin:GremlinMeal"],"picked":"Gremlin:InfiniteBlocks","floor":12},{"not_picked":["Gremlin:Presto","Gremlin:GremlinArms","Gremlin:Jeer"],"picked":"Gremlin:Pinprick","floor":13},{"not_picked":["Gremlin:Pinprick","Gremlin:Tadah","Gremlin:Whiz"],"picked":"Gremlin:GlitterGuard","floor":14},{"not_picked":["Gremlin:Duplicate","Gremlin:Necromancy","Gremlin:Encore"],"picked":"Gremlin:Exacerbate","floor":16},{"not_picked":["Gremlin:Jeer","Gremlin:GremlinMeal","Gremlin:Irritability"],"picked":"Gremlin:GremlinToss","floor":18},{"not_picked":["Gremlin:BubbleBarrier","Gremlin:Tricksy","Gremlin:Patsy"],"picked":"Gremlin:BulkUp+1","floor":20}],"player_experience":748406,"relics_obtained":[{"floor":6,"key":"Kunai"},{"floor":9,"key":"Question Card"},{"floor":17,"key":"MawBank"},{"floor":17,"key":"Darkstone Periapt"},{"floor":17,"key":"Calipers"}],"event_choices":[{"damage_healed":0,"gold_gain":0,"player_choice":"Grow","damage_taken":0,"max_hp_gain":0,"max_hp_loss":0,"event_name":"Living Wall","floor":3,"gold_loss":0,"cards_upgraded":["Gremlin:BubbleBarrier"]},{"cards_removed":["Gremlin:Strike"],"damage_healed":0,"gold_gain":0,"player_choice":"Card Removal","damage_taken":0,"max_hp_gain":0,"max_hp_loss":0,"event_name":"The Cleric","floor":5,"gold_loss":50},{"damage_healed":0,"gold_gain":0,"player_choice":"Read","damage_taken":0,"max_hp_gain":0,"max_hp_loss":0,"event_name":"The Library","floor":19,"gold_loss":0,"cards_obtained":["Gremlin:ShankStone"]}],"is_beta":false,"boss_relics":[{"not_picked":["Coffee Dripper","SlaversCollar"],"picked":"Calling Bell"}],"items_purged_floors":[],"is_endless":false,"potions_floor_spawned":[1,10,14,16,20],"killed_by":"Centurion and Healer","ascension_level":0}}