{"host":"1tl36azeqm6yhdgj","time":1609279141,"event":{"mods":["AchievementEnabler","BaseMod","Minty Spire (QoL Compilation)","StSLib","The IronCluck","everything is the same but u backflip on backflip"],"gold_per_floor":[109,121,121,121,139,149,182,194,240,273,284,297,297,38,38,112,112,92,105,20,39,39,39,39],"floor_reached":23,"playtime":691,"items_purged":[],"score":400,"play_id":"c26f777a-0942-4338-ab2e-9965f0a4ea7c","local_time":"20201229165901","is_ascension_mode":true,"campfire_choices":[{"floor":13.0,"key":"REST"},{"data":"Juggernaut","floor":15.0,"key":"SMITH"}],"circlet_count":0,"master_deck":["AscendersBane","Strike_R","Strike_R","Strike_R","Strike_R","Strike_R","Defend_R","Defend_R","Defend_R","Defend_R","Bash","Clash","Pummel","Spot Weakness","Clash","Burning Pact","Rage","Juggernaut+1","Dropkick","Bandage Up","Immolate","Flame Barrier","Rage+1","Flex","Decay"],"relics":["Black Blood","Nunchaku","Akabeko","Pantograph","Potion Belt","Art of War","Sundial","Blood Vial","Pen Nib"],"acts_visited":["Exordium","TheCity"],"potions_floor_usage":[23],"damage_taken":[{"damage":8.0,"enemies":"Small Slimes","floor":1.0,"turns":5.0},{"damage":6.0,"enemies":"Cultist","floor":2.0,"turns":4.0},{"damage":0.0,"enemies":"Jaw Worm","floor":5.0,"turns":1.0},{"damage":5.0,"enemies":"3 Louse","floor":6.0,"turns":3.0},{"damage":22.0,"enemies":"Gremlin Nob","floor":7.0,"turns":4.0},{"damage":0.0,"enemies":"Looter","floor":8.0,"turns":1.0},{"damage":42.0,"enemies":"3 Sentries","floor":10.0,"turns":9.0},{"damage":6.0,"enemies":"Lots of Slimes","floor":11.0,"turns":4.0},{"damage":7.0,"enemies":"Exordium Wildlife","floor":12.0,"turns":3.0},{"damage":51.0,"enemies":"The Guardian","floor":16.0,"turns":8.0},{"damage":25.0,"enemies":"2 Thieves","floor":18.0,"turns":4.0},{"damage":17.0,"enemies":"3 Byrds","floor":19.0,"turns":4.0},{"damage":19.0,"enemies":"3 Cultists","floor":21.0,"turns":4.0},{"damage":58,"enemies":"Book of Stabbing","floor":23,"turns":4}],"seed_played":"2088528587602622785","potions_obtained":[{"floor":2.0,"key":"SkillPotion"},{"floor":6.0,"key":"Block Potion"},{"floor":8.0,"key":"Regen Potion"},{"floor":11.0,"key":"FearPotion"},{"floor":12.0,"key":"Dexterity Potion"},{"floor":19.0,"key":"Energy Potion"}],"is_trial":false,"path_per_floor":["M","M","?","?","M","M","E","M","T","E","M","M","R","$","R","B",null,"M","M","?","M","?","E"],"character_chosen":"IRONCLAD","items_purchased":["Bandage Up","Blood Vial"],"campfire_rested":1,"item_purchase_floors":[14,14],"current_hp_per_floor":[66,66,55,55,61,62,46,52,52,31,31,30,52,52,52,34,65,58,55,55,54,54,0,0],"gold":39,"neow_bonus":"RANDOM_COMMON_RELIC","is_daily":false,"chose_seed":false,"campfire_upgraded":1,"win_rate":0.0,"timestamp":1609279141,"path_taken":["M","M","?","?","M","M","E","M","T","E","M","?","R","$","R","BOSS","M","M","?","M","?","E"],"items_purchased_type":["Card","Relic"],"build_version":"2020-12-22","purchased_purges":0,"victory":false,"max_hp_per_floor":[75,75,75,75,75,75,75,75,75,75,75,75,75,75,75,75,75,75,75,75,75,75,75,75],"card_choices":[{"not_picked":["Wild Strike","True Grit"],"picked":"Clash","floor":1.0},{"not_picked":["Pommel Strike","True Grit"],"picked":"Pummel","floor":2.0},{"not_picked":["Inflame","Entrench"],"picked":"Spot Weakness","floor":5.0},{"not_picked":["Combust","Shrug It Off"],"picked":"Clash","floor":6.0},{"not_picked":["Dual Wield","Warcry","Heavy Blade"],"picked":"SKIP","floor":7.0},{"not_picked":["Reckless Charge","Spot Weakness"],"picked":"Burning Pact","floor":8.0},{"not_picked":["Headbutt","Power Through"],"picked":"Rage","floor":10.0},{"not_picked":["Clothesline","Flex"],"picked":"Juggernaut","floor":11.0},{"not_picked":["Rage","Headbutt"],"picked":"Dropkick","floor":12.0},{"not_picked":["Brutality","Berserk"],"picked":"Immolate","floor":16.0},{"not_picked":["Wild Strike","Sword Boomerang"],"picked":"Flame Barrier","floor":18.0},{"not_picked":["Twin Strike","Reckless Charge"],"picked":"Rage+1","floor":19.0},{"not_picked":["Armaments","Shrug It Off"],"picked":"Flex","floor":21.0}],"player_experience":1995953,"relics_obtained":[{"floor":7.0,"key":"Potion Belt"},{"floor":9.0,"key":"Art of War"},{"floor":10.0,"key":"Sundial"}],"event_choices":[{"damage_healed":0.0,"max_hp_gain":0.0,"max_hp_loss":0.0,"gold_gain":0.0,"event_name":"Scrap Ooze","player_choice":"Success","floor":3.0,"gold_loss":0.0,"damage_taken":11.0,"relics_obtained":["Akabeko"]},{"damage_healed":0.0,"max_hp_gain":0.0,"max_hp_loss":0.0,"gold_gain":0.0,"event_name":"WeMeetAgain","player_choice":"Gave Potion","floor":4.0,"gold_loss":0.0,"damage_taken":0.0,"relics_obtained":["Pantograph"]},{"damage_healed":0.0,"max_hp_gain":0.0,"max_hp_loss":0.0,"gold_gain":0.0,"event_name":"Addict","player_choice":"Obtained Relic","floor":20.0,"gold_loss":85.0,"damage_taken":0.0,"relics_obtained":["Pen Nib"]},{"damage_healed":0.0,"max_hp_gain":0.0,"max_hp_loss":0.0,"gold_gain":0.0,"event_name":"Forgotten Altar","player_choice":"Smashed Altar","floor":22.0,"gold_loss":0.0,"damage_taken":0.0,"cards_obtained":["Decay"]}],"is_beta":false,"boss_relics":[{"not_picked":["Runic Pyramid","Ectoplasm"],"picked":"Black Blood"}],"items_purged_floors":[],"is_endless":false,"potions_floor_spawned":[2,6,8,11,12,19],"killed_by":"Book of Stabbing","ascension_level":19}}