{"host":"8qb550oiisecbnz6","time":1609278884,"event":{"mods":["AchievementEnabler","BaseMod","Colored Map","Colored Powertips","Minty Spire (QoL Compilation)","Quick Restart","StSLib"],"gold_per_floor":[118,130,130,141,141,141,166,91,91,106,134,134,160,160,160,263,263,283,303,303,58,58,84,99,99,99,115,115,135,135,135],"floor_reached":30,"playtime":1487,"items_purged":["Defend_R","Strike_R"],"score":385,"play_id":"b5a20763-acb6-43c9-8571-c70589040478","local_time":"20201229225444","is_ascension_mode":true,"campfire_choices":[{"data":"Sword Boomerang","floor":6.0,"key":"SMITH"},{"data":"Armaments","floor":12,"key":"SMITH"},{"floor":15,"key":"REST"},{"floor":25,"key":"REST"}],"circlet_count":0,"master_deck":["Strike_R","Defend_R+1","Defend_R+1","Bash","Sword Boomerang+1","Clash","Iron Wave","Pommel Strike","Armaments+1","Iron Wave","Juggernaut","Searing Blow","Fire Breathing","Metallicize","Disarm+1","Sword Boomerang+1"],"relics":["Burning Blood","NeowsBlessing","Question Card","Vajra","Prayer Wheel","Odd Mushroom","Velvet Choker","Medical Kit","War Paint","Ginger"],"acts_visited":["Exordium","TheCity"],"potions_floor_usage":[30],"damage_taken":[{"damage":0.0,"enemies":"Cultist","floor":1.0,"turns":1.0},{"damage":0.0,"enemies":"Small Slimes","floor":2.0,"turns":1.0},{"damage":0.0,"enemies":"2 Louse","floor":4.0,"turns":1.0},{"damage":45,"enemies":"3 Sentries","floor":7,"turns":10},{"damage":0,"enemies":"Large Slime","floor":10,"turns":3},{"damage":16,"enemies":"Gremlin Nob","floor":11,"turns":3},{"damage":17,"enemies":"The Mushroom Lair","floor":13,"turns":4},{"damage":0,"enemies":"Slime Boss","floor":16,"turns":6},{"damage":0,"enemies":"3 Byrds","floor":18,"turns":4},{"damage":11,"enemies":"2 Thieves","floor":19,"turns":3},{"damage":49,"enemies":"Slavers","floor":23,"turns":6},{"damage":10,"enemies":"Snecko","floor":24,"turns":4},{"damage":10,"enemies":"Cultist and Chosen","floor":27,"turns":4},{"damage":13,"enemies":"Snake Plant","floor":29,"turns":3},{"damage":17,"enemies":"Book of Stabbing","floor":30,"turns":3}],"seed_played":"3561534775219957439","potions_obtained":[{"floor":11,"key":"GamblersBrew"},{"floor":13,"key":"SneckoOil"},{"floor":16,"key":"ElixirPotion"},{"floor":19,"key":"Swift Potion"},{"floor":24,"key":"Explosive Potion"},{"floor":28,"key":"BlessingOfTheForge"},{"floor":28,"key":"Dexterity Potion"}],"is_trial":false,"path_per_floor":["M","M","?","M","?","R","E","$","T","M","E","R","?","?","R","B",null,"M","M","?","$","?","E","M","R","T","M","?","M","E"],"character_chosen":"IRONCLAD","items_purchased":["Medical Kit"],"campfire_rested":2,"item_purchase_floors":[21],"current_hp_per_floor":[80,80,80,80,80,80,41,41,41,47,37,37,26,19,43,49,72,78,73,58,58,58,15,11,36,36,32,32,25,8,8],"gold":135,"neow_bonus":"THREE_ENEMY_KILL","is_daily":false,"chose_seed":false,"campfire_upgraded":2,"win_rate":0.0,"timestamp":1609278884,"path_taken":["M","?","?","?","?","R","E","$","T","M","E","R","?","?","R","BOSS","M","M","?","$","?","E","?","R","T","M","?","M","E"],"items_purchased_type":["Relic"],"build_version":"2020-12-22","purchased_purges":2,"victory":false,"max_hp_per_floor":[80,80,80,80,80,80,80,80,80,80,80,80,80,80,80,80,80,80,80,85,85,85,85,85,85,85,85,85,85,85,85],"card_choices":[{"not_picked":["Shrug It Off","Thunderclap"],"picked":"Sword Boomerang","floor":1.0},{"not_picked":["Iron Wave","Thunderclap"],"picked":"Clash","floor":2.0},{"not_picked":["Warcry","Clash","True Grit"],"picked":"SKIP","floor":4.0},{"not_picked":["Feel No Pain","Sever Soul"],"picked":"Iron Wave","floor":7},{"not_picked":["True Grit","Offering","Anger"],"picked":"Pommel Strike","floor":10},{"not_picked":["Wild Strike","Seeing Red","Body Slam"],"picked":"Armaments","floor":11},{"not_picked":["Flex","Dropkick","Bloodletting"],"picked":"Iron Wave","floor":13},{"not_picked":["Double Tap","Limit Break","Exhume"],"picked":"Juggernaut","floor":16},{"not_picked":["Anger","Thunderclap","Hemokinesis+1","Pommel Strike"],"picked":"SKIP","floor":18},{"not_picked":["Evolve","Body Slam","Sever Soul","Thunderclap"],"picked":"SKIP","floor":18},{"not_picked":["Headbutt","Spot Weakness+1","Clash+1"],"picked":"Searing Blow","floor":19},{"not_picked":["Fire Breathing","Pommel Strike","Heavy Blade","Havoc+1"],"picked":"SKIP","floor":19},{"not_picked":["Pommel Strike","Heavy Blade","Havoc+1"],"picked":"Fire Breathing","floor":19},{"not_picked":["Searing Blow","Second Wind","Armaments","Body Slam+1"],"picked":"SKIP","floor":23},{"not_picked":["Havoc","True Grit","Searing Blow+1"],"picked":"Metallicize","floor":24},{"not_picked":["Seeing Red","Armaments","Blood for Blood","Dual Wield+1"],"picked":"SKIP","floor":24},{"not_picked":["Havoc","Clothesline","Anger"],"picked":"Disarm+1","floor":27},{"not_picked":["Thunderclap","Pommel Strike","Havoc","Fiend Fire"],"picked":"SKIP","floor":27},{"not_picked":["Thunderclap","Pommel Strike","Havoc","Fiend Fire"],"picked":"SKIP","floor":27},{"not_picked":["Pommel Strike+1","Wild Strike","Anger"],"picked":"Sword Boomerang+1","floor":29},{"not_picked":["Seeing Red","Shockwave","Cleave+1","Flex"],"picked":"SKIP","floor":29}],"player_experience":419161,"relics_obtained":[{"floor":7,"key":"Question Card"},{"floor":9,"key":"Vajra"},{"floor":11,"key":"Prayer Wheel"},{"floor":13,"key":"Odd Mushroom"},{"floor":23,"key":"War Paint"},{"floor":26,"key":"Ginger"}],"event_choices":[{"cards_removed":["Strike_R"],"damage_healed":0.0,"max_hp_gain":0.0,"max_hp_loss":0.0,"gold_gain":0.0,"event_name":"Bonfire Elementals","player_choice":"Offered Basic","floor":3.0,"gold_loss":0.0,"damage_taken":0.0},{"cards_removed":["Strike_R"],"damage_healed":0.0,"max_hp_gain":0.0,"max_hp_loss":0.0,"gold_gain":0.0,"event_name":"Living Wall","player_choice":"Forget","floor":5.0,"gold_loss":0.0,"damage_taken":0.0},{"damage_healed":0,"gold_gain":0,"player_choice":"Fought Mushrooms","damage_taken":0,"max_hp_gain":0,"max_hp_loss":0,"event_name":"Mushrooms","floor":13,"gold_loss":0},{"cards_removed":["Defend_R"],"damage_healed":0,"gold_gain":0,"player_choice":"Card Removal","damage_taken":7,"max_hp_gain":0,"max_hp_loss":0,"event_name":"Golden Wing","floor":14,"gold_loss":0},{"damage_healed":0,"gold_gain":0,"player_choice":"Shed Blood","damage_taken":20,"max_hp_gain":5,"max_hp_loss":0,"event_name":"Forgotten Altar","floor":20,"gold_loss":0},{"cards_removed":["Strike_R"],"damage_healed":0,"gold_gain":0,"player_choice":"Card Removal","damage_taken":0,"max_hp_gain":0,"max_hp_loss":0,"event_name":"Wheel of Change","floor":22,"gold_loss":0},{"damage_healed":0,"gold_gain":0,"player_choice":"Got Potions","damage_taken":0,"max_hp_gain":0,"max_hp_loss":0,"event_name":"Lab","floor":28,"gold_loss":0}],"is_beta":false,"boss_relics":[{"not_picked":["Runic Pyramid","Calling Bell"],"picked":"Velvet Choker"}],"items_purged_floors":[8,21],"is_endless":false,"potions_floor_spawned":[11,13,16,19,24],"killed_by":"Book of Stabbing","ascension_level":5}}