{"host":"eydwxg59205c3vtl","time":1609256716,"event":{"mods":["2.2 Compatiblity","BaseMod","Colored Map","Colored Powertips","Hubris","Minty Spire (QoL Compilation)","StSLib","The Necromancer"],"gold_per_floor":[109,22,34,47,63,63,78,78,78,78,78,78,5,18,18,113,113,131,56,74,74,85,85,110,110,136,136,153,170,13,112,112,207,207,223,34,34,34,48,48,77,77,77,0,0,0],"floor_reached":45,"playtime":1757,"items_purged":[],"score":762,"play_id":"7ec1eb81-57a8-4054-b47b-4bd7e826e384","local_time":"20201229104516","is_ascension_mode":true,"campfire_choices":[{"data":"Strike_G","floor":6.0,"key":"PURGE"},{"data":"Catalyst","floor":10.0,"key":"SMITH"},{"data":"Bouncing Flask","floor":12.0,"key":"SMITH"},{"data":"Footwork","floor":15.0,"key":"SMITH"},{"data":"Pain","floor":23.0,"key":"PURGE"},{"data":"Strike_G","floor":25.0,"key":"PURGE"},{"data":"Noxious Fumes","floor":27.0,"key":"SMITH"},{"floor":32.0,"key":"REST"},{"data":"Strike_G","floor":40,"key":"PURGE"},{"data":"Footwork","floor":42,"key":"SMITH"}],"circlet_count":0,"master_deck":["AscendersBane","Defend_G","Defend_G","Defend_G+1","Defend_G","Defend_G","Survivor","Neutralize","Quick Slash","Bouncing Flask+1","Deflect+1","Noxious Fumes+1","Catalyst+1","Footwork+1","Poisoned Stab","Adrenaline+1","Deflect+1","Poisoned Stab+1","Phantasmal Killer+1","Noxious Fumes","Doppelganger+1","After Image","CurseOfTheBell","Calculated Gamble+1","Noxious Fumes","Panacea+1","Envenom","Footwork+1","Finesse+1","Deadly Poison+1"],"relics":["Ring of the Snake","NeowsBlessing","Peace Pipe","hubris:Towel","Toxic Egg 2","Meat on the Bone","Empty Cage","WarpedTongs","Potion Belt","MealTicket","Oddly Smooth Stone","Calling Bell","Juzu Bracelet","Kunai","Torii","Lee\u0027s Waffle","War Paint","hubris:SlimyHat","Red Mask"],"acts_visited":["Exordium","TheCity","TheBeyond"],"potions_floor_usage":[41,41],"damage_taken":[{"damage":0.0,"enemies":"2 Louse","floor":1.0,"turns":1.0},{"damage":0.0,"enemies":"Cultist","floor":3.0,"turns":1.0},{"damage":0.0,"enemies":"Small Slimes","floor":4.0,"turns":1.0},{"damage":3.0,"enemies":"Blue Slaver","floor":5.0,"turns":4.0},{"damage":9.0,"enemies":"Red Slaver","floor":7.0,"turns":6.0},{"damage":19.0,"enemies":"Gremlin Gang","floor":14.0,"turns":5.0},{"damage":10.0,"enemies":"The Guardian","floor":16.0,"turns":7.0},{"damage":13.0,"enemies":"Spheric Guardian","floor":18.0,"turns":4.0},{"damage":12.0,"enemies":"3 Byrds","floor":20.0,"turns":5.0},{"damage":28.0,"enemies":"Sentry and Sphere","floor":22.0,"turns":6.0},{"damage":0.0,"enemies":"Gremlin Leader","floor":24.0,"turns":1.0},{"damage":13.0,"enemies":"Snecko","floor":28.0,"turns":3.0},{"damage":13.0,"enemies":"Chosen and Byrds","floor":29.0,"turns":5.0},{"damage":19.0,"enemies":"Automaton","floor":33.0,"turns":7.0},{"damage":9.0,"enemies":"Orb Walker","floor":35.0,"turns":4.0},{"damage":10,"enemies":"3 Shapes","floor":39,"turns":6},{"damage":31,"enemies":"Nemesis","floor":41,"turns":7},{"damage":53,"enemies":"Reptomancer","floor":45,"turns":3}],"seed_played":"1024903613848177002","potions_obtained":[{"floor":4.0,"key":"DuplicationPotion"},{"floor":5.0,"key":"DistilledChaos"},{"floor":14.0,"key":"SneckoOil"},{"floor":16.0,"key":"SmokeBomb"},{"floor":20.0,"key":"Swift Potion"},{"floor":28.0,"key":"DistilledChaos"},{"floor":29.0,"key":"SneckoOil"},{"floor":35.0,"key":"LiquidBronze"},{"floor":39,"key":"DistilledChaos"}],"is_trial":false,"path_per_floor":["M","?","M","M","M","R","M","?","T","R","?","R","$","M","R","B",null,"M","?","M","?","M","R","E","R","T","R","M","M","$","?","R","B",null,"M","$","?","?","M","R","E","R","T","?","E"],"character_chosen":"THE_SILENT","items_purchased":["Footwork","Oddly Smooth Stone","Lee\u0027s Waffle","Noxious Fumes"],"campfire_rested":1,"item_purchase_floors":[13,30,36,36],"current_hp_per_floor":[63,63,63,63,60,60,51,51,51,51,51,51,51,44,44,46,64,51,51,39,39,23,23,35,35,35,35,34,33,48,48,69,50,65,56,77,77,77,67,67,48,48,48,48,0,0],"gold":0,"neow_bonus":"THREE_ENEMY_KILL","is_daily":false,"chose_seed":false,"campfire_upgraded":5,"win_rate":0.0,"timestamp":1609256716,"path_taken":["M","?","?","M","M","R","M","?","T","R","?","R","?","?","R","BOSS","M","?","M","?","M","R","E","R","T","R","M","?","$","?","R","BOSS","M","$","?","?","M","R","E","R","T","?","E"],"items_purchased_type":["Card","Relic","Relic","Card"],"build_version":"2020-12-22","purchased_purges":0,"victory":false,"max_hp_per_floor":[70,70,70,70,70,70,70,70,70,70,70,70,70,70,70,70,70,70,70,70,70,70,70,70,70,70,70,70,70,70,70,70,70,70,70,77,77,77,77,77,77,77,77,77,77,77],"card_choices":[{"not_picked":["Cloak And Dagger","PiercingWail"],"picked":"Quick Slash","floor":1.0},{"not_picked":["Deadly Poison","Dagger Throw"],"picked":"Bouncing Flask","floor":3.0},{"not_picked":["Escape Plan","hubris:Sniper"],"picked":"Deflect","floor":4.0},{"not_picked":["Underhanded Strike","Well Laid Plans"],"picked":"Noxious Fumes","floor":5.0},{"not_picked":["Backflip","Acrobatics"],"picked":"Catalyst","floor":7.0},{"not_picked":["Predator","Skewer"],"picked":"Poisoned Stab","floor":14.0},{"not_picked":["Night Terror+1","Burst+1"],"picked":"Adrenaline+1","floor":16.0},{"not_picked":["Distraction+1","Outmaneuver+1"],"picked":"Deflect+1","floor":18.0},{"not_picked":["Prepared+1","Bane"],"picked":"Poisoned Stab+1","floor":20.0},{"not_picked":["Quick Slash","PiercingWail+1","hubris:Counter"],"picked":"SKIP","floor":22.0},{"not_picked":["Underhanded Strike","Reflex+1"],"picked":"Phantasmal Killer+1","floor":24.0},{"not_picked":["Predator+1","Eviscerate"],"picked":"Noxious Fumes","floor":28.0},{"not_picked":["Tactician+1","hubris:TrickCloak+1"],"picked":"Doppelganger+1","floor":29.0},{"not_picked":["Wraith Form v2","Storm of Steel+1"],"picked":"After Image","floor":33.0},{"not_picked":["Well Laid Plans","hubris:SlightOfHand+1"],"picked":"Calculated Gamble+1","floor":35.0},{"not_picked":["hubris:Ssssneak+1","Metamorphosis+1"],"picked":"Panacea+1","floor":37.0},{"not_picked":["hubris:SlightOfHand+1","Caltrops"],"picked":"Deadly Poison+1","floor":39},{"not_picked":["Riddle With Holes","Eviscerate","Predator+1"],"picked":"SKIP","floor":41}],"player_experience":560453,"relics_obtained":[{"floor":9.0,"key":"Toxic Egg 2"},{"floor":24.0,"key":"Potion Belt"},{"floor":26.0,"key":"MealTicket"},{"floor":34.0,"key":"Juzu Bracelet"},{"floor":34.0,"key":"Kunai"},{"floor":34.0,"key":"Torii"},{"floor":41,"key":"War Paint"},{"floor":43,"key":"hubris:SlimyHat"}],"event_choices":[{"damage_healed":0.0,"max_hp_gain":0.0,"max_hp_loss":0.0,"gold_gain":0.0,"event_name":"WeMeetAgain","player_choice":"Paid Gold","floor":2.0,"gold_loss":87.0,"damage_taken":0.0,"relics_obtained":["Peace Pipe"]},{"damage_healed":0.0,"max_hp_gain":0.0,"max_hp_loss":0.0,"gold_gain":0.0,"event_name":"Big Fish","player_choice":"Box","floor":11.0,"gold_loss":0.0,"damage_taken":0.0,"relics_obtained":["Meat on the Bone"],"cards_obtained":["Regret"]},{"cards_removed":["Regret"],"damage_healed":0.0,"max_hp_gain":0.0,"max_hp_loss":0.0,"gold_gain":0.0,"event_name":"Beggar","player_choice":"Gave Gold","floor":19.0,"gold_loss":75.0,"damage_taken":0.0},{"damage_healed":0.0,"max_hp_gain":0.0,"max_hp_loss":0.0,"gold_gain":0.0,"event_name":"Accursed Blacksmith","player_choice":"Rummage","floor":21.0,"gold_loss":0.0,"damage_taken":0.0,"relics_obtained":["WarpedTongs"],"cards_obtained":["Pain"]},{"damage_healed":0.0,"max_hp_gain":0.0,"max_hp_loss":0.0,"gold_gain":99.0,"event_name":"Nest","player_choice":"Stole From Cult","floor":31.0,"gold_loss":0.0,"damage_taken":0.0},{"damage_healed":0.0,"max_hp_gain":0.0,"max_hp_loss":0.0,"gold_gain":0.0,"event_name":"SensoryStone","player_choice":"Memory 1","floor":37.0,"gold_loss":0.0,"damage_taken":0.0},{"damage_healed":0,"gold_gain":0,"player_choice":"3 cards matched","damage_taken":0,"max_hp_gain":0,"max_hp_loss":0,"event_name":"Match and Keep!","floor":38,"gold_loss":0,"cards_obtained":["Envenom","Footwork","Finesse"]},{"damage_healed":0,"gold_gain":0,"player_choice":"Paid","damage_taken":0,"relics_obtained":["Red Mask"],"max_hp_gain":0,"max_hp_loss":0,"event_name":"Tomb of Lord Red Mask","floor":44,"gold_loss":77}],"is_beta":false,"boss_relics":[{"not_picked":["Runic Pyramid","Cursed Key"],"picked":"Empty Cage"},{"not_picked":["HoveringKite","Black Star"],"picked":"Calling Bell"}],"items_purged_floors":[],"is_endless":false,"potions_floor_spawned":[4,5,14,16,20,28,29,35,39],"killed_by":"Reptomancer","ascension_level":12}}