{"host":"qxeepl7ydvsgmfdb","time":1609260774,"event":{"mods":["AchievementEnabler","BaseMod","Colored Powertips","Minty Spire (QoL Compilation)","Quick Restart","slay the spire mod where everything is the same but ironclad has a cowboy hat"],"gold_per_floor":[117,117,117,131,2,27,27,27,27,27,41,41,58,68,68,168,168,188,98,118,118,132,132,166,166,189,217,234,263,274,35,35,131,131,144,160,160,178,228,228,228,128,155,169,169,181,181,33,33,33,33],"floor_reached":50,"playtime":1601,"items_purged":["Regret","Defend_G"],"score":708,"play_id":"1f937ed6-a005-4502-9fea-827779fe8d77","local_time":"20201229115254","is_ascension_mode":true,"campfire_choices":[{"data":"Poisoned Stab","floor":7.0,"key":"SMITH"},{"data":"Dagger Spray","floor":10.0,"key":"SMITH"},{"data":"Poisoned Stab","floor":15.0,"key":"SMITH"},{"floor":23.0,"key":"REST"},{"data":"After Image","floor":25.0,"key":"SMITH"},{"floor":32.0,"key":"REST"},{"data":"Backstab","floor":40.0,"key":"SMITH"},{"floor":45.0,"key":"REST"},{"data":"Blade Dance","floor":49.0,"key":"SMITH"}],"circlet_count":0,"master_deck":["Strike_G","Strike_G","Defend_G+1","Defend_G","Defend_G","Defend_G","Survivor","Neutralize+1","Blade Dance+1","Blade Dance+1","Backflip+1","Dagger Spray+1","Poisoned Stab+1","Backflip+1","PiercingWail","Poisoned Stab+1","After Image+1","Backstab+1","Blade Dance+1","Deflect+1","Cloak And Dagger+1","CurseOfTheBell","Dagger Throw+1","Noxious Fumes+1","Parasite","Writhe"],"relics":["Ring of the Snake","NeowsBlessing","Snake Skull","Bag of Marbles","Centennial Puzzle","Black Star","The Specimen","Strawberry","Orichalcum","Art of War","War Paint","Bronze Scales","Nunchaku","Mercury Hourglass","Calling Bell","Juzu Bracelet","Blue Candle","Bird Faced Urn","WingedGreaves","MealTicket","Lee\u0027s Waffle"],"acts_visited":["Exordium","TheCity","TheBeyond"],"potions_floor_usage":[50],"damage_taken":[{"damage":0.0,"enemies":"Small Slimes","floor":1.0,"turns":1.0},{"damage":0.0,"enemies":"2 Louse","floor":4.0,"turns":1.0},{"damage":0.0,"enemies":"Gremlin Nob","floor":6.0,"turns":1.0},{"damage":0.0,"enemies":"Jaw Worm","floor":11.0,"turns":1.0},{"damage":0.0,"enemies":"Blue Slaver","floor":13.0,"turns":2.0},{"damage":1.0,"enemies":"2 Fungi Beasts","floor":14.0,"turns":2.0},{"damage":13.0,"enemies":"The Guardian","floor":16.0,"turns":10.0},{"damage":12.0,"enemies":"2 Thieves","floor":18.0,"turns":4.0},{"damage":0.0,"enemies":"3 Byrds","floor":20.0,"turns":3.0},{"damage":16.0,"enemies":"Centurion and Healer","floor":22.0,"turns":3.0},{"damage":13.0,"enemies":"Slavers","floor":24.0,"turns":4.0},{"damage":11.0,"enemies":"Book of Stabbing","floor":27.0,"turns":4.0},{"damage":13.0,"enemies":"Sentry and Sphere","floor":28.0,"turns":4.0},{"damage":11.0,"enemies":"Gremlin Leader","floor":29.0,"turns":4.0},{"damage":1.0,"enemies":"Cultist and Chosen","floor":30.0,"turns":4.0},{"damage":28.0,"enemies":"Collector","floor":33.0,"turns":9.0},{"damage":1.0,"enemies":"Orb Walker","floor":35.0,"turns":3.0},{"damage":9.0,"enemies":"3 Darklings","floor":36.0,"turns":4.0},{"damage":6.0,"enemies":"Spire Growth","floor":38.0,"turns":4.0},{"damage":2.0,"enemies":"Mind Bloom Boss Battle","floor":39.0,"turns":6.0},{"damage":16.0,"enemies":"Writhing Mass","floor":44.0,"turns":5.0},{"damage":12.0,"enemies":"Maw","floor":46.0,"turns":6.0},{"damage":85,"enemies":"Donu and Deca","floor":50,"turns":8}],"seed_played":"385409854176600149","potions_obtained":[{"floor":6.0,"key":"PowerPotion"},{"floor":11.0,"key":"CunningPotion"},{"floor":13.0,"key":"Strength Potion"},{"floor":16.0,"key":"AttackPotion"},{"floor":29.0,"key":"GamblersBrew"},{"floor":33.0,"key":"Swift Potion"},{"floor":36.0,"key":"BlessingOfTheForge"},{"floor":46.0,"key":"SpeedPotion"}],"is_trial":false,"path_per_floor":["M","?","?","M","$","E","R","?","T","R","M","$","M","M","R","B",null,"M","?","M","?","M","R","E","R","T","E","M","E","M","$","R","B",null,"M","M","?","M","?","R","?","$","T","M","R","M","?","$","R","B"],"character_chosen":"THE_SILENT","items_purchased":["Dagger Spray","Mercury Hourglass","Lee\u0027s Waffle"],"campfire_rested":3,"item_purchase_floors":[5,31,48],"current_hp_per_floor":[63,63,49,49,49,49,49,49,49,49,49,49,49,48,48,35,61,49,49,49,49,33,54,48,48,48,37,24,13,12,12,35,7,60,61,54,54,50,50,50,50,50,50,38,61,53,72,84,84,0,0],"gold":33,"neow_bonus":"THREE_ENEMY_KILL","is_daily":false,"chose_seed":false,"campfire_upgraded":6,"win_rate":0.0,"timestamp":1609260774,"path_taken":["M","?","?","M","$","E","R","?","T","R","M","?","?","M","R","BOSS","M","?","?","?","M","R","E","R","T","E","?","E","M","?","R","BOSS","M","M","?","M","?","R","?","?","T","M","R","M","?","$","R","BOSS"],"items_purchased_type":["Card","Relic","Relic"],"build_version":"2020-12-22","purchased_purges":2,"victory":false,"max_hp_per_floor":[70,70,70,70,70,70,70,70,70,70,70,70,70,70,70,70,70,70,70,70,70,70,70,77,77,77,77,77,77,77,77,77,77,77,77,77,77,77,77,77,77,77,77,77,77,77,77,84,84,84,84],"card_choices":[{"not_picked":["Prepared","Backflip"],"picked":"Blade Dance","floor":1.0},{"not_picked":["Prepared","Backflip"],"picked":"Blade Dance","floor":1.0},{"not_picked":["Well Laid Plans","Underhanded Strike"],"picked":"Backflip","floor":4.0},{"not_picked":["Dagger Spray","Setup"],"picked":"Poisoned Stab","floor":6.0},{"not_picked":["Night Terror","Infinite Blades"],"picked":"Backflip","floor":11.0},{"not_picked":["Choke","Underhanded Strike"],"picked":"PiercingWail","floor":13.0},{"not_picked":["Reflex","Footwork"],"picked":"Poisoned Stab","floor":14.0},{"not_picked":["Malaise","Unload"],"picked":"After Image","floor":16.0},{"not_picked":["Masterful Stab","Underhanded Strike+1"],"picked":"Backstab","floor":18.0},{"not_picked":["Bane+1","Crippling Poison"],"picked":"Blade Dance","floor":20.0},{"not_picked":["Bouncing Flask+1","Leg Sweep"],"picked":"Deflect","floor":22.0},{"not_picked":["Calculated Gamble+1","PiercingWail","Crippling Poison+1"],"picked":"SKIP","floor":24.0},{"not_picked":["Dodge and Roll+1","Backflip","Reflex"],"picked":"SKIP","floor":27.0},{"not_picked":["Backflip","Bane"],"picked":"Cloak And Dagger+1","floor":28.0},{"not_picked":["PiercingWail","Blade Dance","Phantasmal Killer"],"picked":"SKIP","floor":29.0},{"not_picked":["Tactician","Riddle With Holes","Sucker Punch"],"picked":"SKIP","floor":30.0},{"not_picked":["Endless Agony","Tactician","Acrobatics+1"],"picked":"SKIP","floor":35.0},{"not_picked":["Caltrops+1","Footwork+1"],"picked":"Dagger Throw+1","floor":36.0},{"not_picked":["Sucker Punch+1","Blade Dance+1","PiercingWail"],"picked":"SKIP","floor":38.0},{"not_picked":["Dagger Spray+1","Choke"],"picked":"Noxious Fumes+1","floor":39.0},{"not_picked":["PiercingWail","Prepared","Underhanded Strike+1"],"picked":"SKIP","floor":44.0},{"not_picked":["Sucker Punch+1","Accuracy+1","Reflex+1"],"picked":"SKIP","floor":46.0}],"player_experience":298829,"relics_obtained":[{"floor":6.0,"key":"Bag of Marbles"},{"floor":9.0,"key":"Centennial Puzzle"},{"floor":24.0,"key":"The Specimen"},{"floor":24.0,"key":"Strawberry"},{"floor":26.0,"key":"Orichalcum"},{"floor":27.0,"key":"Art of War"},{"floor":27.0,"key":"War Paint"},{"floor":29.0,"key":"Bronze Scales"},{"floor":29.0,"key":"Nunchaku"},{"floor":34.0,"key":"Juzu Bracelet"},{"floor":34.0,"key":"Blue Candle"},{"floor":34.0,"key":"Bird Faced Urn"},{"floor":39.0,"key":"WingedGreaves"},{"floor":43.0,"key":"MealTicket"}],"event_choices":[{"damage_healed":0.0,"max_hp_gain":0.0,"max_hp_loss":0.0,"gold_gain":0.0,"event_name":"Big Fish","player_choice":"Box","floor":2.0,"gold_loss":0.0,"damage_taken":0.0,"relics_obtained":["Snake Skull"],"cards_obtained":["Regret"]},{"damage_healed":0.0,"max_hp_gain":0.0,"max_hp_loss":0.0,"gold_gain":0.0,"event_name":"Shining Light","player_choice":"Entered Light","floor":3.0,"gold_loss":0.0,"damage_taken":14.0,"cards_upgraded":["Defend_G","Neutralize"]},{"damage_healed":0.0,"max_hp_gain":0.0,"max_hp_loss":0.0,"gold_gain":0.0,"event_name":"Living Wall","player_choice":"Grow","floor":8.0,"gold_loss":0.0,"damage_taken":0.0,"cards_upgraded":["Blade Dance"]},{"cards_removed":["Strike_G"],"damage_healed":0.0,"max_hp_gain":0.0,"max_hp_loss":0.0,"gold_gain":0.0,"event_name":"Designer","player_choice":"Upgrade and Remove","floor":19.0,"gold_loss":90.0,"damage_taken":0.0,"cards_upgraded":["Backflip"]},{"cards_removed":["Strike_G"],"damage_healed":0.0,"max_hp_gain":0.0,"max_hp_loss":0.0,"gold_gain":0.0,"event_name":"Wheel of Change","player_choice":"Card Removal","floor":21.0,"gold_loss":0.0,"damage_taken":0.0},{"damage_healed":0.0,"max_hp_gain":0.0,"max_hp_loss":0.0,"gold_gain":0.0,"event_name":"SensoryStone","player_choice":"Memory 1","floor":37.0,"gold_loss":0.0,"damage_taken":0.0},{"damage_healed":0.0,"max_hp_gain":0.0,"max_hp_loss":0.0,"gold_gain":0.0,"event_name":"MindBloom","player_choice":"Fight","floor":39.0,"gold_loss":0.0,"damage_taken":0.0},{"cards_removed":["Strike_G"],"damage_healed":0.0,"max_hp_gain":0.0,"max_hp_loss":0.0,"gold_gain":0.0,"event_name":"Falling","player_choice":"Removed Attack","floor":41.0,"gold_loss":0.0,"damage_taken":0.0},{"damage_healed":19.0,"max_hp_gain":0.0,"max_hp_loss":0.0,"gold_gain":0.0,"event_name":"Winding Halls","player_choice":"Writhe","floor":47.0,"gold_loss":0.0,"damage_taken":0.0,"cards_obtained":["Writhe"]}],"is_beta":false,"boss_relics":[{"not_picked":["Snecko Eye","Velvet Choker"],"picked":"Black Star"},{"not_picked":["Empty Cage","Sozu"],"picked":"Calling Bell"}],"items_purged_floors":[5,42],"is_endless":false,"potions_floor_spawned":[6,11,13,16,18,20,29,33,36,46],"killed_by":"Donu and Deca","ascension_level":6}}