{"host":"6p0attdrtjqaih7v","time":1609265408,"event":{"mods":["2.2 Compatiblity","AchievementEnabler","Bard","BaseMod","Better Skull","Better Third Choice","Colored Powertips","Hermit","Highlight Path","Jorbs\u0027s Wanderer Trilogy","Key Reminder","Minty Spire (QoL Compilation)","Permanent Neow","Quick Restart","Random Character Button","Relic Stats","Replay The Spire","StSLib","The Construct"],"gold_per_floor":[119,119,143,166,166,166,166],"floor_reached":6,"playtime":304,"items_purged":[],"score":68,"play_id":"9bce98ec-6f59-4712-90a4-e38ae01e5e49","local_time":"20201229131008","is_ascension_mode":true,"campfire_choices":[],"circlet_count":0,"master_deck":["AscendersBane","Strike_G","Strike_G","Strike_G","Strike_G","Strike_G","Defend_G","Defend_G","Defend_G","Defend_G","Defend_G","Survivor","Neutralize","Leg Sweep","Quick Slash","Endless Agony"],"relics":["Golden Idol","Sizzling Blood"],"acts_visited":["Exordium"],"potions_floor_usage":[6],"damage_taken":[{"damage":1,"enemies":"2 Louse","floor":1,"turns":5},{"damage":0,"enemies":"Small Slimes","floor":3,"turns":4},{"damage":1,"enemies":"Jaw Worm","floor":4,"turns":5},{"damage":58,"enemies":"Lagavulin","floor":6,"turns":10}],"seed_played":"-8622639850451659206","potions_obtained":[{"floor":0,"key":"Ancient Potion"},{"floor":0,"key":"Explosive Potion"},{"floor":3,"key":"Regen Potion"}],"is_trial":false,"path_per_floor":["M","?","M","M","?","E"],"character_chosen":"THE_SILENT","items_purchased":[],"campfire_rested":0,"item_purchase_floors":[],"current_hp_per_floor":[58,35,35,34,38,0,0],"gold":166,"neow_bonus":"THREE_SMALL_POTIONS","is_daily":false,"chose_seed":false,"campfire_upgraded":0,"win_rate":0.0,"timestamp":1609265408,"path_taken":["M","?","M","M","?","E"],"items_purchased_type":[],"build_version":"2020-12-22","purchased_purges":0,"victory":false,"max_hp_per_floor":[66,66,66,66,70,70,70],"relic_stats":{"counters":[4,24],"Golden Idol":10,"obtain_stats":[{"Golden Idol":2,"Sizzling Blood":5,"Ring of the Snake":0},{"Golden Idol":1,"Sizzling Blood":3,"Ring of the Snake":0},{"Golden Idol":5,"Sizzling Blood":14,"Ring of the Snake":0}]},"card_choices":[{"not_picked":["Dodge and Roll","Flying Knee"],"picked":"Leg Sweep","floor":1},{"not_picked":["Eviscerate","Cloak And Dagger"],"picked":"Quick Slash","floor":3},{"not_picked":["Underhanded Strike","Dagger Throw"],"picked":"Endless Agony","floor":4}],"player_experience":921221,"relics_obtained":[],"event_choices":[{"damage_healed":0,"gold_gain":0,"player_choice":"Take Damage","damage_taken":23,"relics_obtained":["Golden Idol"],"max_hp_gain":0,"max_hp_loss":0,"event_name":"Golden Idol","floor":2,"gold_loss":0}],"is_beta":false,"boss_relics":[],"items_purged_floors":[],"is_endless":false,"potions_floor_spawned":[3,4],"killed_by":"Lagavulin","ascension_level":18}}