{"host":"kpyoctgc7jne3jiy","time":1609278858,"event":{"mods":["AchievementEnabler","BaseMod","Minty Spire (QoL Compilation)","Relic Stats"],"gold_per_floor":[109,126,137,150,7,7,45,67,147,182,201,166,207,232,232,341,341,362,412,441,466,466,466,6,6,86,86,105,143,68,79,79,79,79],"floor_reached":33,"playtime":2040,"items_purged":["Strike_R"],"score":347,"play_id":"7350a9eb-9099-46f2-a81f-83b0087324bf","local_time":"20201229225418","is_ascension_mode":true,"campfire_choices":[{"floor":6.0,"key":"REST"},{"floor":15.0,"key":"REST"},{"floor":23,"key":"REST"},{"floor":25,"key":"REST"},{"data":"Rampage","floor":27,"key":"SMITH"},{"floor":32,"key":"REST"}],"circlet_count":0,"master_deck":["Strike_R","Strike_R","Strike_R","Strike_R+1","Defend_R","Defend_R","Defend_R","Defend_R","Bash+1","Dark Embrace","Evolve","Spot Weakness","Shrug It Off","Havoc","Shockwave","Havoc","Burning Pact","Rampage+1","True Grit","Exhume","Iron Wave","Havoc","Warcry+1","Sentinel","Dropkick+1"],"relics":["Snecko Eye","Strange Spoon","CeramicFish","Pantograph","Ice Cream","Omamori","Mark of Pain","FossilizedHelix","Whetstone","HornCleat","Bronze Scales"],"acts_visited":["Exordium","TheCity"],"potions_floor_usage":[20,21,33],"damage_taken":[{"damage":0.0,"enemies":"2 Louse","floor":1.0,"turns":2.0},{"damage":9.0,"enemies":"Small Slimes","floor":2.0,"turns":4.0},{"damage":13.0,"enemies":"Cultist","floor":3.0,"turns":6.0},{"damage":12.0,"enemies":"3 Louse","floor":4.0,"turns":5.0},{"damage":15.0,"enemies":"Gremlin Nob","floor":7.0,"turns":4.0},{"damage":8.0,"enemies":"Blue Slaver","floor":8.0,"turns":5.0},{"damage":22.0,"enemies":"3 Sentries","floor":10.0,"turns":9.0},{"damage":10.0,"enemies":"Exordium Wildlife","floor":11.0,"turns":4.0},{"damage":27.0,"enemies":"Gremlin Nob","floor":13.0,"turns":4.0},{"damage":6.0,"enemies":"Exordium Thugs","floor":14.0,"turns":5.0},{"damage":34.0,"enemies":"The Guardian","floor":16.0,"turns":13.0},{"damage":21.0,"enemies":"Chosen","floor":18.0,"turns":5.0},{"damage":33,"enemies":"Spheric Guardian","floor":20,"turns":6},{"damage":13,"enemies":"Centurion and Healer","floor":21,"turns":6},{"damage":1,"enemies":"Snecko","floor":28,"turns":6},{"damage":21,"enemies":"Book of Stabbing","floor":29,"turns":6},{"damage":18,"enemies":"Sentry and Sphere","floor":31,"turns":6},{"damage":86,"enemies":"Collector","floor":33,"turns":7}],"seed_played":"-5070029449758971007","potions_obtained":[{"floor":1.0,"key":"EssenceOfSteel"},{"floor":3.0,"key":"Energy Potion"},{"floor":4.0,"key":"BloodPotion"},{"floor":10.0,"key":"CultistPotion"},{"floor":13.0,"key":"Regen Potion"},{"floor":16.0,"key":"EssenceOfSteel"},{"floor":20,"key":"Block Potion"},{"floor":29,"key":"FearPotion"},{"floor":31,"key":"Regen Potion"}],"is_trial":false,"path_per_floor":["M","M","M","M","$","R","E","M","T","E","M","?","E","M","R","B",null,"M","?","M","M","?","R","$","R","T","R","M","E","$","M","R","B"],"character_chosen":"IRONCLAD","items_purchased":["Strange Spoon","FossilizedHelix","Whetstone"],"campfire_rested":5,"item_purchase_floors":[5,24,24],"current_hp_per_floor":[80,71,58,46,46,70,55,47,47,25,31,51,24,18,42,48,80,59,59,26,13,13,37,37,61,61,61,60,39,39,21,45,0,0],"gold":79,"neow_bonus":"BOSS_RELIC","is_daily":false,"chose_seed":false,"campfire_upgraded":1,"win_rate":0.0,"timestamp":1609278858,"path_taken":["M","M","M","M","$","R","E","M","T","E","M","?","E","M","R","BOSS","M","?","M","?","?","R","$","R","T","R","M","E","$","M","R","BOSS"],"items_purchased_type":["Relic","Relic","Relic"],"build_version":"2020-12-22","purchased_purges":1,"victory":false,"max_hp_per_floor":[80,80,80,80,80,80,80,80,80,80,80,80,80,80,80,80,80,80,80,80,80,80,80,80,80,80,80,80,80,80,80,80,80,80],"relic_stats":{"Strange Spoon":[43],"counters":[18,103],"CeramicFish":108,"Pantograph":50,"Bronze Scales":[24],"Snecko Eye":[211,196,204,193],"Whetstone":["Strike_R","Bash"],"obtain_stats":[{"Ice Cream":10,"Strange Spoon":5,"HornCleat":26,"CeramicFish":7,"Pantograph":9,"Bronze Scales":29,"Snecko Eye":0,"Mark of Pain":17,"Omamori":13,"Whetstone":24,"Burning Blood":0,"FossilizedHelix":24},{"Ice Cream":7,"Strange Spoon":4,"HornCleat":14,"CeramicFish":5,"Pantograph":6,"Bronze Scales":16,"Snecko Eye":0,"Mark of Pain":11,"Omamori":9,"Whetstone":14,"Burning Blood":0,"FossilizedHelix":14},{"Ice Cream":35,"Strange Spoon":17,"HornCleat":78,"CeramicFish":21,"Pantograph":26,"Bronze Scales":90,"Snecko Eye":0,"Mark of Pain":61,"Omamori":43,"Whetstone":78,"Burning Blood":0,"FossilizedHelix":78}]},"card_choices":[{"not_picked":["Perfected Strike","Combust"],"picked":"Dark Embrace","floor":1.0},{"not_picked":["Flame Barrier","Burning Pact"],"picked":"Evolve","floor":2.0},{"not_picked":["Armaments","Havoc"],"picked":"Spot Weakness","floor":3.0},{"not_picked":["Iron Wave","Perfected Strike"],"picked":"Shrug It Off","floor":4.0},{"not_picked":["Immolate","Rupture"],"picked":"Havoc","floor":7.0},{"not_picked":["Searing Blow","Ghostly Armor"],"picked":"Shockwave","floor":8.0},{"not_picked":["Hemokinesis","Ghostly Armor"],"picked":"Havoc","floor":10.0},{"not_picked":["Wild Strike","Carnage"],"picked":"Burning Pact","floor":11.0},{"not_picked":["Body Slam","Flex"],"picked":"Rampage","floor":13.0},{"not_picked":["Thunderclap","Heavy Blade"],"picked":"True Grit","floor":14.0},{"not_picked":["Reaper","Immolate"],"picked":"Exhume","floor":16.0},{"not_picked":["Thunderclap+1","Headbutt"],"picked":"Iron Wave","floor":18.0},{"not_picked":["Whirlwind+1","Headbutt"],"picked":"Havoc","floor":20},{"not_picked":["Flex+1","Exhume"],"picked":"Warcry+1","floor":21},{"not_picked":["Havoc","Cleave+1"],"picked":"Sentinel","floor":28},{"not_picked":["Evolve","Combust"],"picked":"Dropkick+1","floor":29},{"not_picked":["Hemokinesis+1","Thunderclap","Cleave"],"picked":"SKIP","floor":31}],"player_experience":260884,"relics_obtained":[{"floor":7.0,"key":"CeramicFish"},{"floor":9.0,"key":"Pantograph"},{"floor":10.0,"key":"Ice Cream"},{"floor":13.0,"key":"Omamori"},{"floor":26,"key":"HornCleat"},{"floor":29,"key":"Bronze Scales"}],"event_choices":[{"damage_healed":20.0,"max_hp_gain":0.0,"max_hp_loss":0.0,"gold_gain":0.0,"event_name":"The Cleric","player_choice":"Healed","floor":12.0,"gold_loss":35.0,"damage_taken":0.0},{"damage_healed":0.0,"max_hp_gain":0.0,"max_hp_loss":0.0,"gold_gain":100.0,"event_name":"The Joust","player_choice":"Bet on Murderer","floor":19.0,"gold_loss":50.0,"damage_taken":0.0},{"damage_healed":0,"gold_gain":0,"player_choice":"Smashed Altar","damage_taken":0,"max_hp_gain":0,"max_hp_loss":0,"event_name":"Forgotten Altar","floor":22,"gold_loss":0,"cards_obtained":["Decay"]}],"is_beta":false,"boss_relics":[{"not_picked":["Velvet Choker","Sozu"],"picked":"Mark of Pain"}],"items_purged_floors":[30],"is_endless":false,"potions_floor_spawned":[1,3,4,10,13,16,20,29,31],"killed_by":"Collector","ascension_level":4}}