{"host":"4sgoj70bvr8ov3jh","time":1609210041,"event":{"mods":["2.2 Compatiblity","AchievementEnabler","BaseMod","Chen","GifTheSpireLib","Hero for Fun","Marisa????????","Minty Spire (QoL Compilation)","Permanent Neow","Remilia_Scarlet Moed?????·?????3.3.5","StSLib","The Alterego","The Servant 0.9.4"],"gold_per_floor":[110,125,125,125,138,138,154,172,248,248,248,281,2086,2261,2261,2357,2357,2369,2369,2392,2402,2402,2429,2456,396,422,422,283,293,196,222,222,317,317,327,327,327],"floor_reached":36,"playtime":2623,"items_purged":[],"score":943,"play_id":"2a42acf1-445d-49b2-85ac-eda07ff7b04c","local_time":"20201228184720","is_ascension_mode":false,"campfire_choices":[{"data":"Magnetism","floor":6,"key":"SMITH"},{"data":"Fire Breathing","floor":10,"key":"SMITH"},{"data":"1","floor":15,"key":"LIFT"},{"data":"2","floor":27,"key":"LIFT"},{"data":"Infernal Blade","floor":32,"key":"SMITH"}],"circlet_count":25,"master_deck":["Bash","Decay","Magnetism+1","Body Slam+1","Anger+1","Anger+1","Anger+1","Anger+1","Anger+1","Infernal Blade+1","Infernal Blade+1","Infernal Blade+1","Armaments+1","Armaments+1","Armaments+1","Armaments+1","Fire Breathing+1","Fire Breathing+1","Fire Breathing+1","6A+1","Twin Strike","Fire Breathing+1","Twin Strike","Spot Weakness","Heavy Blade","Clash","Disarm","Ghostly Armor","Shockwave+1","Power Through","Rage+1","Inflame","Infernal Blade+1","Metamorphosis","Madness","Demon Form+1","Sword Boomerang+1","Flame Barrier+1","Armaments+1","Heavy Blade+1","Fiend Fire+1","Whirlwind+1","Searing Blow+1","Cleave+1","Seeing Red+1","Body Slam+1","RitualDagger+1","Flex+1","Anger+1","Intimidate+1","Impatience+1","Violence+1","Jack Of All Trades+1","Good Instincts+1","Dark Shackles+1","Anger+1","Panacea+1","Panache+1","Panache+1","Deep Breath+1","Magnetism+1","Apotheosis+1","Body Slam+1","Infernal Blade+1","Transmutation+1","Fire Breathing+1","Berserk+1","Perfected Strike+1"],"relics":["Burning Blood","Circlet","Black Blood","The Courier","Symbiotic Virus","Ninja Scroll","Ninja Scroll","Ninja Scroll","Membership Card","Torii","TungstenRod","Art of War","Akabeko","AmplifyWand","War Paint","Ice Cream","InkBottle","White Beast Statue","Calipers","Mark of Pain","Tingsha","Tiny Chest","War Paint","WarpedTongs","WarpedTongs","WarpedTongs","WarpedTongs","WarpedTongs","WarpedTongs","WarpedTongs","Bronze Scales","Broom","Tiny Chest","FossilizedHelix","Frozen Eye","Blue Candle","Ancient Tea Set","Dead Branch","MealTicket","Frozen Egg 2","Letter Opener","Bag of Preparation","Lizard Tail","Mercury Hourglass","Mummified Hand","Regal Pillow","Ornamental Fan","Bronze Scales","Unceasing Top","Shuriken","Boot","Art of War","Bag of Marbles","Vajra","Dream Catcher","Toy Ornithopter","War Paint","Pen Nib","Strawberry","Bird Faced Urn","Red Skull","HornCleat","Meat on the Bone","Centennial Puzzle","Orichalcum","Nunchaku","Toxic Egg 2","Lantern","Bottled Tornado","Singing Bowl","Whetstone","Pantograph","PreservedInsect","Anchor","Omamori","Eternal Feather","Kunai","Matryoshka","Pear","Happy Flower","Blood Vial","Self Forming Clay","Oddly Smooth Stone","InkBottle","Molten Egg 2","Gremlin Horn","Ginger","Thread and Needle","Darkstone Periapt","TungstenRod","Question Card","Paper Frog","Potion Belt","Bottled Lightning","Bottled Flame","Magic Flower","Mango","Peace Pipe","Ice Cream","Du-Vu Doll","Girya","Champion Belt","CaptainsWheel","Incense Burner","StoneCalendar","Torii","Pocketwatch","Charon\u0027s Ashes","WingedGreaves","Prayer Wheel","Turnip","Sundial","Gambling Chip","Pandora\u0027s Box","ClockworkSouvenir","Strange Spoon","Membership Card","SlaversCollar","Lizard Tail","Lizard Tail","Lizard Tail","ExperimentalFamiliar","Eternal Feather","Yang","Tough Bandages"],"acts_visited":["Exordium","TheCity","TheBeyond","TheBeyond"],"potions_floor_usage":[33,33,36,36,36],"damage_taken":[{"damage":11,"enemies":"Jaw Worm","floor":1,"turns":2},{"damage":6,"enemies":"Small Slimes","floor":2,"turns":3},{"damage":0,"enemies":"2 Louse","floor":5,"turns":1},{"damage":0,"enemies":"Blue Slaver","floor":7,"turns":1},{"damage":0,"enemies":"2 Fungi Beasts","floor":8,"turns":1},{"damage":6,"enemies":"Lagavulin","floor":12,"turns":4},{"damage":0,"enemies":"Hexaghost","floor":16,"turns":1},{"damage":0,"enemies":"Chosen","floor":18,"turns":1},{"damage":0,"enemies":"3 Byrds","floor":21,"turns":1},{"damage":0,"enemies":"Slavers","floor":23,"turns":1},{"damage":0,"enemies":"Gremlin Leader","floor":24,"turns":1},{"damage":0,"enemies":"Centurion and Healer","floor":29,"turns":1},{"damage":0,"enemies":"Slavers","floor":31,"turns":1},{"damage":0,"enemies":"Automaton","floor":33,"turns":2},{"damage":0,"enemies":"3 Darklings","floor":35,"turns":1},{"damage":293,"enemies":"Remilia_Byz","floor":36,"turns":6}],"seed_played":"-3644616416794125804","potions_obtained":[{"floor":7,"key":"Explosive Potion"},{"floor":12,"key":"ColorlessPotion"},{"floor":16,"key":"Swift Potion"},{"floor":18,"key":"Energy Potion"},{"floor":21,"key":"FearPotion"},{"floor":24,"key":"SkillPotion"},{"floor":33,"key":"SkillPotion"},{"floor":35,"key":"DuplicationPotion"}],"is_trial":false,"path_per_floor":["M","M","?","?","M","R","M","M","T","R","?","E","$","?","R","B",null,"M","?","T","M","?","E","E","$","T","R","$","M","$","E","R","B",null,"M","?"],"character_chosen":"IRONCLAD","items_purchased":["Inflame","Infernal Blade","FossilizedHelix","Frozen Eye","Blue Candle","Ancient Tea Set","Dead Branch","MealTicket","Frozen Egg 2","Letter Opener","Bag of Preparation","Lizard Tail","Mercury Hourglass","Mummified Hand","Regal Pillow","Ornamental Fan","Bronze Scales","Unceasing Top","Shuriken","Boot","Art of War","Bag of Marbles","Vajra","Dream Catcher","Toy Ornithopter","War Paint","Pen Nib","Strawberry","Bird Faced Urn","Red Skull","HornCleat","Meat on the Bone","Centennial Puzzle","Orichalcum","Nunchaku","Metamorphosis","Madness","Toxic Egg 2","Lantern","Bottled Tornado","Singing Bowl","Whetstone","Pantograph","PreservedInsect","Anchor","Omamori","Eternal Feather","Kunai","Matryoshka","Pear","Happy Flower","Blood Vial","Self Forming Clay","Oddly Smooth Stone","InkBottle","Molten Egg 2","Gremlin Horn","Ginger","Thread and Needle","Darkstone Periapt","TungstenRod","Question Card","Paper Frog","Potion Belt","Bottled Lightning","Bottled Flame","Magic Flower","Mango","Peace Pipe","Ice Cream","Du-Vu Doll","Girya","Champion Belt","CaptainsWheel","Incense Burner","StoneCalendar","Torii","Pocketwatch","Charon\u0027s Ashes","WingedGreaves","Prayer Wheel","Turnip","Circlet","Sundial","Gambling Chip","Circlet","Circlet","Circlet","Impatience+1","Violence+1","ClockworkSouvenir","Circlet","Circlet","Circlet","Circlet","Circlet","Circlet","Circlet","Circlet","Circlet","Jack Of All Trades+1","Good Instincts+1","Dark Shackles+1","Anger+1","Panacea+1","Panache+1","Panache+1","Deep Breath+1","Magnetism+1","Strange Spoon","Apotheosis+1","Membership Card","Transmutation+1"],"campfire_rested":0,"item_purchase_floors":[13,13,13,13,13,13,13,13,13,13,13,13,13,13,13,13,13,13,13,13,13,13,13,13,13,13,13,13,13,13,13,13,13,13,13,13,13,13,13,13,13,13,13,13,13,13,13,13,13,13,13,13,13,13,13,13,13,13,13,13,13,13,13,13,13,13,13,13,13,13,13,13,13,13,13,13,13,13,13,13,13,13,13,13,13,13,13,13,25,25,25,25,25,25,25,25,25,25,25,25,25,25,25,25,25,25,25,25,25,28,28,30,30],"current_hp_per_floor":[80,80,74,74,80,80,80,80,80,80,66,78,109,109,111,111,111,111,107,107,111,111,111,113,113,113,113,113,113,113,113,113,113,113,115,0,0],"gold":327,"neow_bonus":"RANDOM_COLORLESS_2","is_daily":false,"chose_seed":false,"campfire_upgraded":3,"win_rate":0.0,"timestamp":1609210040,"path_taken":["M","M","?","?","M","R","M","M","T","R","?","E","?","?","R","BOSS","M","?","?","M","?","E","E","$","T","R","$","M","$","E","R","BOSS","M","?"],"items_purchased_type":["Card","Card","Relic","Relic","Relic","Relic","Relic","Relic","Relic","Relic","Relic","Relic","Relic","Relic","Relic","Relic","Relic","Relic","Relic","Relic","Relic","Relic","Relic","Relic","Relic","Relic","Relic","Relic","Relic","Relic","Relic","Relic","Relic","Relic","Relic","Card","Card","Relic","Relic","Relic","Relic","Relic","Relic","Relic","Relic","Relic","Relic","Relic","Relic","Relic","Relic","Relic","Relic","Relic","Relic","Relic","Relic","Relic","Relic","Relic","Relic","Relic","Relic","Relic","Relic","Relic","Relic","Relic","Relic","Relic","Relic","Relic","Relic","Relic","Relic","Relic","Relic","Relic","Relic","Relic","Relic","Relic","Undefined","Relic","Relic","Undefined","Undefined","Undefined","Card","Card","Relic","Undefined","Undefined","Undefined","Undefined","Undefined","Undefined","Undefined","Undefined","Undefined","Card","Card","Card","Card","Card","Card","Card","Card","Card","Relic","Card","Relic","Card"],"build_version":"2020-12-22","purchased_purges":0,"victory":false,"max_hp_per_floor":[80,80,80,80,80,80,80,80,80,80,80,80,111,111,111,111,111,111,111,111,111,111,111,113,113,113,113,113,113,113,113,113,113,113,115,115,115],"card_choices":[{"not_picked":["Master of Strategy","The Bomb"],"picked":"Magnetism","floor":0},{"not_picked":["Searing Blow","Dual Wield"],"picked":"Twin Strike","floor":1},{"not_picked":["Rampage","Havoc"],"picked":"Fire Breathing","floor":2},{"not_picked":["Shrug It Off","Perfected Strike"],"picked":"Ghostly Armor","floor":5},{"not_picked":["Clash","Shrug It Off"],"picked":"Shockwave","floor":7},{"not_picked":["Pummel","Body Slam"],"picked":"Power Through","floor":8},{"not_picked":["Spot Weakness","Iron Wave"],"picked":"Rage","floor":12},{"not_picked":["Double Tap+1","Berserk+1","Brutality+1"],"picked":"Demon Form+1","floor":16},{"not_picked":["Cleave+1","Armaments+1","Warcry+1"],"picked":"Seeing Red+1","floor":18},{"not_picked":["Disarm+1","Headbutt+1","Thunderclap+1"],"picked":"Body Slam+1","floor":18},{"not_picked":["Sentinel+1","Clash+1","Havoc+1"],"picked":"Flex+1","floor":21},{"not_picked":["Headbutt+1","Feed+1","Warcry+1"],"picked":"Anger+1","floor":21},{"not_picked":["Anger+1","Pommel Strike+1","Rupture+1"],"picked":"Intimidate+1","floor":23},{"not_picked":["Heavy Blade+1","Sever Soul+1","Offering+1","Wild Strike+1"],"picked":"Singing Bowl","floor":24},{"not_picked":["Thunderclap+1","Clothesline+1","Pommel Strike+1"],"picked":"Body Slam+1","floor":29},{"not_picked":["Reckless Charge+1","Warcry+1","Headbutt+1"],"picked":"Infernal Blade+1","floor":29},{"not_picked":["Brutality+1","Headbutt+1","Wild Strike+1"],"picked":"Fire Breathing+1","floor":31},{"not_picked":["Barricade+1","Immolate+1","Offering+1"],"picked":"Berserk+1","floor":33},{"not_picked":["Anger+1","True Grit+1","Battle Trance+1","Shrug It Off+1"],"picked":"Singing Bowl","floor":35},{"not_picked":["Combust+1","Burning Pact+1","Blood for Blood+1"],"picked":"Perfected Strike+1","floor":35}],"player_experience":176779,"relics_obtained":[{"floor":9,"key":"White Beast Statue"},{"floor":12,"key":"Tiny Chest"},{"floor":20,"key":"Circlet"},{"floor":20,"key":"Circlet"},{"floor":23,"key":"Circlet"},{"floor":24,"key":"Circlet"},{"floor":26,"key":"Circlet"}],"event_choices":[{"cards_removed":["Strike_R"],"damage_healed":0,"gold_gain":0,"player_choice":"Card Removal","damage_taken":7,"max_hp_gain":0,"max_hp_loss":0,"event_name":"Golden Wing","floor":3,"gold_loss":0},{"damage_healed":0,"gold_gain":0,"player_choice":"Success","damage_taken":18,"relics_obtained":["Calipers"],"max_hp_gain":0,"max_hp_loss":0,"event_name":"Scrap Ooze","floor":11,"gold_loss":0},{"damage_healed":0,"gold_gain":175,"player_choice":"AGREE","damage_taken":0,"max_hp_gain":0,"max_hp_loss":0,"event_name":"Liars Game","floor":14,"gold_loss":0,"cards_obtained":["Doubt"]},{"damage_healed":0,"gold_gain":0,"player_choice":"Joined the Cult","damage_taken":6,"max_hp_gain":0,"max_hp_loss":0,"event_name":"Nest","floor":19,"gold_loss":0,"cards_obtained":["RitualDagger"]},{"damage_healed":0,"gold_gain":0,"player_choice":"Ignored","damage_taken":0,"max_hp_gain":0,"max_hp_loss":0,"event_name":"Ghosts","floor":22,"gold_loss":0}],"is_beta":false,"boss_relics":[{"not_picked":["Black Blood","Calling Bell"],"picked":"Pandora\u0027s Box"},{"not_picked":["Snecko Eye","Astrolabe"],"picked":"SlaversCollar"}],"items_purged_floors":[],"is_endless":false,"potions_floor_spawned":[7,12,16,18,21,23,24,29,31,33,35],"killed_by":"Remilia_Byz","ascension_level":0}}