{"host":"ormi09wwzv7sq47a","time":1609205980,"event":{"mods":["2.2 Compatiblity","AchievementEnabler","Act Like it!","BaseMod","Bestiary","Better Altar","Better Note","Better Sensory Stone","Better Skull","Better Third Choice","Better Vampires","BetterRewards","Block Reminder","Card Forge","Colored Map","Colored Powertips","Curses Come First","DeckTracker","Downfall","Highlight Path","Minty Spire (QoL Compilation)","Permanent Neow","Quick Restart","Rare Cards Sparkle","Relic Stats","Shop Mod","StSLib","The Jungle"],"gold_per_floor":[118,135,135,135,155,193,193,228,228,228,266,291,312,347,347,443,443,459,483,31,52,73,73,73,73,73,98,118,118,118,118],"floor_reached":29,"playtime":1578,"items_purged":["Injury"],"score":494,"play_id":"dba361de-92ff-4ac1-b7a8-9160537c32e3","local_time":"20201228233940","is_ascension_mode":true,"campfire_choices":[{"data":"Slimebound:Split","floor":7.0,"key":"SMITH"},{"data":"Slimebound:DisruptingSlam","floor":10.0,"key":"SMITH"},{"data":"Slimebound:PrepareCrush","floor":15.0,"key":"SMITH"},{"data":"Slimebound:Grow","floor":23,"key":"SMITH"},{"data":"Slimebound:LeadByExample","floor":25,"key":"SMITH"}],"circlet_count":0,"master_deck":["AscendersBane","Slimebound:Strike_Slimebound","Slimebound:Strike_Slimebound","Slimebound:Strike_Slimebound","Slimebound:Tackle","Slimebound:Defend_Slimebound+1","Slimebound:Defend_Slimebound+1","Slimebound:Defend_Slimebound","Slimebound:Defend_Slimebound","Slimebound:Split+1","Slimebound:CorrosiveSpit","Slimebound:GoopSpray","Slimebound:DisruptingSlam+1","Slimebound:Schlurp","Slimebound:GrowthPunch","Slimebound:PrepareCrush+1","Slimebound:SamplingLick","Slimebound:LeechingTouch","Slimebound:LeechLife","Slimebound:SlimeSpikes","Slimebound:Grow+1","Slimebound:SlimeSpikes","Slimebound:LeadByExample+1","Slimebound:Gluttony","Slimebound:ProtectTheBoss"],"relics":["Slimebound:AbsorbEndCombat","Hammer of Thor","Seething Fire","Anvil of the Gods","Medical Kit","Incense Burner","Golden Idol","War Paint","Eternal Feather","White Beast Statue","Akabeko","InkBottle","Odd Mushroom","Sozu","Pear","Molten Egg 2"],"acts_visited":["Exordium","TheCity"],"potions_floor_usage":[16,21,24],"damage_taken":[{"damage":14.0,"enemies":"Small Slimes","floor":1.0,"turns":3.0},{"damage":9.0,"enemies":"2 Louse","floor":2.0,"turns":3.0},{"damage":11.0,"enemies":"Jaw Worm","floor":5.0,"turns":4.0},{"damage":6.0,"enemies":"Gremlin Nob","floor":6.0,"turns":3.0},{"damage":16.0,"enemies":"Lagavulin","floor":8.0,"turns":7.0},{"damage":40.0,"enemies":"3 Sentries","floor":11.0,"turns":6.0},{"damage":25.0,"enemies":"Lots of Slimes","floor":12.0,"turns":3.0},{"damage":9.0,"enemies":"3 Louse","floor":13.0,"turns":3.0},{"damage":13.0,"enemies":"The Mushroom Lair","floor":14.0,"turns":4.0},{"damage":41,"enemies":"The Guardian","floor":16,"turns":10},{"damage":7,"enemies":"Spheric Guardian","floor":18,"turns":4},{"damage":8,"enemies":"3 Byrds","floor":19,"turns":3},{"damage":3,"enemies":"Snake Plant","floor":21,"turns":2},{"damage":31,"enemies":"Centurion and Healer","floor":22,"turns":5},{"damage":0,"enemies":"Slavers","floor":24,"turns":1},{"damage":17,"enemies":"Cultist and Chosen","floor":27,"turns":6},{"damage":67,"enemies":"Shelled Parasite and Fungi","floor":28,"turns":4},{"damage":22,"enemies":"3 Cultists","floor":29,"turns":4}],"seed_played":"1954883268419453228","potions_obtained":[{"floor":2.0,"key":"Fire Potion"},{"floor":5.0,"key":"hexamod:EctoCoolerPotion"},{"floor":11.0,"key":"SkillPotion"},{"floor":12.0,"key":"SmokeBomb"},{"floor":13.0,"key":"Ancient Potion"},{"floor":16,"key":"LiquidMemories"}],"is_trial":false,"path_per_floor":["M","M","?","?","M","E","R","E","T","R","E","M","M","?","R","B",null,"M","M","$","M","M","R","E","R","T","M","M","M"],"character_chosen":"SLIMEBOUND","items_purchased":["Medical Kit","Pear","Slimebound:SlimeSpikes","Slimebound:LeadByExample"],"campfire_rested":0,"item_purchase_floors":[0,20,20,20],"current_hp_per_floor":[41,40,40,35,32,34,43,41,41,50,24,17,20,23,32,15,44,43,47,57,56,41,53,53,64,64,63,12,0,0,0],"gold":118,"neow_bonus":"","is_daily":false,"chose_seed":false,"campfire_upgraded":5,"win_rate":0.0,"timestamp":1609205980,"path_taken":["M","M","?","?","M","E","R","E","T","R","E","M","M","?","R","BOSS","M","M","$","M","M","R","E","R","T","M","M","M"],"items_purchased_type":["Relic","Relic","Card","Card"],"build_version":"2020-12-22","purchased_purges":1,"victory":false,"max_hp_per_floor":[54,54,54,54,54,54,54,54,54,54,54,54,54,54,54,54,54,54,54,64,64,64,64,64,64,64,64,64,64,64,64],"relic_stats":{"Sozu":5,"counters":[18,73],"Golden Idol":93,"Eternal Feather":50,"War Paint":["Slimebound:Defend_Slimebound","Slimebound:Defend_Slimebound"],"Medical Kit":[0],"obtain_stats":[{"Pear":20,"Golden Idol":3,"Eternal Feather":6,"Hammer of Thor":0,"Incense Burner":0,"Seething Fire":0,"War Paint":4,"Odd Mushroom":14,"Medical Kit":0,"White Beast Statue":8,"Akabeko":9,"Sozu":17,"Anvil of the Gods":0,"Molten Egg 2":26,"Slimebound:AbsorbEndCombat":0,"InkBottle":11},{"Pear":12,"Golden Idol":2,"Eternal Feather":4,"Hammer of Thor":0,"Incense Burner":0,"Seething Fire":0,"War Paint":2,"Odd Mushroom":9,"Medical Kit":0,"White Beast Statue":5,"Akabeko":5,"Sozu":10,"Anvil of the Gods":0,"Molten Egg 2":15,"Slimebound:AbsorbEndCombat":0,"InkBottle":6},{"Pear":52,"Golden Idol":6,"Eternal Feather":13,"Hammer of Thor":0,"Incense Burner":0,"Seething Fire":0,"War Paint":6,"Odd Mushroom":35,"Medical Kit":0,"White Beast Statue":19,"Akabeko":19,"Sozu":45,"Anvil of the Gods":0,"Molten Egg 2":59,"Slimebound:AbsorbEndCombat":0,"InkBottle":25}],"InkBottle":[16]},"card_choices":[{"not_picked":["Slimebound:GoopTackle","Slimebound:SplitMire"],"picked":"Slimebound:GoopSpray","floor":1.0},{"not_picked":["Slimebound:SlimeSpikes","Slimebound:SplitAcid"],"picked":"Slimebound:DisruptingSlam","floor":2.0},{"not_picked":["Slimebound:SplitAcid","Slimebound:ItLooksTasty"],"picked":"Slimebound:Schlurp","floor":5.0},{"not_picked":["Slimebound:SlimeBrawl","Slimebound:SplitAcid","Slimebound:ViciousTackle"],"picked":"SKIP","floor":6.0},{"not_picked":["Slimebound:SplitMire","Slimebound:MassRepurpose","Slimebound:ComboTackle"],"picked":"SKIP","floor":8.0},{"not_picked":["Slimebound:RollThrough","Slimebound:FinishingTackle"],"picked":"Slimebound:GrowthPunch","floor":11.0},{"not_picked":["Slimebound:Schlurp","Slimebound:GrowthPunch"],"picked":"Slimebound:PrepareCrush","floor":12.0},{"not_picked":["Slimebound:RollThrough","Slimebound:SplitAcid"],"picked":"Slimebound:SamplingLick","floor":13.0},{"not_picked":["Slimebound:ComboTackle","Slimebound:ProtectTheBoss"],"picked":"Slimebound:LeechingTouch","floor":14.0},{"not_picked":["Slimebound:CheckThePlaybook","Slimebound:WasteNot"],"picked":"Slimebound:LeechLife","floor":16},{"not_picked":["Slimebound:SplitBruiser","Slimebound:GrowthPunch"],"picked":"Slimebound:SlimeSpikes","floor":18},{"not_picked":["Slimebound:OneTwoCombo","Slimebound:SplitAcid"],"picked":"Slimebound:Grow","floor":19},{"not_picked":["Slimebound:PressTheAttack","Slimebound:FinishingTackle","Slimebound:SplitAcid"],"picked":"SKIP","floor":21},{"not_picked":["Slimebound:Equalize","Slimebound:MassRepurpose"],"picked":"Slimebound:Gluttony","floor":22},{"not_picked":["Slimebound:Repurpose","Slimebound:PressTheAttack+1"],"picked":"Slimebound:ProtectTheBoss","floor":27},{"not_picked":["Slimebound:LevelUp","Slimebound:Gluttony","Slimebound:Chomp+1"],"picked":"SKIP","floor":28}],"player_experience":796995,"relics_obtained":[{"floor":6.0,"key":"Eternal Feather"},{"floor":8.0,"key":"White Beast Statue"},{"floor":9.0,"key":"Akabeko"},{"floor":11.0,"key":"InkBottle"},{"floor":14.0,"key":"Odd Mushroom"},{"floor":26,"key":"Molten Egg 2"}],"event_choices":[{"damage_healed":0.0,"max_hp_gain":0.0,"max_hp_loss":0.0,"gold_gain":0.0,"event_name":"Golden Idol","player_choice":"Take Wound","floor":3.0,"gold_loss":0.0,"damage_taken":0.0,"relics_obtained":["Golden Idol"],"cards_obtained":["Injury"]},{"damage_healed":0.0,"max_hp_gain":0.0,"max_hp_loss":0.0,"gold_gain":0.0,"event_name":"Scrap Ooze","player_choice":"Success","floor":4.0,"gold_loss":0.0,"damage_taken":5.0,"relics_obtained":["War Paint"]},{"damage_healed":0.0,"max_hp_gain":0.0,"max_hp_loss":0.0,"gold_gain":0.0,"event_name":"Mushrooms","player_choice":"Fought Mushrooms","floor":14.0,"gold_loss":0.0,"damage_taken":0.0}],"is_beta":false,"boss_relics":[{"not_picked":["Ectoplasm","Slimebound:TarBlob"],"picked":"Sozu"}],"items_purged_floors":[20],"is_endless":false,"potions_floor_spawned":[2,5,11,12,13,14,16,18,19,21,22,24,27,28],"killed_by":"3 Cultists","ascension_level":17}}