{"host":"J","time":1609254919,"event":{"mods":["AchievementEnabler","BaseMod","Block Reminder","Highlight Path","Minty Spire (QoL Compilation)","Permanent Neow","Quick Restart","Relic Stats","UnlockEverythingMod"],"gold_per_floor":[17,17,35,51,68,102,102,102,102,67,80,80,92,122,122,196,196,211,227,227,142,142,142],"floor_reached":22,"playtime":1644,"items_purged":[],"score":517,"play_id":"4c7b3874-a4c1-4249-afda-cfae5cf06c11","local_time":"20201229161519","is_ascension_mode":true,"campfire_choices":[{"floor":7.0,"key":"REST"},{"floor":12.0,"key":"REST"},{"data":"Buffer","floor":15.0,"key":"SMITH"}],"circlet_count":0,"master_deck":["AscendersBane","Defend_B","Defend_B","Defend_B","Defend_B","Zap+1","Dualcast","All For One","Redo+1","Cold Snap","Double Energy","Beam Cell","Gash","Beam Cell","Buffer+1","Multi-Cast","Conserve Battery","Go for the Eyes","Bite","Bite","Bite","Bite","Bite"],"relics":["Cracked Core","Ice Cream","White Beast Statue","Black Star","Girya"],"acts_visited":["Exordium","TheCity"],"potions_floor_usage":[],"damage_taken":[{"damage":11.0,"enemies":"Jaw Worm","floor":1.0,"turns":4.0},{"damage":4.0,"enemies":"Small Slimes","floor":3.0,"turns":3.0},{"damage":1.0,"enemies":"2 Louse","floor":4.0,"turns":2.0},{"damage":7.0,"enemies":"Blue Slaver","floor":5.0,"turns":3.0},{"damage":36.0,"enemies":"3 Sentries","floor":6.0,"turns":8.0},{"damage":17.0,"enemies":"Gremlin Gang","floor":11.0,"turns":4.0},{"damage":11.0,"enemies":"Looter","floor":13.0,"turns":2.0},{"damage":9.0,"enemies":"Gremlin Nob","floor":14.0,"turns":3.0},{"damage":0.0,"enemies":"Slime Boss","floor":16.0,"turns":6.0},{"damage":13.0,"enemies":"2 Thieves","floor":18.0,"turns":5.0},{"damage":0.0,"enemies":"Chosen","floor":19.0,"turns":4.0},{"damage":71,"enemies":"3 Cultists","floor":22,"turns":6}],"seed_played":"3057526933724628093","potions_obtained":[{"floor":3.0,"key":"BlessingOfTheForge"},{"floor":4.0,"key":"DistilledChaos"},{"floor":11.0,"key":"SkillPotion"},{"floor":16.0,"key":"Dexterity Potion"},{"floor":18.0,"key":"Swift Potion"},{"floor":19.0,"key":"Dexterity Potion"}],"is_trial":false,"path_per_floor":["M","?","M","M","M","E","R","?","T","?","M","R","M","E","R","B",null,"M","M","?","?","M"],"character_chosen":"DEFECT","items_purchased":[],"campfire_rested":2,"item_purchase_floors":[],"current_hp_per_floor":[53,53,49,48,41,5,26,5,5,22,5,26,15,6,6,6,55,42,42,42,42,0,0],"gold":142,"neow_bonus":"THREE_RARE_CARDS","is_daily":false,"chose_seed":false,"campfire_upgraded":1,"win_rate":0.0,"timestamp":1609254919,"path_taken":["M","?","M","M","M","E","R","?","T","?","M","R","M","E","R","BOSS","M","M","?","?","M"],"items_purchased_type":[],"build_version":"2020-12-18","purchased_purges":0,"victory":false,"max_hp_per_floor":[71,71,71,71,71,71,71,71,71,71,71,71,71,71,71,71,71,71,71,49,49,49,49],"relic_stats":{"counters":[12,50],"Black Star":0,"obtain_stats":[{"Ice Cream":6,"Girya":21,"Black Star":17,"Cracked Core":0,"White Beast Statue":14},{"Ice Cream":5,"Girya":11,"Black Star":9,"Cracked Core":0,"White Beast Statue":8},{"Ice Cream":20,"Girya":44,"Black Star":35,"Cracked Core":0,"White Beast Statue":29}]},"card_choices":[{"not_picked":["Thunder Strike","Rainbow"],"picked":"All For One","floor":0.0},{"not_picked":["Turbo","Darkness"],"picked":"Redo","floor":1.0},{"not_picked":["Leap","Rebound"],"picked":"Cold Snap","floor":3.0},{"not_picked":["BootSequence","Hologram"],"picked":"Double Energy","floor":4.0},{"not_picked":["Undo","Rip and Tear"],"picked":"Beam Cell","floor":5.0},{"not_picked":["Streamline","Compile Driver"],"picked":"Gash","floor":6.0},{"not_picked":["Conserve Battery","Genetic Algorithm","Doom and Gloom"],"picked":"SKIP","floor":11.0},{"not_picked":["Force Field","Coolheaded"],"picked":"Beam Cell","floor":13.0},{"not_picked":["Redo","Consume"],"picked":"Buffer","floor":14.0},{"not_picked":["Hyperbeam","Machine Learning"],"picked":"Multi-Cast","floor":16.0},{"not_picked":["Heatsinks","Barrage"],"picked":"Conserve Battery","floor":18.0},{"not_picked":["Chaos","Hello World"],"picked":"Go for the Eyes","floor":19.0}],"player_experience":210036,"relics_obtained":[{"floor":6.0,"key":"Ice Cream"},{"floor":14.0,"key":"White Beast Statue"}],"event_choices":[{"damage_healed":0.0,"max_hp_gain":0.0,"max_hp_loss":0.0,"gold_gain":0.0,"event_name":"Living Wall","player_choice":"Grow","floor":2.0,"gold_loss":0.0,"damage_taken":0.0,"cards_upgraded":["Zap"]},{"damage_healed":0.0,"max_hp_gain":0.0,"max_hp_loss":0.0,"gold_gain":0.0,"event_name":"Shining Light","player_choice":"Entered Light","floor":8.0,"gold_loss":0.0,"damage_taken":21.0,"cards_upgraded":["Strike_B","Redo"]},{"damage_healed":17.0,"max_hp_gain":0.0,"max_hp_loss":0.0,"gold_gain":0.0,"event_name":"The Cleric","player_choice":"Healed","floor":10.0,"gold_loss":35.0,"damage_taken":0.0},{"damage_healed":0.0,"max_hp_gain":0.0,"max_hp_loss":22.0,"gold_gain":0.0,"event_name":"Vampires","player_choice":"Became a vampire","floor":20.0,"gold_loss":0.0,"damage_taken":0.0,"cards_obtained":["Bite","Bite","Bite","Bite","Bite"]},{"damage_healed":0.0,"max_hp_gain":0.0,"max_hp_loss":0.0,"gold_gain":0.0,"event_name":"Addict","player_choice":"Obtained Relic","floor":21.0,"gold_loss":85.0,"damage_taken":0.0,"relics_obtained":["Girya"]}],"is_beta":true,"boss_relics":[{"not_picked":["SacredBark","Runic Dome"],"picked":"Black Star"}],"items_purged_floors":[],"is_endless":false,"potions_floor_spawned":[3,4,11,13,14,16,18,19],"killed_by":"3 Cultists","ascension_level":20}}