{"host":"7t8rqoeeopyy0nh0","time":1609212701,"event":{"mods":["AchievementEnabler","BaseMod","Better Third Choice","BetterRewards","Colored Map","Colored Powertips","Downfall","Hubris","Infinite Spire","Marisa????????","Minty Spire (QoL Compilation)","Replay The Spire","StSLib","The Animator","The Construct","The Cursed","The Hierophant","The Necromancer"],"gold_per_floor":[125,138,160,160,160,160,190,190,260,260,296,316,316,296,296,381,381,405,415,51,60,80,89,89],"floor_reached":23,"playtime":681,"items_purged":[],"score":583,"play_id":"87404a1f-b715-4f00-b6cc-f9448c5ff76e","local_time":"20201228223141","is_ascension_mode":true,"campfire_choices":[{"data":"Bash","floor":6,"key":"SMITH"},{"floor":8,"key":"REST"},{"floor":10,"key":"REST"},{"data":"hubris:CleavingFinish","floor":13,"key":"SMITH"},{"data":"Infernal Blade","floor":15,"key":"SMITH"}],"circlet_count":0,"master_deck":["AscendersBane","Strike_R","Strike_R","Strike_R","Strike_R","Strike_R","Defend_R","Defend_R","Defend_R","Defend_R","Bash+1","Feel No Pain","hubris:Wrath","ReplayTheSpireMod:Strike From Hell","Immolate+1","Infernal Blade+1","hubris:CleavingFinish+1","Reaper","Dark Embrace","Apotheosis","Shame","hubris:Greed"],"relics":["Burning Blood","Medical Kit","CeramicFish","Bag of Preparation","Self Forming Clay","Art of War","Snecko Eye","Lee\u0027s Waffle","Red Skull"],"acts_visited":["Exordium","TheCity"],"potions_floor_usage":[7,16,16,23,23],"damage_taken":[{"damage":17,"enemies":"Small Slimes","floor":1,"turns":4},{"damage":7,"enemies":"2 Louse","floor":2,"turns":3},{"damage":1,"enemies":"Cultist","floor":3,"turns":3},{"damage":26,"enemies":"Replay:BlueRogue","floor":7,"turns":5},{"damage":32,"enemies":"Lagavulin","floor":11,"turns":4},{"damage":3,"enemies":"3 Louse","floor":12,"turns":2},{"damage":40,"enemies":"Slime Boss","floor":16,"turns":9},{"damage":34,"enemies":"Spheric Guardian","floor":18,"turns":7},{"damage":24,"enemies":"Chosen","floor":19,"turns":5},{"damage":34,"enemies":"Centurion and Healer","floor":22,"turns":8},{"damage":66,"enemies":"Nightmare","floor":23,"turns":5}],"seed_played":"-4511466888724536578","potions_obtained":[{"floor":1,"key":"Block Potion"},{"floor":3,"key":"champ:CounterPotion"},{"floor":7,"key":"Dexterity Potion"},{"floor":12,"key":"SkillPotion"},{"floor":16,"key":"Cursed Concoction"},{"floor":19,"key":"Explosive Potion"}],"is_trial":false,"path_per_floor":["M","M","M","?","?","R","E","R","T","R","E","M","R","?","R","B",null,"M","M","$","?","M","NM"],"character_chosen":"IRONCLAD","items_purchased":["Medical Kit","CeramicFish","Feel No Pain","Apotheosis","Lee\u0027s Waffle"],"campfire_rested":2,"item_purchase_floors":[0,0,0,20,20],"current_hp_per_floor":[39,38,43,43,43,43,23,45,45,67,41,44,44,44,44,10,59,31,19,82,82,54,0,0],"gold":89,"neow_bonus":"","is_daily":false,"chose_seed":false,"campfire_upgraded":3,"win_rate":0.0,"timestamp":1609212701,"path_taken":["M","M","M","?","?","R","E","R","T","R","E","M","R","?","R","BOSS","M","M","$","?","M","NM"],"items_purchased_type":["Relic","Relic","Card","Card","Relic"],"build_version":"2020-12-22","purchased_purges":0,"victory":false,"max_hp_per_floor":[75,75,75,75,75,75,75,75,75,75,75,75,75,75,75,75,75,75,75,82,82,82,82,82],"card_choices":[{"not_picked":["Wild Strike","Power Through"],"picked":"ReplayTheSpireMod:Strike From Hell","floor":1},{"not_picked":["Massacre","Anger","Replay:Undeath\u0027s Touch"],"picked":"SKIP","floor":2},{"not_picked":["Pommel Strike","Iron Wave"],"picked":"Immolate","floor":3},{"not_picked":["ReplayReversal","Body Slam","hubris:SharpeningStone"],"picked":"SKIP","floor":7},{"not_picked":["Replay:Undeath\u0027s Touch","Dual Wield"],"picked":"Infernal Blade","floor":11},{"not_picked":["Entrench","Havoc"],"picked":"hubris:CleavingFinish","floor":12},{"not_picked":["Limit Break","Offering"],"picked":"Reaper","floor":16},{"not_picked":["Headbutt","Iron Wave"],"picked":"Dark Embrace","floor":18},{"not_picked":["Armaments","Sever Soul","hubris:ReadiedAction+1"],"picked":"SKIP","floor":19},{"not_picked":["Havoc","Twin Strike","Thunderclap"],"picked":"SKIP","floor":22}],"player_experience":381711,"relics_obtained":[{"floor":7,"key":"Bag of Preparation"},{"floor":9,"key":"Self Forming Clay"},{"floor":11,"key":"Art of War"}],"event_choices":[{"damage_healed":0,"gold_gain":0,"player_choice":"Grow","damage_taken":0,"max_hp_gain":0,"max_hp_loss":0,"event_name":"Living Wall","floor":5,"gold_loss":0,"cards_upgraded":["Immolate"]},{"damage_healed":0,"gold_gain":0,"player_choice":"Bought 1 Potion","damage_taken":0,"max_hp_gain":0,"max_hp_loss":0,"event_name":"The Woman in Blue","floor":14,"gold_loss":0},{"damage_healed":0,"gold_gain":0,"player_choice":"Stole Relic","damage_taken":0,"relics_obtained":["Red Skull"],"max_hp_gain":0,"max_hp_loss":0,"event_name":"Addict","floor":21,"gold_loss":0,"cards_obtained":["Shame"]}],"is_beta":false,"boss_relics":[{"not_picked":["hubris:BlackHole","hubris:GrandSneckoEye"],"picked":"Snecko Eye"}],"items_purged_floors":[],"is_endless":false,"potions_floor_spawned":[1,3,7,12,16,19],"killed_by":"Nightmare","ascension_level":19}}