{"host":"nox","time":1609218530,"event":{"mods":["Act Like it!","Aspiration","BaseMod","Better Altar","Better Match","Better Note","Better Sensory Stone","Better Skull","Better Third Choice","BetterRewards","Colored Powertips","Conspire","Energized Spire","GifTheSpireLib","Hubris","Infinite Spire","Minty Spire (QoL Compilation)","Pale of the Ancients","Quick Restart","Rare Cards Sparkle","Replay The Spire","Shop Mod","Spikes Relics","StSLib","Stuff the Spire","SuperFastMode","The Alterego","vexMod"],"gold_per_floor":[115,115,115,65,81,81,110,110,137,162,182,182,212,225,225,329,329,345,345,345,357,357,357,368,368,368,368,381,381,397,397,397,397,397],"floor_reached":33,"playtime":804,"items_purged":["Injury"],"score":355,"play_id":"ed7382e2-6546-4896-9958-6f32368922ce","local_time":"20201229120850","is_ascension_mode":true,"campfire_choices":[{"data":"Footwork","floor":6.0,"key":"SMITH"},{"floor":8.0,"key":"REST"},{"floor":15.0,"key":"REST"},{"data":"Neutralize","floor":23.0,"key":"SMITH"},{"floor":25.0,"key":"REST"},{"floor":32.0,"key":"REST"}],"circlet_count":0,"master_deck":["Strike_G","Strike_G","Strike_G","Strike_G","Strike_G","Defend_G","Defend_G","Defend_G","Defend_G","Defend_G","Survivor","Neutralize+1","Accuracy","StuffTheSpire:DoubleShiv","Footwork+1","Quick Slash+1","Phantasmal Killer","conspire:DoublingDagger","infinitespire:Neurotoxin+1","Quick Slash+1","Glass Knife+1","Grand Finale+1","Decay","Grand Finale+1"],"relics":["Ring of the Snake","Molten Egg 2","StuffTheSpire:RedRose","Onion Ring","Anchor","Blue Doll","conspire:Flyswatter","Replay:Wax Seal","SlaversCollar","vexMod:GildedClover","PreservedInsect"],"acts_visited":["Exordium","TheCity"],"potions_floor_usage":[33,33,33,33,33],"damage_taken":[{"damage":3.0,"enemies":"Small Slimes","floor":1.0,"turns":5.0},{"damage":0.0,"enemies":"conspire:RoseBush","floor":5.0,"turns":3.0},{"damage":46.0,"enemies":"Lagavulin","floor":7.0,"turns":13.0},{"damage":9.0,"enemies":"Gremlin Nob","floor":10.0,"turns":4.0},{"damage":0.0,"enemies":"2 Louse","floor":11.0,"turns":2.0},{"damage":7.0,"enemies":"Lagavulin","floor":13.0,"turns":9.0},{"damage":3.0,"enemies":"Blue Slaver","floor":14.0,"turns":3.0},{"damage":2.0,"enemies":"Slime Boss","floor":16.0,"turns":5.0},{"damage":0.0,"enemies":"conspire:FuzzyDice","floor":18.0,"turns":5.0},{"damage":20.0,"enemies":"Shell Parasite","floor":21.0,"turns":4.0},{"damage":22.0,"enemies":"3 Cultists","floor":24.0,"turns":5.0},{"damage":0.0,"enemies":"Snake Plant","floor":28.0,"turns":2.0},{"damage":8.0,"enemies":"Cultist and Chosen","floor":30.0,"turns":6.0},{"damage":53,"enemies":"hubris:MusketHawk","floor":33,"turns":8}],"seed_played":"111959591625741553","potions_obtained":[{"floor":7.0,"key":"Dexterity Potion"},{"floor":10.0,"key":"GamblersBrew"},{"floor":13.0,"key":"DistilledChaos"},{"floor":14.0,"key":"ColorlessPotion"},{"floor":21.0,"key":"SteroidPotion"},{"floor":24.0,"key":"SteroidPotion"}],"is_trial":false,"path_per_floor":["M","?","?","?","M","R","E","R","T","E","M","T","E","M","R","B",null,"M","AVR","?","M","?","R","M","R","T","?","M","?","M","T","R","B"],"character_chosen":"THE_SILENT","items_purchased":["Accuracy"],"campfire_rested":4,"item_purchase_floors":[0],"current_hp_per_floor":[60,60,60,60,60,60,14,35,35,26,26,26,19,16,37,35,61,61,61,61,41,41,41,19,40,40,40,40,40,32,32,53,0,0],"gold":397,"neow_bonus":"","is_daily":false,"chose_seed":false,"campfire_upgraded":2,"win_rate":0.0,"timestamp":1609218530,"path_taken":["M","?","?","?","M","R","E","R","T","E","M","?","E","?","R","BOSS","M","AVR","?","?","?","R","M","R","T","?","?","?","M","?","R","BOSS"],"items_purchased_type":["Card"],"build_version":"2020-11-17","purchased_purges":1,"victory":false,"max_hp_per_floor":[70,70,70,70,70,70,70,70,70,70,70,70,70,70,70,70,70,70,70,70,70,70,70,70,70,70,70,70,70,70,70,70,70,70],"card_choices":[{"not_picked":["StuffTheSpire:Fury","Catalyst"],"picked":"StuffTheSpire:DoubleShiv","floor":1.0},{"not_picked":["hubris:SlightOfHand","PiercingWail"],"picked":"Footwork","floor":5.0},{"not_picked":["hubris:SlightOfHand","Prepared","StuffTheSpire:Python"],"picked":"SKIP","floor":7.0},{"not_picked":["StuffTheSpire:Injection+1","Acrobatics","ReplayTheSpireMod:The Works"],"picked":"SKIP","floor":10.0},{"not_picked":["InfectiousVector","Choke+1"],"picked":"Quick Slash+1","floor":11.0},{"not_picked":["Bane+1","Choke+1"],"picked":"Phantasmal Killer","floor":13.0},{"not_picked":["Riddle With Holes+1","Underhanded Strike+1"],"picked":"conspire:DoublingDagger","floor":14.0},{"not_picked":["Wraith Form v2","ReplayTheSpireMod:Necrosis"],"picked":"infinitespire:Neurotoxin","floor":16.0},{"not_picked":["StuffTheSpire:BrimstoneBlast+1","StuffTheSpire:BumpUp+1"],"picked":"Quick Slash+1","floor":18.0},{"not_picked":["Tools of the Trade","ReplayTheSpireMod:From All Sides+1"],"picked":"Glass Knife+1","floor":21.0},{"not_picked":["Wraith Form v2","Phantasmal Killer"],"picked":"Grand Finale+1","floor":24.0},{"not_picked":["Storm of Steel","Die Die Die+1"],"picked":"Grand Finale+1","floor":28.0},{"not_picked":["ReplayTheSpireMod:Necrosis","aspiration:Lunge+1","Bullet Time"],"picked":"SKIP","floor":30.0}],"player_experience":274583,"relics_obtained":[{"floor":7.0,"key":"Onion Ring"},{"floor":9.0,"key":"Anchor"},{"floor":10.0,"key":"Blue Doll"},{"floor":12.0,"key":"conspire:Flyswatter"},{"floor":13.0,"key":"Replay:Wax Seal"},{"floor":31.0,"key":"PreservedInsect"}],"event_choices":[{"cards_removed":["Regret"],"damage_healed":0.0,"max_hp_gain":0.0,"max_hp_loss":0.0,"gold_gain":0.0,"event_name":"The Cleric","player_choice":"Card Removal","floor":4.0,"gold_loss":50.0,"damage_taken":0.0},{"damage_healed":0.0,"max_hp_gain":0.0,"max_hp_loss":0.0,"gold_gain":0.0,"event_name":"The Woman in Blue","player_choice":"Bought 0 Potions","floor":20.0,"gold_loss":0.0,"damage_taken":0.0},{"damage_healed":0.0,"max_hp_gain":0.0,"max_hp_loss":0.0,"gold_gain":0.0,"event_name":"Wheel of Change","player_choice":"Cursed","floor":27.0,"gold_loss":0.0,"damage_taken":0.0,"cards_obtained":["Decay"]},{"damage_healed":0.0,"max_hp_gain":0.0,"max_hp_loss":0.0,"gold_gain":0.0,"event_name":"The Mausoleum","player_choice":"Ignored","floor":29.0,"gold_loss":0.0,"damage_taken":0.0}],"is_beta":true,"boss_relics":[{"not_picked":["HoveringKite","Cursed Key"],"picked":"SlaversCollar"}],"items_purged_floors":[19],"is_endless":false,"potions_floor_spawned":[7,10,13,14,21,24],"killed_by":"hubris:MusketHawk","ascension_level":7}}