{"host":"3ux13vxfs7bn2c1p","time":1609213067,"event":{"mods":["2.2 Compatiblity","Ascension Reborn","BaseMod","Colored Map","Hermit","Hubris","Marisa????????","Minty Spire (QoL Compilation)","Rare Cards Sparkle","Replay The Spire","Shop Mod","StSLib","The Cursed","The Elementalist","The Runesmith","The Servant 0.9.4"],"gold_per_floor":[114,289,289,304,73,102,122,132,156,173,173,73,26,42,42,140,140,154,164,164,176,276,276,303,319,344,355,37,57,57,70,70,170,170,187,187,37,47,63,88,105,117,168,14,14,47,47,60,60,60,60,60,60,86,86],"floor_reached":56,"playtime":5382,"items_purged":["Doubt","Reinforced Body","Strike_B","Defend_B"],"score":1308,"play_id":"0ab42395-015a-4d57-8556-f06a786b4d97","local_time":"20201228223747","is_ascension_mode":true,"campfire_choices":[{"floor":11.0,"key":"REST"},{"floor":15.0,"key":"REST"},{"data":"Gash","floor":23.0,"key":"SMITH"},{"data":"Scrape","floor":30.0,"key":"SMITH"},{"data":"Gash","floor":32.0,"key":"SMITH"},{"floor":47,"key":"RECALL"},{"floor":49,"key":"DIG"},{"data":"PowerUp","floor":52,"key":"SMITH"}],"circlet_count":0,"master_deck":["Strike_B","Strike_B","Defend_B","Defend_B","Defend_B","Zap","Dualcast","ReplayGash","Scrape+1","Scrape","Chill","Gash+1","Gash+1","Beam Cell","Reboot+1","Beam Cell","Steam","Panic Button","Go for the Eyes","Panic Button+1","Steam+1","Panic Button","Turbo","Beam Cell","Beam Cell+1","Secret Weapon+1","Seek+1","Recycle+1","Gash+1","Go for the Eyes","Go for the Eyes","Beam Cell","Turbo","Reboot+1","Redo+1","Turbo","Steam+1","All For One+1","PowerUp+1","TheCursedMod:CursedSpellbook","Warcry+1"],"relics":["Cracked Core","Prayer Wheel","Golden Egg","Pen Nib","Honey Jar","Blue Doll","Boot","Prayer Wheel","hubris:TerracottaHorce","Replay:WaspNest","PrismaticShard","Bag of Preparation","Centennial Puzzle","Anchor"],"acts_visited":["TheEnding"],"potions_floor_usage":[55,55,55],"damage_taken":[{"damage":5.0,"enemies":"Small Slimes","floor":1.0,"turns":3.0},{"damage":1.0,"enemies":"2 Louse","floor":4.0,"turns":3.0},{"damage":32.0,"enemies":"Lagavulin","floor":6.0,"turns":8.0},{"damage":1.0,"enemies":"Jaw Worm","floor":7.0,"turns":3.0},{"damage":21.0,"enemies":"Large Slime","floor":8.0,"turns":6.0},{"damage":8.0,"enemies":"3 Louse","floor":10.0,"turns":4.0},{"damage":8.0,"enemies":"Red Slaver","floor":14.0,"turns":3.0},{"damage":31.0,"enemies":"Hexaghost","floor":16.0,"turns":8.0},{"damage":10.0,"enemies":"Chosen","floor":18.0,"turns":3.0},{"damage":5.0,"enemies":"3 Byrds","floor":19.0,"turns":3.0},{"damage":0.0,"enemies":"Snecko","floor":21.0,"turns":3.0},{"damage":5.0,"enemies":"Book of Stabbing","floor":24.0,"turns":4.0},{"damage":1.0,"enemies":"Shelled Parasite and Fungi","floor":25.0,"turns":3.0},{"damage":8.0,"enemies":"Snake Plant","floor":27.0,"turns":4.0},{"damage":0.0,"enemies":"Chosen and Byrds","floor":29.0,"turns":4.0},{"damage":9.0,"enemies":"Shelled Parasite and Fungi","floor":31.0,"turns":2.0},{"damage":22.0,"enemies":"hubris:MusketHawk","floor":33.0,"turns":6.0},{"damage":13.0,"enemies":"3 Darklings","floor":35.0,"turns":3.0},{"damage":0,"enemies":"Orb Walker","floor":38,"turns":1},{"damage":0,"enemies":"Transient","floor":39,"turns":5},{"damage":0,"enemies":"Nemesis","floor":40,"turns":1},{"damage":0,"enemies":"Writhing Mass","floor":41,"turns":1},{"damage":14,"enemies":"4 Shapes","floor":42,"turns":2},{"damage":0,"enemies":"Giant Head","floor":46,"turns":2},{"damage":10,"enemies":"Jaw Worm Horde","floor":48,"turns":3},{"damage":19,"enemies":"Donu and Deca","floor":50,"turns":4},{"damage":0,"enemies":"Shield and Spear","floor":54,"turns":2},{"damage":78,"enemies":"The Heart","floor":55,"turns":5}],"seed_played":"-5463333497228999530","potions_obtained":[{"floor":1.0,"key":"Swift Potion"},{"floor":7.0,"key":"Dexterity Potion"},{"floor":8.0,"key":"SkillPotion"},{"floor":10.0,"key":"SteroidPotion"},{"floor":21.0,"key":"Cursed Concoction"},{"floor":25.0,"key":"Strength Potion"},{"floor":27.0,"key":"Reflective Coating"},{"floor":31.0,"key":"PotionOfCapacity"},{"floor":38,"key":"FairyPotion"},{"floor":41,"key":"PotionOfCapacity"},{"floor":45,"key":"GamblersBrew"},{"floor":45,"key":"Toxic Potion"}],"is_trial":false,"path_per_floor":["M","?","?","M","$","E","M","M","T","M","R","$","$","M","R","B",null,"M","M","?","M","?","R","E","M","T","M","$","M","R","M","R","B",null,"M","?","$","M","M","E","M","M","T","$","?","E","R","M","R_BF","B",null,"R","$","E","B",null],"character_chosen":"DEFECT","items_purchased":["ReplayTheSpireMod:Fabricate Wheel","Gash","Secret Weapon","PrismaticShard"],"campfire_rested":2,"item_purchase_floors":[5,13,28,44],"current_hp_per_floor":[77,77,77,76,76,44,43,22,22,14,38,38,38,30,54,23,82,72,67,67,67,67,67,62,61,61,53,53,53,53,44,44,22,82,69,69,69,69,69,69,69,55,55,55,55,55,55,45,45,26,82,82,82,82,4],"gold":86,"neow_bonus":"TEN_PERCENT_HP_BONUS","is_daily":false,"chose_seed":false,"campfire_upgraded":4,"win_rate":0.0,"timestamp":1609213067,"path_taken":["M","?","?","M","$","E","M","M","T","M","R","?","$","M","R","BOSS","M","M","?","M","?","R","E","M","T","?","$","M","R","M","R","BOSS","M","?","$","M","M","E","M","M","T","$","?","E","R","?","R_BF","BOSS","R","$","E","BOSS"],"items_purchased_type":["Card","Card","Card","Relic"],"build_version":"2020-12-22","purchased_purges":4,"victory":true,"max_hp_per_floor":[82,82,82,82,82,82,82,82,82,82,82,82,82,82,82,82,82,82,82,82,82,82,82,82,82,82,82,82,82,82,82,82,82,82,82,82,82,82,82,82,82,82,82,82,82,82,82,82,82,82,82,82,82,82,82],"card_choices":[{"not_picked":["Conserve Battery","Stack"],"picked":"ReplayGash","floor":1.0},{"not_picked":["Heatsinks","Turbo"],"picked":"Scrape","floor":4.0},{"not_picked":["Streamline","Sweeping Beam","Storm"],"picked":"SKIP","floor":6.0},{"not_picked":["Recycle","Cold Snap"],"picked":"Scrape","floor":7.0},{"not_picked":["Loop","Ball Lightning"],"picked":"Chill","floor":7.0},{"not_picked":["Stack","Leap","Conserve Battery"],"picked":"SKIP","floor":8.0},{"not_picked":["Coolheaded","Hologram","Conserve Battery"],"picked":"SKIP","floor":8.0},{"not_picked":["Rainbow","Leap"],"picked":"Gash","floor":10.0},{"not_picked":["Blizzard","Capacitor","ReplayTheSpireMod:System Scan"],"picked":"SKIP","floor":10.0},{"not_picked":["Turbo","Fusion"],"picked":"Beam Cell","floor":14.0},{"not_picked":["hubris:Ukulele","Turbo","Redo"],"picked":"SKIP","floor":14.0},{"not_picked":["hubris:Prefetch","Core Surge"],"picked":"Reboot","floor":16.0},{"not_picked":["Conserve Battery+1","Sweeping Beam+1","Time Bomb"],"picked":"Beam Cell","floor":18.0},{"not_picked":["Self Repair","Compile Driver","Hologram"],"picked":"Steam","floor":18.0},{"not_picked":["Hologram+1","Chill","hubris:PowerSurge+1"],"picked":"Panic Button","floor":19.0},{"not_picked":["ReplaySolidLightProjector","Sunder+1","Leap+1"],"picked":"Go for the Eyes","floor":19.0},{"not_picked":["Fusion","Beam Cell","Consume+1"],"picked":"Panic Button+1","floor":21.0},{"not_picked":["Double Energy","Hyperbeam","Go for the Eyes"],"picked":"Steam+1","floor":21.0},{"not_picked":["Static Discharge","Compile Driver+1","ReplayGash"],"picked":"ReplayTheSpireMod:Fabricate Wheel","floor":24.0},{"not_picked":["Rebound","Conserve Battery","Stack"],"picked":"Panic Button","floor":25.0},{"not_picked":["Barrage","Reinforced Body","Undo"],"picked":"Turbo","floor":25.0},{"not_picked":["Hologram","Coolheaded","Go for the Eyes"],"picked":"Beam Cell","floor":27.0},{"not_picked":["Darkness+1","Ball Lightning","hubris:SpecializedCircuitry"],"picked":"Beam Cell+1","floor":27.0},{"not_picked":["hubris:PowerSurge","ReplayTheSpireMod:Repulse","Stack+1"],"picked":"Recycle+1","floor":29.0},{"not_picked":["Beam Cell","Steam Power","Rebound+1"],"picked":"Gash","floor":29.0},{"not_picked":["Conserve Battery","Hologram","Genetic Algorithm"],"picked":"Go for the Eyes","floor":29.0},{"not_picked":["Auto Shields","ReplaySort","ReplayTheSpireMod:GoodbyeWorld"],"picked":"Go for the Eyes","floor":31.0},{"not_picked":["Fusion+1","Sweeping Beam","Ball Lightning"],"picked":"Beam Cell","floor":31.0},{"not_picked":["Ball Lightning+1","Compile Driver","Cold Snap"],"picked":"Turbo","floor":31.0},{"not_picked":["hubris:DoWhile","Electrodynamics","Echo Form"],"picked":"Reboot","floor":33.0},{"not_picked":["Cold Snap+1","Storm","Sweeping Beam+1"],"picked":"Redo+1","floor":35},{"not_picked":["Stack+1","Recycle","Coolheaded"],"picked":"Turbo","floor":35},{"not_picked":["Sweeping Beam","BootSequence+1","Streamline+1"],"picked":"Steam+1","floor":35},{"not_picked":["Reinforced Body+1","Hello World","Redo+1"],"picked":"All For One","floor":38},{"not_picked":["BasicCrystalCard","Hello World","Streamline+1","BootSequence+1"],"picked":"SKIP","floor":38},{"not_picked":["ReplaySort+1","BasicCrystalCard","Rebound","Capacitor+1"],"picked":"SKIP","floor":38},{"not_picked":["Compile Driver+1","Turbo","Ball Lightning+1","Machine Learning"],"picked":"SKIP","floor":39},{"not_picked":["Lockon+1","Double Energy+1","Hologram","Beam Cell"],"picked":"SKIP","floor":39},{"not_picked":["Go for the Eyes","Rebound","Doom and Gloom","ReplayTheSpireMod:System Scan"],"picked":"SKIP","floor":39},{"not_picked":["Machine Learning","Sweeping Beam","Turbo","Reprogram"],"picked":"SKIP","floor":40},{"not_picked":["Rip and Tear+1","Leap+1","Compile Driver","Barrage+1"],"picked":"SKIP","floor":41},{"not_picked":["Hello World+1","Gash","Blizzard","Barrage"],"picked":"SKIP","floor":41},{"not_picked":["Compile Driver","Beam Cell","Doom and Gloom+1","Core Surge"],"picked":"SKIP","floor":41},{"not_picked":["Hologram+1","Force Field+1","Panic Button","Ball Lightning"],"picked":"SKIP","floor":42},{"not_picked":["ReplaySort+1","Conserve Battery+1","Compile Driver+1","Ball Lightning"],"picked":"SKIP","floor":42},{"not_picked":["Leap+1","Consume","Turbo+1","ReplayTheSpireMod:System Scan"],"picked":"SKIP","floor":42},{"not_picked":["Hemokinesis","Panic Button","TheCursedMod:ReleasedStrength+1","TheCursedMod:SaltUponWound"],"picked":"SKIP","floor":46},{"not_picked":["Sanctity","TheCursedMod:ManaBullet+1","Shuttle+1"],"picked":"PowerUp","floor":48},{"not_picked":["Cold Snap+1","elementalist:Inferno","TheCursedMod:CursedArmor+1"],"picked":"TheCursedMod:CursedSpellbook","floor":48},{"not_picked":["FlurryOfBlows","PathToVictory","Tactician","FastForward+1"],"picked":"SKIP","floor":48},{"not_picked":["Replay:Vibes","DeepEcoloBomb","BattleHymn+1"],"picked":"Warcry+1","floor":54}],"player_experience":70213,"relics_obtained":[{"floor":6.0,"key":"Golden Egg"},{"floor":9.0,"key":"Pen Nib"},{"floor":24.0,"key":"Blue Doll"},{"floor":26.0,"key":"Boot"},{"floor":40,"key":"Replay:WaspNest"},{"floor":46,"key":"Bag of Preparation"},{"floor":49,"key":"Centennial Puzzle"},{"floor":54,"key":"Anchor"}],"event_choices":[{"damage_healed":0.0,"max_hp_gain":0.0,"max_hp_loss":0.0,"gold_gain":175.0,"event_name":"Liars Game","player_choice":"AGREE","floor":2.0,"gold_loss":0.0,"damage_taken":0.0,"cards_obtained":["Doubt"]},{"damage_healed":0.0,"max_hp_gain":0.0,"max_hp_loss":0.0,"gold_gain":0.0,"cards_transformed":["Strike_B"],"event_name":"Living Wall","player_choice":"Change","floor":3.0,"gold_loss":0.0,"damage_taken":0.0,"cards_obtained":["Reinforced Body"]},{"damage_healed":0.0,"max_hp_gain":0.0,"max_hp_loss":0.0,"gold_gain":0.0,"event_name":"Ghosts","player_choice":"Ignored","floor":20.0,"gold_loss":0.0,"damage_taken":0.0},{"damage_healed":0.0,"max_hp_gain":0.0,"max_hp_loss":0.0,"gold_gain":100.0,"event_name":"Golden Shrine","player_choice":"Pray","floor":22.0,"gold_loss":0.0,"damage_taken":0.0},{"damage_healed":0,"gold_gain":0,"player_choice":"Ignored","damage_taken":0,"max_hp_gain":0,"max_hp_loss":0,"event_name":"Tomb of Lord Red Mask","floor":36,"gold_loss":0},{"damage_healed":0,"gold_gain":0,"player_choice":"Got Potions","damage_taken":0,"max_hp_gain":0,"max_hp_loss":0,"event_name":"Lab","floor":45,"gold_loss":0}],"is_beta":false,"boss_relics":[{"not_picked":["hubris:GrandSneckoEye","ChewingGum"],"picked":"Honey Jar"},{"not_picked":["SacredBark","ReplayTheSpireMod:DimensionalGlitch"],"picked":"hubris:TerracottaHorce"}],"items_purged_floors":[5,12,28,37],"is_endless":false,"potions_floor_spawned":[1,7,8,10,21,25,27,31,38,41,46,54],"ascension_level":0}}