{"host":"j3h0p3l2xgzxhnx7","time":1609245733,"event":{"mods":["BaseMod","Luminous","Marisa????????","Minty Spire (QoL Compilation)","Remilia??????","StSLib","The Bug Knight","The Cursed","The Servant 0.9.4"],"gold_per_floor":[118,118,133,83,83,108,108,108,154,154,7,46,64,85,85,208,208,226,27,126,126,151,151,151,174,200,224,224,224],"floor_reached":28,"playtime":1470,"items_purged":[],"score":218,"play_id":"9f62a7e1-7c73-4371-9e0f-ec6f11cc6837","local_time":"20201229204213","is_ascension_mode":false,"campfire_choices":[{"data":"SurpressingFire","floor":7,"key":"SMITH"},{"data":"KidneyShot","floor":10,"key":"SMITH"},{"floor":15,"key":"REST"},{"data":"MurderousAura","floor":23,"key":"SMITH"}],"circlet_count":0,"master_deck":["Strike_S","Strike_S","Strike_S","Strike_S","Defend_S","Defend_S+1","Defend_S","KidneyShot+1","Exchange+1","TheWorld+1","BottledTime","BestPractice","Reset","SurpressingFire+1","BottledTime","Starlight","Contraction","MurderousAura+1","Unruled+1","InstantArmor","Embodiment","KidneyShot","Rearm","ShiftingGears"],"relics":["Uniform","Golden Idol","Blood Vial","Membership Card","War Paint","Black Star","Strawberry","Shuriken","HollowMod:PaleOreRelic"],"acts_visited":["Exordium","TheCity"],"potions_floor_usage":[12,12,16,22,28],"damage_taken":[{"damage":3,"enemies":"2 Louse","floor":1,"turns":3},{"damage":6,"enemies":"Jaw Worm","floor":3,"turns":3},{"damage":0,"enemies":"Cultist","floor":6,"turns":5},{"damage":22,"enemies":"3 Sentries","floor":12,"turns":11},{"damage":7,"enemies":"3 Louse","floor":13,"turns":3},{"damage":5,"enemies":"Lots of Slimes","floor":14,"turns":4},{"damage":37,"enemies":"The Guardian","floor":16,"turns":19},{"damage":10,"enemies":"Spheric Guardian","floor":18,"turns":6},{"damage":13,"enemies":"Chosen","floor":22,"turns":5},{"damage":28,"enemies":"Centurion and Healer","floor":25,"turns":9},{"damage":25,"enemies":"Sentry and Sphere","floor":27,"turns":6},{"damage":4,"enemies":"Snake Plant","floor":28,"turns":1}],"seed_played":"7641471263350693347","potions_obtained":[{"floor":3,"key":"GamblersBrew"},{"floor":6,"key":"BlessingOfTheForge"},{"floor":12,"key":"DistilledChaos"},{"floor":16,"key":"EssenceOfSteel"},{"floor":18,"key":"Ancient Potion"}],"is_trial":false,"path_per_floor":["M","?","M","?","?","M","R","?","T","R","$","E","M","M","R","B",null,"M","$","?","?","M","R","?","M","T","M","M"],"character_chosen":"THE_SERVANT","items_purchased":["Membership Card","Strawberry","Shuriken"],"campfire_rested":1,"item_purchase_floors":[11,19,19],"current_hp_per_floor":[62,62,56,56,56,56,56,56,56,56,56,36,31,28,47,12,65,55,62,62,62,51,51,51,25,25,2,0,0],"gold":224,"neow_bonus":"ONE_RANDOM_RARE_CARD","is_daily":false,"chose_seed":false,"campfire_upgraded":3,"win_rate":0.0,"timestamp":1609245733,"path_taken":["M","?","M","?","?","?","R","?","T","R","$","E","?","M","R","BOSS","M","$","?","?","M","R","?","M","T","?","M"],"items_purchased_type":["Relic","Relic","Relic"],"build_version":"2020-12-22","purchased_purges":0,"victory":false,"max_hp_per_floor":[65,65,65,65,65,65,65,65,65,65,65,65,65,65,65,65,65,65,72,72,72,72,72,72,72,72,72,72,72],"card_choices":[{"not_picked":["Revamp","Barrier"],"picked":"BottledTime","floor":1},{"not_picked":["Ricochet","MoonPhase"],"picked":"BestPractice","floor":3},{"not_picked":["DoubleEdge","GearUp"],"picked":"SurpressingFire","floor":6},{"not_picked":["Advance","BestPractice"],"picked":"BottledTime","floor":12},{"not_picked":["BottledTime","FastForward"],"picked":"Starlight","floor":13},{"not_picked":["Luminosity","SpecialFormula"],"picked":"Contraction","floor":14},{"not_picked":["KillingDoll","Initiator"],"picked":"MurderousAura","floor":16},{"not_picked":["DualDimension","Revamp"],"picked":"Unruled+1","floor":18},{"not_picked":["Hightail+1","Reset"],"picked":"InstantArmor","floor":22},{"not_picked":["Read+1","FanOfKnives"],"picked":"Rearm","floor":25},{"not_picked":["TimeWarp+1","RealityMarble"],"picked":"ShiftingGears","floor":27}],"player_experience":40087,"relics_obtained":[{"floor":9,"key":"Blood Vial"},{"floor":12,"key":"War Paint"},{"floor":26,"key":"HollowMod:PaleOreRelic"}],"event_choices":[{"damage_healed":0,"gold_gain":0,"player_choice":"Take Wound","damage_taken":0,"relics_obtained":["Golden Idol"],"max_hp_gain":0,"max_hp_loss":0,"event_name":"Golden Idol","floor":2,"gold_loss":0,"cards_obtained":["Injury"]},{"cards_removed":["Injury"],"damage_healed":0,"gold_gain":0,"player_choice":"Card Removal","damage_taken":0,"max_hp_gain":0,"max_hp_loss":0,"event_name":"The Cleric","floor":4,"gold_loss":50},{"damage_healed":0,"gold_gain":0,"cards_transformed":["Defend_S"],"player_choice":"Transformed","damage_taken":0,"max_hp_gain":0,"max_hp_loss":0,"event_name":"Transmorgrifier","floor":5,"gold_loss":0,"cards_obtained":["Reset"]},{"damage_healed":0,"gold_gain":0,"player_choice":"Upgraded","damage_taken":0,"max_hp_gain":0,"max_hp_loss":0,"event_name":"Upgrade Shrine","floor":8,"gold_loss":0,"cards_upgraded":["TheWorld"]},{"damage_healed":0,"gold_gain":99,"player_choice":"Stole From Cult","damage_taken":0,"max_hp_gain":0,"max_hp_loss":0,"event_name":"Nest","floor":20,"gold_loss":0},{"damage_healed":0,"gold_gain":0,"player_choice":"Ignored","damage_taken":0,"max_hp_gain":0,"max_hp_loss":0,"event_name":"Ghosts","floor":21,"gold_loss":0},{"damage_healed":0,"gold_gain":0,"player_choice":"2 cards matched","damage_taken":0,"max_hp_gain":0,"max_hp_loss":0,"event_name":"Match and Keep!","floor":24,"gold_loss":0,"cards_obtained":["Embodiment","KidneyShot"]}],"is_beta":false,"boss_relics":[{"not_picked":["MysterySword","StoneMask"],"picked":"Black Star"}],"items_purged_floors":[],"is_endless":false,"potions_floor_spawned":[3,6,12,16,18],"killed_by":"Snake Plant","ascension_level":0}}