{"host":"963ykkbusvcbqwtq","time":1609252702,"event":{"mods":["2.2 Compatiblity","AchievementEnabler","Arknights The Spire","BaseMod","Colored Map","GifTheSpireLib","GungeonMod","Lobotomy","Luminous","Minty Spire (QoL Compilation)","StSLib","SuperFastMode","The Bug Knight"],"gold_per_floor":[115,115,40,115,135,135,10,10,10,59,76,76,89,106,106,210,210,229,229,229,239,114,140,140,67,67,67,67,67],"floor_reached":28,"playtime":824,"items_purged":["DemoMod:Strike_Huntress","DemoMod:Strike_Huntress","DemoMod:HighKaliber+1"],"score":284,"play_id":"5abf0882-d208-447f-a173-dc6bc80ec10d","local_time":"20201229233822","is_ascension_mode":false,"campfire_choices":[{"data":"DemoMod:DirectionalPad","floor":6,"key":"SMITH"},{"floor":15,"key":"REST"},{"data":"DemoMod:FinishedGun","floor":24,"key":"SMITH"}],"circlet_count":0,"master_deck":["DemoMod:Strike_Huntress","DemoMod:Defend_Huntress","DemoMod:Defend_Huntress","DemoMod:Defend_Huntress","DemoMod:Defend_Huntress","DemoMod:Roll","DemoMod:ManualReload","DemoMod:RustySidearm","DemoMod:CrossBow","DemoMod:DirectionalPad+1","DemoMod:TeaPot","DemoMod:FinishedGun+1","DemoMod:SAA","DemoMod:TableSutra","DemoMod:HardPowerCard","DemoMod:DoubleVision","VoidDream","OldLady","DemoMod:ThirdPartyController+1","DemoMod:GunShield"],"relics":["DemoMod:Dog","CogitoBucket","Thread and Needle","Dead Branch","Molten Egg 2","BehaviorAdjustment","Runic Pyramid","ats:Originium","Frozen Egg 2"],"acts_visited":["Exordium","TheCity"],"potions_floor_usage":[23],"damage_taken":[{"damage":20,"enemies":"Jaw Worm","floor":1,"turns":6},{"damage":6,"enemies":"Cultist","floor":5,"turns":3},{"damage":7,"enemies":"Lagavulin","floor":10,"turns":5},{"damage":0,"enemies":"2 Louse","floor":11,"turns":3},{"damage":1,"enemies":"Large Slime","floor":13,"turns":3},{"damage":7,"enemies":"Lots of Slimes","floor":14,"turns":3},{"damage":3,"enemies":"Slime Boss","floor":16,"turns":5},{"damage":5,"enemies":"2 Thieves","floor":18,"turns":3},{"damage":1,"enemies":"Spheric Guardian","floor":21,"turns":3},{"damage":20,"enemies":"Slavers","floor":23,"turns":5},{"damage":45,"enemies":"Snake Plant","floor":28,"turns":2}],"seed_played":"-7680335825745906414","potions_obtained":[{"floor":5,"key":"Dexterity Potion"},{"floor":8,"key":"AttackPotion"},{"floor":8,"key":"ColorlessPotion"},{"floor":11,"key":"Block Potion"}],"is_trial":false,"path_per_floor":["M","?","$","?","M","R","$","?","T","E","M","?","M","M","R","B",null,"M","?","?","M","$","E","R","$","T","T","M"],"character_chosen":"HUNTRESS","items_purchased":["DemoMod:TeaPot","DemoMod:GunShield"],"campfire_rested":1,"item_purchase_floors":[7,25],"current_hp_per_floor":[50,50,50,39,33,33,33,33,33,26,26,26,25,18,39,36,70,65,65,65,64,64,44,44,44,44,44,0,0],"gold":67,"neow_bonus":"","is_daily":false,"chose_seed":false,"campfire_upgraded":2,"win_rate":0.0,"timestamp":1609252702,"path_taken":["M","?","?","?","M","R","$","?","T","E","?","?","?","M","R","BOSS","M","?","?","?","?","E","R","?","T","?","M"],"items_purchased_type":["Card","Card"],"build_version":"2020-12-22","purchased_purges":3,"victory":false,"max_hp_per_floor":[70,70,70,70,70,70,70,70,70,70,70,70,70,70,70,70,70,70,70,70,70,70,70,70,70,70,70,70,70],"card_choices":[{"not_picked":["CherryBlossoms","Mercenary","SpiderBud"],"picked":"Singing Bowl","floor":1},{"not_picked":["DemoMod:DoubleVision","DemoMod:DoubleSwitch"],"picked":"DemoMod:DirectionalPad","floor":1},{"not_picked":["UniverseFragment","Bloodbath","Porccubus"],"picked":"Singing Bowl","floor":5},{"not_picked":["DemoMod:ShadowBullets","DemoMod:HighKaliber","DemoMod:PracticeMakesPerfect"],"picked":"SKIP","floor":5},{"not_picked":["ShyLook","Scorched","BeautyBeast"],"picked":"Singing Bowl","floor":10},{"not_picked":["DemoMod:HardPowerCard","DemoMod:GunstockTap"],"picked":"DemoMod:FinishedGun","floor":10},{"not_picked":["WhitesApple","MeatLantern","Bloodbath"],"picked":"Singing Bowl","floor":11},{"not_picked":["DemoMod:TeaPot","DemoMod:MachoBrace"],"picked":"DemoMod:SAA","floor":11},{"not_picked":["DemoMod:BoxingGlove+1","DemoMod:Unmoved"],"picked":"DemoMod:TableSutra","floor":13},{"not_picked":["DemoMod:SAA+1","DemoMod:Polaris+1"],"picked":"DemoMod:HardPowerCard","floor":14},{"not_picked":["MeatLantern","Scarecrow","UniverseFragment"],"picked":"Singing Bowl","floor":16},{"not_picked":["DemoMod:DarkMarker+1","DemoMod:SuppressiveFire"],"picked":"DemoMod:DoubleVision","floor":16},{"not_picked":["Yin","CherryBlossoms","MeatLantern"],"picked":"Singing Bowl","floor":18},{"not_picked":["DemoMod:DoubleSwitch","DemoMod:AC15+1"],"picked":"DemoMod:BoxingGlove+1","floor":18},{"not_picked":["Scorched","WallGazer"],"picked":"VoidDream","floor":21},{"not_picked":["DemoMod:MachoBrace+1","DemoMod:AC15+1","DemoMod:JK47+1"],"picked":"SKIP","floor":21},{"not_picked":["CENSORED","OSAHOGD"],"picked":"OldLady","floor":23},{"not_picked":["DemoMod:SniperShot","DemoMod:AC15+1"],"picked":"DemoMod:ThirdPartyController+1","floor":23}],"player_experience":195567,"relics_obtained":[{"floor":9,"key":"Thread and Needle"},{"floor":10,"key":"Dead Branch"},{"floor":12,"key":"Molten Egg 2"},{"floor":23,"key":"ats:Originium"},{"floor":27,"key":"Frozen Egg 2"}],"event_choices":[{"damage_healed":0,"gold_gain":0,"player_choice":"Ignored","damage_taken":0,"max_hp_gain":0,"max_hp_loss":0,"event_name":"WeMeetAgain","floor":2,"gold_loss":0},{"damage_healed":0,"gold_gain":75,"player_choice":"Gather Gold","damage_taken":11,"max_hp_gain":0,"max_hp_loss":0,"event_name":"World of Goop","floor":4,"gold_loss":0},{"damage_healed":0,"gold_gain":0,"player_choice":"Got Potions","damage_taken":0,"max_hp_gain":0,"max_hp_loss":0,"event_name":"Lab","floor":8,"gold_loss":0},{"damage_healed":0,"gold_gain":0,"player_choice":"Relic","damage_taken":0,"max_hp_gain":0,"max_hp_loss":0,"event_name":"Wheel of Change","floor":12,"gold_loss":0},{"damage_healed":0,"gold_gain":0,"player_choice":"Ignored","damage_taken":0,"max_hp_gain":0,"max_hp_loss":0,"event_name":"The Mausoleum","floor":19,"gold_loss":0},{"damage_healed":0,"gold_gain":0,"cards_transformed":["DemoMod:BoxingGlove"],"player_choice":"Transformed","damage_taken":0,"max_hp_gain":0,"max_hp_loss":0,"event_name":"Transmorgrifier","floor":20,"gold_loss":0,"cards_obtained":["DemoMod:HighKaliber"]}],"is_beta":false,"boss_relics":[{"not_picked":["Philosopher\u0027s Stone","Tiny House"],"picked":"Runic Pyramid"}],"items_purged_floors":[3,7,22],"is_endless":false,"potions_floor_spawned":[5,11,14,16,18],"killed_by":"Snake Plant","ascension_level":0}}