{"host":"cyiefo55v5hz1ih5","time":1609280351,"event":{"mods":["2.2 Compatiblity","AchievementEnabler","BaseMod","Downfall","GifTheSpireLib","Hubris","Minty Spire (QoL Compilation)","Replay The Spire","Spicy Shops","StSLib"],"gold_per_floor":[99,114,114,114,124,140,140,65,65,120,147,261,391,391,405,501,501,351,369,384,384,384,404,404,435,520,520,550,550,560,161,177,275,275,275,295,309,319,319,331,355,370,370,380,380,108,128,128,143,143],"floor_reached":51,"playtime":4335,"items_purged":["Guardian:Strike_Guardian","Regret"],"score":814,"play_id":"c4b2f19c-32e7-4958-80f0-01d08cb97d8e","local_time":"20201229171911","is_ascension_mode":true,"campfire_choices":[{"floor":1.0,"key":"RECALL"},{"data":"Guardian:SentryBeam","floor":8.0,"key":"SMITH"},{"data":"Guardian:TwinSlam","floor":18.0,"key":"SMITH"},{"data":"Guardian:ChargeUp","floor":29,"key":"SMITH"},{"data":"Guardian:RevengeProtocol","floor":35,"key":"SMITH"}],"circlet_count":0,"master_deck":["Guardian:Defend_Guardian+1","Guardian:Defend_Guardian+1","Guardian:Defend_Guardian","Guardian:CurlUp+1","Guardian:TwinSlam+1","Guardian:SentryBeam+1","Guardian:BronzeArmor+1","Guardian:TimeBomb+1","Guardian:Repulse","Guardian:BronzeArmor+1","Guardian:TemporalStrike+1","Guardian:CrystalBeam+1","Guardian:ChargeUp+1","Guardian:BronzeOrb+1","Guardian:RevengeProtocol+1","Guardian:EvasiveProtocol+1","Guardian:ChargeCore+1","Guardian:Gem_White","Guardian:PrismaticBarrier+1","Guardian:ArmoredProtocol","Guardian:Gem_Fragmented","Guardian:DecasProtection+1"],"relics":["Guardian:ModeShifter","Question Card","downfall:HeartBlessingRed","hubris:Icosahedron","Replay:Bottled Steam","Replay:WaspNest","Molten Egg 2","hubris:RunicObelisk","downfall:HeartBlessingBlue","downfall:HeartBlessingGreen","Garlic","Pantograph","Bottled Lightning","Oddly Smooth Stone","War Paint","Empty Cage","Juzu Bracelet","Guardian:PocketSentry"],"acts_visited":["Exordium","TheCity","TheBeyond"],"potions_floor_usage":[28,40,46],"damage_taken":[{"damage":5.0,"enemies":"Cultist","floor":2.0,"turns":4.0},{"damage":0.0,"enemies":"Jaw Worm","floor":5.0,"turns":3.0},{"damage":0.0,"enemies":"Small Slimes","floor":6.0,"turns":3.0},{"damage":16.0,"enemies":"Lagavulin Event","floor":10.0,"turns":7.0},{"damage":25.0,"enemies":"Gremlin Nob","floor":11.0,"turns":5.0},{"damage":8.0,"enemies":"2 Fungi Beasts","floor":12.0,"turns":5.0},{"damage":0.0,"enemies":"Lagavulin","floor":13.0,"turns":5.0},{"damage":1.0,"enemies":"Exordium Wildlife","floor":15.0,"turns":5.0},{"damage":16.0,"enemies":"downfall:Watcher","floor":16.0,"turns":9.0},{"damage":0.0,"enemies":"3 Byrds","floor":19.0,"turns":4.0},{"damage":4,"enemies":"Cultist and Chosen","floor":20,"turns":5},{"damage":7,"enemies":"Snake Plant","floor":23,"turns":3},{"damage":0,"enemies":"Gremlin Leader","floor":25,"turns":5},{"damage":10,"enemies":"Slavers","floor":28,"turns":5},{"damage":0,"enemies":"Shelled Parasite and Fungi","floor":30,"turns":4},{"damage":0,"enemies":"downfall:FleeingMerchant","floor":31,"turns":4},{"damage":0,"enemies":"Centurion and Healer","floor":32,"turns":4},{"damage":0,"enemies":"downfall:Defect","floor":33,"turns":6},{"damage":0,"enemies":"Orb Walker","floor":36,"turns":4},{"damage":2,"enemies":"3 Shapes","floor":37,"turns":4},{"damage":12,"enemies":"Writhing Mass","floor":38,"turns":4},{"damage":12,"enemies":"Transient","floor":40,"turns":5},{"damage":8,"enemies":"Spire Growth","floor":42,"turns":4},{"damage":10,"enemies":"Jaw Worm Horde","floor":44,"turns":5},{"damage":0,"enemies":"downfall:FleeingMerchant","floor":46,"turns":5},{"damage":0,"enemies":"Transient","floor":47,"turns":5},{"damage":12,"enemies":"Writhing Mass","floor":49,"turns":4},{"damage":2,"enemies":"downfall:Silent","floor":50,"turns":10}],"seed_played":"-4925369584573962378","potions_obtained":[{"floor":6.0,"key":"Adrenaline Potion"},{"floor":12.0,"key":"hexamod:EctoCoolerPotion"},{"floor":13.0,"key":"Weak Potion"},{"floor":20,"key":"Guardian:DefensiveModePotion"},{"floor":23,"key":"champ:CounterPotion"},{"floor":30,"key":"Elixir"},{"floor":49,"key":"Block Potion"}],"is_trial":false,"path_per_floor":["R","M","T","?","M","M","T","R","?","?","E","M","E","?","M","B",null,"R","M","M","?","?","M","T","E","?","?","E","R","M","$","M","B",null,"R","M","M","M","?","M","T","M","?","M","?","$","M","?","M","B",null],"character_chosen":"GUARDIAN","items_purchased":["Oddly Smooth Stone","War Paint","Guardian:PocketSentry","Guardian:ArmoredProtocol"],"campfire_rested":0,"item_purchase_floors":[31,31,46,46],"current_hp_per_floor":[80,75,75,80,80,80,80,80,80,69,44,36,36,36,35,19,85,95,95,91,91,91,84,84,84,68,60,50,50,50,50,50,75,95,95,95,93,81,81,69,69,61,83,73,73,73,73,73,61,81],"gold":143,"neow_bonus":"UPGRADE_CARD","is_daily":false,"chose_seed":false,"campfire_upgraded":4,"win_rate":0.0,"timestamp":1609280351,"path_taken":["R","M","?","?","M","M","T","R","?","?","E","?","E","?","M","BOSS","R","M","M","?","?","?","T","E","?","?","E","R","?","$","M","BOSS","R","M","M","M","?","M","T","M","?","M","?","$","M","?","M","BOSS"],"items_purchased_type":["Relic","Relic","Relic","Card"],"build_version":"2020-12-22","purchased_purges":2,"victory":true,"max_hp_per_floor":[80,80,80,85,85,85,85,85,85,85,85,85,85,85,85,85,85,95,95,95,95,95,95,95,95,95,95,95,95,95,95,95,95,95,95,95,95,95,95,95,95,95,83,83,83,83,83,83,83,83],"card_choices":[{"not_picked":["Guardian:TemporalStrike","Guardian:Suspension"],"picked":"Guardian:SentryBeam","floor":2.0},{"not_picked":["Guardian:Gem_Cyan","Guardian:Reroute","Guardian:TemporalStrike"],"picked":"Guardian:BronzeArmor","floor":5.0},{"not_picked":["Guardian:PiercingHide","Guardian:TemporalShield","Guardian:Harden"],"picked":"Guardian:TimeBomb","floor":6.0},{"not_picked":["Guardian:RollAttack","Guardian:Gem_Red","Guardian:WalkerClaw"],"picked":"Guardian:Repulse","floor":10.0},{"not_picked":["Guardian:PrismaticBarrier","Guardian:TemporalShield","Guardian:EvasiveProtocol"],"picked":"Guardian:Gem_Crimson","floor":11.0},{"not_picked":["Guardian:Suspension","Guardian:RefractedBeam","Guardian:CrystalBeam","Guardian:Incinerate"],"picked":"SKIP","floor":12.0},{"not_picked":["Guardian:SentryBeam+1","Guardian:BronzeArmor","Guardian:HyperBeam_Guardian+1"],"picked":"Guardian:Gem_Fragmented","floor":13.0},{"not_picked":["Guardian:Reroute+1","Guardian:Recover","Guardian:Gem_Yellow","Guardian:Repulse"],"picked":"SKIP","floor":15.0},{"not_picked":["Guardian:AncientConstruct","Guardian:FierceBash+1","Guardian:StasisStrike+1"],"picked":"Guardian:Gem_Orange","floor":16.0},{"not_picked":["Guardian:ShieldCharger","Guardian:TemporalShield","Guardian:Gem_Fragmented"],"picked":"Guardian:TemporalStrike+1","floor":19.0},{"not_picked":["Guardian:Emergency","Guardian:PiercingHide","Guardian:Harden"],"picked":"Guardian:CrystalBeam+1","floor":20},{"not_picked":["Guardian:Reroute+1","Guardian:Planning","Guardian:FuturePlans+1"],"picked":"Guardian:Gem_Crimson","floor":23},{"not_picked":["Guardian:DonusPower","Guardian:PrimingBeam+1","Guardian:TemporalStrike+1"],"picked":"Guardian:ChargeUp","floor":25},{"not_picked":["Guardian:RefractedBeam+1","Guardian:Gem_Blue","Guardian:Recover","Guardian:PrimingBeam+1"],"picked":"SKIP","floor":28},{"not_picked":["Guardian:Clone+1","Guardian:Gem_Crimson","Guardian:CrystalBeam+1","Guardian:Suspension"],"picked":"SKIP","floor":30},{"not_picked":["Guardian:Incinerate+1","Guardian:SentryBeam+1","Guardian:GemFinder"],"picked":"Guardian:BronzeOrb+1","floor":31},{"not_picked":["Guardian:Gem_Cyan","Guardian:BronzeOrb+1","Guardian:PiercingHide","Guardian:ChargeUp"],"picked":"SKIP","floor":32},{"not_picked":["Guardian:GemFinder","Guardian:Gem_Orange","Guardian:Gem_Synthetic"],"picked":"Guardian:RevengeProtocol","floor":33},{"not_picked":["Guardian:Gem_Red","Guardian:Gem_Green","Guardian:VentSteam"],"picked":"Guardian:EvasiveProtocol","floor":36},{"not_picked":["Guardian:RollAttack+1","Guardian:Incinerate+1","Guardian:Gem_Cyan"],"picked":"Guardian:ChargeCore+1","floor":37},{"not_picked":["Guardian:Gem_Purple","Guardian:Gem_Red","Guardian:ChargeCore+1","Guardian:Recover"],"picked":"SKIP","floor":38},{"not_picked":["Guardian:PrimingBeam+1","Guardian:ChargeCore+1","Guardian:Gem_Purple","Guardian:Planning+1"],"picked":"SKIP","floor":40},{"not_picked":["Guardian:SentryBeam+1","Guardian:EvasiveProtocol","Guardian:TemporalStrike+1","Guardian:StasisStrike+1"],"picked":"SKIP","floor":42},{"not_picked":["Guardian:VentSteam+1","Guardian:CrystalBeam+1","Guardian:PrimingBeam+1"],"picked":"Guardian:Gem_White","floor":44},{"not_picked":["Guardian:TemporalStrike+1","Guardian:SpikerProtocol","Guardian:Gem_Red"],"picked":"Guardian:PrismaticBarrier+1","floor":46},{"not_picked":["Guardian:FuturePlans","Guardian:ShieldCharger+1","Guardian:Reroute+1"],"picked":"Guardian:Gem_Fragmented","floor":47},{"not_picked":["Guardian:Gem_Green","Guardian:ShieldCharger","Guardian:PolyBeam+1"],"picked":"Guardian:DecasProtection+1","floor":49}],"player_experience":770705,"relics_obtained":[{"floor":3.0,"key":"Question Card"},{"floor":10.0,"key":"Replay:Bottled Steam"},{"floor":11.0,"key":"Replay:WaspNest"},{"floor":13.0,"key":"Molten Egg 2"},{"floor":24,"key":"Garlic"},{"floor":25,"key":"Pantograph"},{"floor":28,"key":"Bottled Lightning"},{"floor":41,"key":"Juzu Bracelet"}],"event_choices":[{"damage_healed":0.0,"max_hp_gain":5.0,"max_hp_loss":0.0,"gold_gain":0.0,"event_name":"Big Fish","player_choice":"Donut","floor":4.0,"gold_loss":0.0,"damage_taken":0.0},{"damage_healed":0,"gold_gain":0,"player_choice":"Upgraded","damage_taken":0,"max_hp_gain":0,"max_hp_loss":0,"event_name":"Upgrade Shrine","floor":39,"gold_loss":0,"cards_upgraded":["Guardian:EvasiveProtocol"]}],"is_beta":false,"boss_relics":[{"not_picked":["Honey Jar","Black Star"],"picked":"hubris:RunicObelisk"},{"not_picked":["ChewingGum","Replay:Grab Bag"],"picked":"Empty Cage"}],"items_purged_floors":[31,46],"is_endless":false,"potions_floor_spawned":[6,12,13,20,23,30,32,36,38,49],"ascension_level":1}}