{"host":"utqe55yv0jihe4d6","time":1609281360,"event":{"mods":["2.2 Compatiblity","AchievementEnabler","BaseMod","Block Reminder","Colored Map","Colored Powertips","Minty Spire (QoL Compilation)","Quick Restart","Rare Cards Sparkle","Relic Stats","SuperFastMode"],"gold_per_floor":[119,134,53,67,67,67,86,111,111,111,130,130,141,156,156,156,156],"floor_reached":16,"playtime":561,"items_purged":[],"score":208,"play_id":"85850606-3715-4819-9679-fe6f8627e43f","local_time":"20201229173600","is_ascension_mode":true,"campfire_choices":[{"data":"Choke","floor":6,"key":"SMITH"},{"floor":10,"key":"REST"},{"data":"Corpse Explosion","floor":12,"key":"SMITH"},{"data":"Catalyst","floor":15,"key":"SMITH"}],"circlet_count":0,"master_deck":["AscendersBane","Strike_G","Strike_G","Strike_G","Strike_G","Defend_G","Defend_G","Defend_G","Defend_G","Defend_G","Survivor","Neutralize","Terror","Choke+1","Corpse Explosion+1","Corpse Explosion","Dash","Catalyst+1"],"relics":["Snecko Eye","Smiling Mask","Kunai"],"acts_visited":["Exordium"],"potions_floor_usage":[16,16],"damage_taken":[{"damage":5,"enemies":"Cultist","floor":1,"turns":5},{"damage":1,"enemies":"2 Louse","floor":2,"turns":4},{"damage":0,"enemies":"Jaw Worm","floor":4,"turns":1},{"damage":0,"enemies":"Lots of Slimes","floor":7,"turns":1},{"damage":17,"enemies":"Lagavulin","floor":8,"turns":6},{"damage":11,"enemies":"Large Slime","floor":11,"turns":4},{"damage":6,"enemies":"Looter","floor":13,"turns":3},{"damage":5,"enemies":"Red Slaver","floor":14,"turns":3},{"damage":26,"enemies":"Slime Boss","floor":16,"turns":6}],"seed_played":"-8758245832741621419","potions_obtained":[{"floor":1,"key":"Swift Potion"},{"floor":2,"key":"Explosive Potion"},{"floor":7,"key":"CunningPotion"}],"is_trial":false,"path_per_floor":["M","M","$","M","?","R","M","E","T","R","M","R","M","M","R","B"],"character_chosen":"THE_SILENT","items_purchased":["Corpse Explosion"],"campfire_rested":1,"item_purchase_floors":[3],"current_hp_per_floor":[54,53,53,53,46,46,46,29,29,48,37,37,31,26,26,0,0],"gold":156,"neow_bonus":"BOSS_RELIC","is_daily":false,"chose_seed":false,"campfire_upgraded":3,"win_rate":0.0,"timestamp":1609281360,"path_taken":["M","?","$","M","?","R","M","E","T","R","M","R","M","M","R","BOSS"],"items_purchased_type":["Card"],"build_version":"2020-12-22","purchased_purges":0,"victory":false,"max_hp_per_floor":[66,66,66,66,66,66,66,66,66,66,66,66,66,66,66,66,66],"relic_stats":{"counters":[9,33],"Snecko Eye":[52,58,56,57],"Kunai":[2],"Smiling Mask":0,"obtain_stats":[{"Snecko Eye":0,"Kunai":9,"Smiling Mask":8,"Ring of the Snake":0},{"Snecko Eye":0,"Kunai":5,"Smiling Mask":5,"Ring of the Snake":0},{"Snecko Eye":0,"Kunai":17,"Smiling Mask":17,"Ring of the Snake":0}]},"card_choices":[{"not_picked":["Blade Dance","Tactician"],"picked":"Terror","floor":1},{"not_picked":["Blade Dance","Outmaneuver"],"picked":"Choke","floor":2},{"not_picked":["Prepared","Dodge and Roll","Heel Hook"],"picked":"SKIP","floor":4},{"not_picked":["Bane","PiercingWail","Sucker Punch"],"picked":"SKIP","floor":7},{"not_picked":["Acrobatics","Outmaneuver"],"picked":"Corpse Explosion","floor":8},{"not_picked":["Poisoned Stab","Blade Dance","Terror"],"picked":"SKIP","floor":11},{"not_picked":["Prepared","Sucker Punch"],"picked":"Dash","floor":13},{"not_picked":["Distraction","Masterful Stab"],"picked":"Catalyst","floor":14}],"player_experience":2904159,"relics_obtained":[{"floor":8,"key":"Smiling Mask"},{"floor":9,"key":"Kunai"}],"event_choices":[{"cards_removed":["Strike_G"],"damage_healed":0,"gold_gain":0,"player_choice":"Card Removal","damage_taken":7,"max_hp_gain":0,"max_hp_loss":0,"event_name":"Golden Wing","floor":5,"gold_loss":0}],"is_beta":false,"boss_relics":[],"items_purged_floors":[],"is_endless":false,"potions_floor_spawned":[1,2,7,13],"killed_by":"Slime Boss","ascension_level":20}}