{"host":"grli52lbdph2722t","time":1609216733,"event":{"mods":["AchievementEnabler","BaseMod","Downfall","Minty Spire (QoL Compilation)","Quick Restart","StSLib"],"gold_per_floor":[99,99,99,99,99,99,99,99,199,211,211,211,211,211],"floor_reached":12,"playtime":432,"items_purged":[],"score":93,"play_id":"de256a16-2889-47ce-a86e-2efc870864f3","local_time":"20201229053853","is_ascension_mode":true,"campfire_choices":[{"data":"champ:Taunt","floor":1.0,"key":"SMITH"},{"data":"champ:AdrenalArmor","floor":6.0,"key":"SMITH"}],"circlet_count":0,"master_deck":["AscendersBane","champ:Strike+1","champ:Strike","champ:Strike+1","champ:Defend+1","champ:Defend","champ:Defend","champ:Defend","champ:Execute","champ:Taunt+1","champ:BerserkersShout","champ:AdrenalArmor+1","champ:SwordSigil","champ:Duel+1","champ:DefensiveShout","champ:HoldFirm","champ:IgnorePain","champ:BringItOn","Madness"],"relics":["champ:ChampionCrown","downfall:HeartsMalice"],"acts_visited":["Exordium"],"potions_floor_usage":[12],"damage_taken":[{"damage":0.0,"enemies":"Jaw Worm","floor":2.0,"turns":1.0},{"damage":0.0,"enemies":"Cultist","floor":4.0,"turns":1.0},{"damage":0.0,"enemies":"2 Louse","floor":8.0,"turns":1.0},{"damage":107.0,"enemies":"downfall:Heads","floor":9.0,"turns":8.0},{"damage":6.0,"enemies":"2 Fungi Beasts","floor":10.0,"turns":5.0},{"damage":23,"enemies":"Gremlin Nob","floor":12,"turns":4}],"seed_played":"4812032948909397257","potions_obtained":[{"floor":3.0,"key":"LiquidMemories"},{"floor":3.0,"key":"LiquidMemories"},{"floor":3.0,"key":"LiquidMemories"},{"floor":10.0,"key":"BlessingOfTheForge"}],"is_trial":false,"path_per_floor":["R","M","?","M","?","R","T","M","?","M","?","E"],"character_chosen":"THE_CHAMP","items_purchased":[],"campfire_rested":0,"item_purchase_floors":[],"current_hp_per_floor":[81,81,81,81,81,81,81,81,7,7,7,0,0,0],"gold":211,"neow_bonus":"THREE_ENEMY_KILL","is_daily":false,"chose_seed":false,"campfire_upgraded":2,"win_rate":0.0,"timestamp":1609216733,"path_taken":["R","M","?","?","?","R","T","M","?","M","?","E"],"items_purchased_type":[],"build_version":"2020-12-22","purchased_purges":0,"victory":false,"max_hp_per_floor":[90,90,90,90,90,90,90,90,90,90,90,90,90,90],"card_choices":[{"not_picked":["champ:Riposte","champ:SkillfulDodge"],"picked":"champ:BerserkersShout","floor":2.0},{"not_picked":["champ:GutPunch","champ:DefensiveShout"],"picked":"champ:AdrenalArmor","floor":4.0},{"not_picked":["champ:StanceDance","champ:RapidStrikes"],"picked":"champ:SwordSigil","floor":8.0},{"not_picked":["champ:Riposte","champ:Balance"],"picked":"champ:Duel","floor":9.0},{"not_picked":["champ:BladeFlurry","champ:FocusedGladiator"],"picked":"champ:HoldFirm","floor":10.0}],"player_experience":4921467,"relics_obtained":[],"event_choices":[{"damage_healed":0.0,"max_hp_gain":0.0,"max_hp_loss":0.0,"gold_gain":0.0,"event_name":"Lab","player_choice":"Got Potions","floor":3.0,"gold_loss":0.0,"damage_taken":0.0}],"is_beta":false,"boss_relics":[],"items_purged_floors":[],"is_endless":false,"potions_floor_spawned":[10],"killed_by":"Gremlin Nob","ascension_level":10}}