{"host":"yvxwvf4t2vu8n8lg","time":1609253154,"event":{"mods":["BaseMod","Marisa£®ÏF”Í°°ƒß¿Ì…≥£©","Minty Spire (QoL Compilation)","Reimu£®≤©¿ˆ¡È√Œ£©","Remilia£®¿Ÿ√◊¿Ú—«£©","StSLib","Yuyuko"],"gold_per_floor":[110,121,135,152,152,169,185,210,278,296,306,332,62,79,79,79,79],"floor_reached":16,"playtime":735,"items_purged":["Strike_MRS"],"score":118,"play_id":"157eab8a-10bd-44f0-a952-34407700cb86","local_time":"20201229224554","is_ascension_mode":false,"campfire_choices":[{"floor":15,"key":"REST"}],"circlet_count":0,"master_deck":["Strike_MRS","Strike_MRS","Defend_MRS","Defend_MRS","Defend_MRS","Defend_MRS","MasterSpark","UpSweep","WitchLeyline","WitchLeyline","ShootingEcho+1","BlazeAway","JA+1","OrrerysSun+1","Singularity+1","GrandCross+1","FairyDestructionRay","WitchLeyline","ShootingEcho"],"relics":["MiniHakkero","Frozen Egg 2","CrazyTorch:ReiMu","Juzu Bracelet","Whetstone"],"acts_visited":["Exordium"],"potions_floor_usage":[11,11,14,16],"damage_taken":[{"damage":0,"enemies":"Cultist","floor":1,"turns":3},{"damage":0,"enemies":"2 Louse","floor":2,"turns":2},{"damage":1,"enemies":"Jaw Worm","floor":3,"turns":3},{"damage":8,"enemies":"Blue Slaver","floor":4,"turns":3},{"damage":2,"enemies":"Looter","floor":6,"turns":3},{"damage":6,"enemies":"3 Louse","floor":7,"turns":3},{"damage":34,"enemies":"Lagavulin","floor":8,"turns":4},{"damage":2,"enemies":"2 Fungi Beasts","floor":10,"turns":3},{"damage":0,"enemies":"Gremlin Gang","floor":11,"turns":1},{"damage":18,"enemies":"3 Sentries","floor":12,"turns":5},{"damage":6,"enemies":"Exordium Thugs","floor":14,"turns":2},{"damage":27,"enemies":"The Guardian","floor":16,"turns":4}],"seed_played":"8479192055078359180","potions_obtained":[{"floor":4,"key":"MagicPotion:ReiMu"},{"floor":7,"key":"Explosive Potion"},{"floor":10,"key":"Fruit Juice"},{"floor":11,"key":"SpeedPotion"},{"floor":12,"key":"BottledSpark"}],"is_trial":false,"path_per_floor":["M","M","M","M","?","M","M","E","T","M","M","E","$","M","R","B"],"character_chosen":"MARISA","items_purchased":["Whetstone","WitchLeyline"],"campfire_rested":1,"item_purchase_floors":[13,13],"current_hp_per_floor":[75,75,74,66,66,64,58,24,24,22,27,9,9,3,27,0,0],"gold":79,"neow_bonus":"REMOVE_CARD","is_daily":false,"chose_seed":false,"campfire_upgraded":0,"win_rate":0.0,"timestamp":1609253154,"path_taken":["M","?","M","M","?","M","M","E","T","M","?","E","?","M","R","BOSS"],"items_purchased_type":["Relic","Card"],"build_version":"2020-12-22","purchased_purges":1,"victory":false,"max_hp_per_floor":[75,75,75,75,75,75,75,75,75,75,80,80,80,80,80,80,80],"card_choices":[{"not_picked":["UnstableBomb","NonDirectionalLaser"],"picked":"WitchLeyline","floor":1},{"not_picked":["MysteriousBeam","GravityBeat","IllusionStar"],"picked":"SKIP","floor":2},{"not_picked":["LuminesStrike","GrandCross"],"picked":"WitchLeyline","floor":3},{"not_picked":["MysteriousBeam","6A"],"picked":"ShootingEcho","floor":4},{"not_picked":["IllusionStar","OortCloud"],"picked":"BlazeAway","floor":6},{"not_picked":["Acceleration","Orbital"],"picked":"JA","floor":7},{"not_picked":["MilkyWay","6A"],"picked":"OrrerysSun+1","floor":8},{"not_picked":["GalacticHalo","PowerUp"],"picked":"Singularity+1","floor":10},{"not_picked":["GalacticHalo","SporeBomb"],"picked":"GrandCross","floor":11},{"not_picked":["OneTimeOff","ChargingUp"],"picked":"FairyDestructionRay","floor":12},{"not_picked":["MysteriousBeam","LuminesStrike"],"picked":"ShootingEcho","floor":14}],"player_experience":4365,"relics_obtained":[{"floor":8,"key":"Frozen Egg 2"},{"floor":9,"key":"CrazyTorch:ReiMu"},{"floor":12,"key":"Juzu Bracelet"}],"event_choices":[{"damage_healed":0,"gold_gain":0,"player_choice":"Forge","damage_taken":0,"max_hp_gain":0,"max_hp_loss":0,"event_name":"Accursed Blacksmith","floor":5,"gold_loss":0,"cards_upgraded":["ShootingEcho"]}],"is_beta":false,"boss_relics":[],"items_purged_floors":[13],"is_endless":false,"potions_floor_spawned":[4,7,10,11,12],"killed_by":"The Guardian","ascension_level":0}}