{"host":"uud874cul3w3k2ia","time":1609208554,"event":{"mods":["BaseMod","Block Reminder","Colored Map","Colored Powertips","Highlight Path","Infinite Spire","Minty Spire (QoL Compilation)","Permanent Neow","Quick Restart","Replay The Spire","StSLib"],"gold_per_floor":[115,115,34,34,44,44,75,85,85,85,100,111,173,204,204,204,204],"floor_reached":16,"playtime":598,"items_purged":[],"score":110,"play_id":"470af295-b95f-468b-9696-d3f1b95b8878","local_time":"20201228212234","is_ascension_mode":false,"campfire_choices":[{"data":"ReplayTheSpireMod:Muscle Training","floor":6.0,"key":"SMITH"},{"floor":15.0,"key":"REST"}],"circlet_count":0,"master_deck":["Strike_R","Strike_R","Strike_R","Defend_R","Defend_R","Defend_R","Defend_R","Bash","Heavy Blade","ReplayTheSpireMod:Muscle Training+1","infinitespire:OneForAll","Flame Barrier","Seeing Red+1","Replay:Undeath\u0027s Touch"],"relics":["infinitespire:Burning Sword","Mummified Hand","Anchor","ReplayTheSpireMod:Lightbulb"],"acts_visited":["Exordium"],"potions_floor_usage":[16],"damage_taken":[{"damage":10.0,"enemies":"Small Slimes","floor":1.0,"turns":4.0},{"damage":2.0,"enemies":"Cultist","floor":5.0,"turns":3.0},{"damage":25.0,"enemies":"Gremlin Nob","floor":7.0,"turns":5.0},{"damage":8.0,"enemies":"Jaw Worm","floor":8.0,"turns":2.0},{"damage":4.0,"enemies":"Large Slime","floor":11.0,"turns":5.0},{"damage":2.0,"enemies":"2 Fungi Beasts","floor":12.0,"turns":3.0},{"damage":13.0,"enemies":"3 Sentries","floor":13.0,"turns":6.0},{"damage":5.0,"enemies":"Lagavulin","floor":14.0,"turns":4.0},{"damage":28,"enemies":"The Guardian","floor":16,"turns":5}],"seed_played":"9024429640446214642","potions_obtained":[{"floor":1.0,"key":"Fire Potion"},{"floor":11.0,"key":"LifebloodPotion"},{"floor":12.0,"key":"Elixir"},{"floor":14.0,"key":"Elixir"}],"is_trial":false,"path_per_floor":["M","?","$","?","M","R","E","M","T","?","M","M","?","E","R","B"],"character_chosen":"IRONCLAD","items_purchased":["infinitespire:OneForAll"],"campfire_rested":1,"item_purchase_floors":[3],"current_hp_per_floor":[70,70,70,63,61,61,36,28,28,28,24,22,9,4,28,0,0],"gold":204,"neow_bonus":"BOSS_RELIC","is_daily":false,"chose_seed":false,"campfire_upgraded":1,"win_rate":0.0,"timestamp":1609208554,"path_taken":["M","?","?","?","M","R","E","?","T","?","M","M","?","E","R","BOSS"],"items_purchased_type":["Card"],"build_version":"2020-12-22","purchased_purges":0,"victory":false,"max_hp_per_floor":[80,80,80,80,80,80,80,80,80,80,80,80,80,80,80,80,80],"card_choices":[{"not_picked":["Armaments","Iron Wave"],"picked":"Heavy Blade","floor":1.0},{"not_picked":["Pommel Strike","ReplayTheSpireMod:Strike From Hell"],"picked":"Flame Barrier","floor":5.0},{"not_picked":["Power Through","Anger"],"picked":"Seeing Red","floor":7.0},{"not_picked":["Warcry","Wild Strike","Clothesline"],"picked":"SKIP","floor":8.0},{"not_picked":["Barricade","Disarm","Havoc"],"picked":"SKIP","floor":11.0},{"not_picked":["Perfected Strike","Flex","Blood for Blood"],"picked":"SKIP","floor":12.0},{"not_picked":["Abandon","Clash"],"picked":"Replay:Undeath\u0027s Touch","floor":13.0},{"not_picked":["ReplayTheSpireMod:LeadingStrike","Fire Breathing","Havoc"],"picked":"SKIP","floor":14.0}],"player_experience":74413,"relics_obtained":[{"floor":7.0,"key":"Mummified Hand"},{"floor":13.0,"key":"Anchor"},{"floor":14.0,"key":"ReplayTheSpireMod:Lightbulb"}],"event_choices":[{"damage_healed":0.0,"max_hp_gain":0.0,"max_hp_loss":0.0,"gold_gain":0.0,"cards_transformed":["Strike_R"],"event_name":"Transmorgrifier","player_choice":"Transformed","floor":2.0,"gold_loss":0.0,"damage_taken":0.0,"cards_obtained":["ReplayTheSpireMod:Muscle Training"]},{"cards_removed":["Strike_R"],"damage_healed":0.0,"max_hp_gain":0.0,"max_hp_loss":0.0,"gold_gain":0.0,"event_name":"Golden Wing","player_choice":"Card Removal","floor":4.0,"gold_loss":0.0,"damage_taken":7.0},{"damage_healed":0.0,"max_hp_gain":0.0,"max_hp_loss":0.0,"gold_gain":0.0,"event_name":"Living Wall","player_choice":"Grow","floor":10.0,"gold_loss":0.0,"damage_taken":0.0,"cards_upgraded":["Seeing Red"]},{"damage_healed":0.0,"max_hp_gain":0.0,"max_hp_loss":0.0,"gold_gain":0.0,"event_name":"Dead Adventurer","player_choice":"Searched \u00271\u0027 times","floor":13.0,"gold_loss":0.0,"damage_taken":0.0}],"is_beta":false,"boss_relics":[],"items_purged_floors":[],"is_endless":false,"potions_floor_spawned":[1,11,12,14],"killed_by":"The Guardian","ascension_level":0}}