{"host":"g7trc0x2teqyd8ye","time":1609286283,"event":{"mods":["BaseMod","Key Reminder","Minty Spire (QoL Compilation)","Relic Stats"],"gold_per_floor":[110,129,129,129,143,143,178,178,205,253,262,339,339,379,388,388,388],"floor_reached":16,"playtime":696,"items_purged":[],"score":220,"play_id":"e9f4b416-958f-4e6f-91dc-ba68bf565822","local_time":"20201230005803","is_ascension_mode":true,"campfire_choices":[{"data":"Rampage","floor":6,"key":"SMITH"},{"floor":8,"key":"REST"},{"floor":11,"key":"REST"},{"data":"Bash","floor":13,"key":"SMITH"},{"floor":15,"key":"REST"}],"circlet_count":0,"master_deck":["AscendersBane","Strike_R+1","Strike_R+1","Strike_R","Strike_R","Defend_R","Defend_R","Defend_R","Defend_R","Bash+1","Pommel Strike","Armaments","Burning Pact","Rampage+1","Second Wind","Evolve","Dropkick","Twin Strike","Power Through","Blood for Blood"],"relics":["Burning Blood","Golden Idol","Dream Catcher","CeramicFish","Whetstone","Pantograph","Blue Candle"],"acts_visited":["Exordium"],"potions_floor_usage":[7,14],"damage_taken":[{"damage":8,"enemies":"Jaw Worm","floor":1,"turns":5},{"damage":5,"enemies":"Small Slimes","floor":2,"turns":4},{"damage":0,"enemies":"2 Louse","floor":5,"turns":4},{"damage":38,"enemies":"Lagavulin","floor":7,"turns":10},{"damage":35,"enemies":"3 Sentries","floor":10,"turns":9},{"damage":34,"enemies":"Gremlin Nob","floor":14,"turns":4},{"damage":78,"enemies":"Hexaghost","floor":16,"turns":9}],"seed_played":"-1387650513207631052","potions_obtained":[{"floor":5,"key":"BlessingOfTheForge"},{"floor":7,"key":"LiquidMemories"}],"is_trial":false,"path_per_floor":["M","M","?","?","M","R","E","R","T","E","R","T","R","E","R","B"],"character_chosen":"IRONCLAD","items_purchased":[],"campfire_rested":3,"item_purchase_floors":[],"current_hp_per_floor":[73,74,74,74,74,74,42,64,64,35,57,57,57,29,51,0,0],"gold":388,"neow_bonus":"TEN_PERCENT_HP_BONUS","is_daily":false,"chose_seed":false,"campfire_upgraded":2,"win_rate":0.0,"timestamp":1609286283,"path_taken":["M","M","?","?","M","R","E","R","T","E","R","?","R","E","R","BOSS"],"items_purchased_type":[],"build_version":"2020-12-22","purchased_purges":0,"victory":false,"max_hp_per_floor":[82,82,82,74,74,74,74,74,74,74,74,74,74,74,74,74,74],"relic_stats":{"Dream Catcher":3,"counters":[7,45],"Golden Idol":24,"CeramicFish":36,"Pantograph":23,"Blue Candle":[0],"Whetstone":["Strike_R","Strike_R"],"obtain_stats":[{"Dream Catcher":7,"Golden Idol":4,"CeramicFish":9,"Pantograph":12,"Blue Candle":14,"Whetstone":10,"Burning Blood":0},{"Dream Catcher":4,"Golden Idol":2,"CeramicFish":4,"Pantograph":5,"Blue Candle":6,"Whetstone":5,"Burning Blood":0},{"Dream Catcher":23,"Golden Idol":9,"CeramicFish":23,"Pantograph":32,"Blue Candle":36,"Whetstone":32,"Burning Blood":0}],"Burning Blood":30},"card_choices":[{"not_picked":["True Grit","Sever Soul"],"picked":"Pommel Strike","floor":1},{"not_picked":["Wild Strike","Whirlwind"],"picked":"Armaments","floor":2},{"not_picked":["Anger","Sword Boomerang"],"picked":"Rampage","floor":5},{"not_picked":["Sentinel","Rampage"],"picked":"Second Wind","floor":7},{"not_picked":["Headbutt","Metallicize"],"picked":"Evolve","floor":8},{"not_picked":["Warcry","Flex"],"picked":"Dropkick","floor":10},{"not_picked":["Entrench","Warcry"],"picked":"Twin Strike","floor":11},{"not_picked":["Exhume","Heavy Blade"],"picked":"Power Through","floor":14},{"not_picked":["Armaments","True Grit"],"picked":"Blood for Blood","floor":15}],"player_experience":813504,"relics_obtained":[{"floor":7,"key":"Dream Catcher"},{"floor":9,"key":"CeramicFish"},{"floor":10,"key":"Whetstone"},{"floor":12,"key":"Pantograph"},{"floor":14,"key":"Blue Candle"}],"event_choices":[{"damage_healed":0,"gold_gain":0,"cards_transformed":["Strike_R"],"player_choice":"Change","damage_taken":0,"max_hp_gain":0,"max_hp_loss":0,"event_name":"Living Wall","floor":3,"gold_loss":0,"cards_obtained":["Burning Pact"]},{"damage_healed":0,"gold_gain":0,"player_choice":"Lose Max HP","damage_taken":0,"relics_obtained":["Golden Idol"],"max_hp_gain":0,"max_hp_loss":8,"event_name":"Golden Idol","floor":4,"gold_loss":0}],"is_beta":false,"boss_relics":[],"items_purged_floors":[],"is_endless":false,"potions_floor_spawned":[5,7],"killed_by":"Hexaghost","ascension_level":18}}