{"host":"vdr09qmawei9b8kz","time":1609230285,"event":{"mods":["BaseMod","Hermit","Minty Spire (QoL Compilation)","StSLib"],"gold_per_floor":[15,15,90,106,127,165,165,165,216,251,251,265,265,295,295,416,416,441,441,153,167,167,236,236,303,329,329,342,374,374,399,399,501,501,518,77,77,97,111,111,141,183,183,192,213,232,311,350,350,350,350],"floor_reached":50,"playtime":4710,"items_purged":[],"score":627,"play_id":"8e615d5d-8614-4865-b39e-dcbee400fed8","local_time":"20201229032445","is_ascension_mode":false,"campfire_choices":[{"floor":7,"key":"REST"},{"floor":11,"key":"RECALL"},{"floor":15,"key":"REST"},{"floor":24,"key":"REST"},{"data":"hermit:DeadOrAlive","floor":27,"key":"SMITH"},{"data":"hermit:BlackWind","floor":30,"key":"SMITH"},{"data":"hermit:Quickdraw","floor":32,"key":"SMITH"},{"floor":40,"key":"REST"},{"floor":44,"key":"REST"},{"data":"hermit:Combo","floor":49,"key":"SMITH"}],"circlet_count":0,"master_deck":["hermit:Strike_Hermit","hermit:Strike_Hermit","hermit:Strike_Hermit","hermit:Strike_Hermit","hermit:Defend_Hermit","hermit:Defend_Hermit+1","hermit:Defend_Hermit+1","hermit:Defend_Hermit+1","hermit:Snapshot","hermit:Covet","hermit:Desperado+1","Injury","hermit:Ricochet","hermit:RoundhouseKick","hermit:BigShot","hermit:Combo+1","hermit:DeadOrAlive+1","hermit:LowProfile","hermit:LowProfile+1","hermit:HighCaliber+1","hermit:BlackWind+1","hermit:Shortfuse","hermit:Brawl","hermit:LuckOfTheDraw","hermit:Quickdraw+1","hermit:Dissolve","CurseOfTheBell","hermit:NoHoldsBarred+1","hermit:RoundhouseKick","hermit:Dive","hermit:Headshot+1","hermit:TrackingShot","hermit:Manifest+1","hermit:Midnight+1","hermit:TrackingShot+1","hermit:Headshot+1","hermit:Snipe+1","hermit:LoneWolf+1","hermit:Gestalt+1","hermit:CursedWeapon"],"relics":["hermit:Momento","Torii","Bloody Idol","Akabeko","Orichalcum","Art of War","SlaversCollar","Lantern","Dream Catcher","Pen Nib","Potion Belt","Calling Bell","Vajra","InkBottle","Bird Faced Urn","PreservedInsect","Toy Ornithopter","Frozen Eye","CeramicFish","War Paint","Strawberry"],"acts_visited":["Exordium","TheCity","TheBeyond"],"potions_floor_usage":[25,25,31,35,42,48,50],"damage_taken":[{"damage":2,"enemies":"Small Slimes","floor":1,"turns":4},{"damage":0,"enemies":"2 Louse","floor":4,"turns":1},{"damage":0,"enemies":"Cultist","floor":5,"turns":3},{"damage":28,"enemies":"Lagavulin","floor":6,"turns":4},{"damage":19,"enemies":"Gremlin Nob","floor":10,"turns":4},{"damage":7,"enemies":"2 Fungi Beasts","floor":12,"turns":3},{"damage":25,"enemies":"The Guardian","floor":16,"turns":8},{"damage":13,"enemies":"Shell Parasite","floor":18,"turns":4},{"damage":1,"enemies":"Spheric Guardian","floor":21,"turns":3},{"damage":30,"enemies":"Slavers","floor":23,"turns":7},{"damage":19,"enemies":"Gremlin Leader","floor":25,"turns":4},{"damage":2,"enemies":"Snecko","floor":28,"turns":4},{"damage":8,"enemies":"Centurion and Healer","floor":29,"turns":4},{"damage":20,"enemies":"Shelled Parasite and Fungi","floor":31,"turns":5},{"damage":48,"enemies":"Champ","floor":33,"turns":9},{"damage":10,"enemies":"3 Shapes","floor":35,"turns":3},{"damage":3,"enemies":"3 Darklings","floor":38,"turns":6},{"damage":27,"enemies":"Maw","floor":39,"turns":9},{"damage":10,"enemies":"4 Shapes","floor":41,"turns":4},{"damage":42,"enemies":"Giant Head","floor":42,"turns":9},{"damage":21,"enemies":"Spire Growth","floor":45,"turns":5},{"damage":19,"enemies":"3 Darklings","floor":46,"turns":2},{"damage":15,"enemies":"Reptomancer","floor":47,"turns":5},{"damage":14,"enemies":"4 Shapes","floor":48,"turns":3},{"damage":106,"enemies":"Awakened One","floor":50,"turns":13}],"seed_played":"4606250405941360501","potions_obtained":[{"floor":4,"key":"Strength Potion"},{"floor":6,"key":"BlessingOfTheForge"},{"floor":16,"key":"Explosive Potion"},{"floor":29,"key":"DuplicationPotion"},{"floor":38,"key":"Explosive Potion"},{"floor":41,"key":"LiquidMemories"},{"floor":45,"key":"Regen Potion"}],"is_trial":false,"path_per_floor":["M","?","?","M","M","E","R","?","T","E","R","M","?","?","R","B",null,"M","?","$","M","?","E","R","E","T","R","M","M","R","M","R","B",null,"M","$","?","M","M","R","M","E","T","R","M","M","E","M","R","B"],"character_chosen":"HERMIT","items_purchased":["Lantern","Dream Catcher","PreservedInsect","Toy Ornithopter","Frozen Eye"],"campfire_rested":5,"item_purchase_floors":[20,20,36,36,36],"current_hp_per_floor":[73,73,62,62,62,34,56,75,75,56,56,49,34,34,56,31,75,62,62,62,66,66,46,68,59,64,64,67,69,69,59,59,16,75,70,70,70,72,53,75,75,49,49,75,65,56,67,73,73,0,0],"gold":350,"neow_bonus":"ONE_RARE_RELIC","is_daily":false,"chose_seed":false,"campfire_upgraded":4,"win_rate":0.0,"timestamp":1609230285,"path_taken":["M","?","?","M","M","E","R","?","T","E","R","?","?","?","R","BOSS","M","?","$","M","?","E","R","E","T","R","M","M","R","M","R","BOSS","M","$","?","M","M","R","M","E","T","R","?","M","E","M","R","BOSS"],"items_purchased_type":["Relic","Relic","Relic","Relic","Relic"],"build_version":"2020-12-22","purchased_purges":0,"victory":false,"max_hp_per_floor":[75,75,75,75,75,75,75,75,75,75,75,75,75,75,75,75,75,75,75,75,75,75,75,75,75,75,75,75,75,75,75,75,75,75,75,75,75,75,75,75,75,75,75,75,75,75,82,82,82,82,82],"card_choices":[{"not_picked":["hermit:Coalescence","hermit:HoleUp"],"picked":"hermit:Desperado","floor":1},{"not_picked":["hermit:LoneWolf","hermit:SprayPray"],"picked":"hermit:Ricochet","floor":4},{"not_picked":["hermit:Misfire","hermit:Glare"],"picked":"hermit:Shortfuse","floor":5},{"not_picked":["hermit:PistolWhip","hermit:Headshot"],"picked":"hermit:RoundhouseKick","floor":6},{"not_picked":["hermit:TakeCover","hermit:TrackingShot"],"picked":"hermit:BigShot","floor":10},{"not_picked":["hermit:Snipe","hermit:Cheat"],"picked":"hermit:Combo","floor":12},{"not_picked":["hermit:HeroicBravado","hermit:BlackWind"],"picked":"hermit:DeadOrAlive","floor":16},{"not_picked":["hermit:Brawl","hermit:HoleUp+1"],"picked":"hermit:LowProfile","floor":18},{"not_picked":["hermit:Roulette","hermit:BodyArmor"],"picked":"hermit:LowProfile+1","floor":21},{"not_picked":["hermit:Glare","hermit:Gestalt"],"picked":"hermit:HighCaliber+1","floor":23},{"not_picked":["hermit:Vantage","hermit:Misfire"],"picked":"hermit:BlackWind","floor":24},{"not_picked":["hermit:LoneWolf+1","hermit:OverwhelmingPower"],"picked":"hermit:Shortfuse","floor":25},{"not_picked":["hermit:Misfire+1","hermit:Feint"],"picked":"hermit:Brawl","floor":28},{"not_picked":["hermit:Brawl","hermit:Roulette"],"picked":"hermit:LuckOfTheDraw","floor":29},{"not_picked":["hermit:HoleUp","hermit:Misfire"],"picked":"hermit:Quickdraw","floor":31},{"not_picked":["hermit:Gambit","hermit:HeroicBravado"],"picked":"hermit:Dissolve","floor":33},{"not_picked":["hermit:CalledShot","hermit:BodyArmor"],"picked":"hermit:NoHoldsBarred+1","floor":35},{"not_picked":["hermit:Misfire","hermit:CalledShot"],"picked":"hermit:Headshot+1","floor":38},{"not_picked":["hermit:SprayPray+1","hermit:WideOpen"],"picked":"hermit:TrackingShot","floor":39},{"not_picked":["hermit:Magnum","hermit:Coalescence"],"picked":"hermit:Manifest+1","floor":40},{"not_picked":["hermit:Headshot","hermit:ItchyTrigger"],"picked":"hermit:Midnight+1","floor":41},{"not_picked":["hermit:HoleUp+1","hermit:PistolWhip"],"picked":"hermit:TrackingShot+1","floor":42},{"not_picked":["hermit:Quickdraw","hermit:Vantage"],"picked":"hermit:Headshot+1","floor":44},{"not_picked":["hermit:TakeAim","hermit:GhostlyPresence+1"],"picked":"hermit:Snipe+1","floor":45},{"not_picked":["hermit:LowProfile","hermit:Desperado"],"picked":"hermit:LoneWolf+1","floor":46},{"not_picked":["hermit:Ricochet","hermit:OverwhelmingPower"],"picked":"hermit:Gestalt+1","floor":47},{"not_picked":["hermit:Coalescence","hermit:BodyArmor"],"picked":"hermit:CursedWeapon","floor":48}],"player_experience":306585,"relics_obtained":[{"floor":6,"key":"Akabeko"},{"floor":9,"key":"Orichalcum"},{"floor":10,"key":"Art of War"},{"floor":23,"key":"Pen Nib"},{"floor":25,"key":"Potion Belt"},{"floor":34,"key":"Vajra"},{"floor":34,"key":"InkBottle"},{"floor":34,"key":"Bird Faced Urn"},{"floor":42,"key":"CeramicFish"},{"floor":43,"key":"War Paint"},{"floor":47,"key":"Strawberry"}],"event_choices":[{"damage_healed":0,"gold_gain":0,"player_choice":"Take Wound","damage_taken":0,"relics_obtained":["Golden Idol"],"max_hp_gain":0,"max_hp_loss":0,"event_name":"Golden Idol","floor":2,"gold_loss":0,"cards_obtained":["Injury"]},{"damage_healed":0,"gold_gain":75,"player_choice":"Gather Gold","damage_taken":11,"max_hp_gain":0,"max_hp_loss":0,"event_name":"World of Goop","floor":3,"gold_loss":0},{"cards_removed":["hermit:Shortfuse"],"damage_healed":19,"gold_gain":0,"player_choice":"Offered Uncommon","damage_taken":0,"max_hp_gain":0,"max_hp_loss":0,"event_name":"Bonfire Elementals","floor":8,"gold_loss":0},{"damage_healed":0,"gold_gain":0,"player_choice":"Entered Light","damage_taken":15,"max_hp_gain":0,"max_hp_loss":0,"event_name":"Shining Light","floor":13,"gold_loss":0,"cards_upgraded":["hermit:Desperado","hermit:Defend_Hermit"]},{"damage_healed":0,"gold_gain":30,"player_choice":"Searched \u00271\u0027 times","damage_taken":0,"max_hp_gain":0,"max_hp_loss":0,"event_name":"Dead Adventurer","floor":14,"gold_loss":0},{"damage_healed":0,"gold_gain":0,"player_choice":"Gave Idol","damage_taken":0,"relics_obtained":["Bloody Idol"],"max_hp_gain":0,"max_hp_loss":0,"event_name":"Forgotten Altar","floor":19,"relics_lost":["Golden Idol"],"gold_loss":0},{"damage_healed":0,"gold_gain":0,"player_choice":"Ignored","damage_taken":0,"max_hp_gain":0,"max_hp_loss":0,"event_name":"Vampires","floor":22,"gold_loss":0},{"damage_healed":0,"gold_gain":0,"player_choice":"2 cards matched","damage_taken":0,"max_hp_gain":0,"max_hp_loss":0,"event_name":"Match and Keep!","floor":37,"gold_loss":0,"cards_obtained":["hermit:RoundhouseKick","hermit:Dive"]}],"is_beta":false,"boss_relics":[{"not_picked":["Empty Cage","Runic Dome"],"picked":"SlaversCollar"},{"not_picked":["Philosopher\u0027s Stone","Snecko Eye"],"picked":"Calling Bell"}],"items_purged_floors":[],"is_endless":false,"potions_floor_spawned":[4,6,16,18,21,29,38,41,45],"killed_by":"Awakened One","ascension_level":0}}