{"host":"mr1ctipv0dcr6y8g","time":1609213257,"event":{"mods":["BaseMod","DeckTracker","Minty Spire (QoL Compilation)","Shop Mod","StSLib"],"gold_per_floor":[119,139,139,149,74,74,85,117,117,131,131,131,206,206,206,302,302,317,317,317,330,330,340,391,391,391,418,418,449,449,483,483,588,588,599,37,37,37,52,52,85,104,104,104,104,104,117,129,129,129,129,129,48,79,79,79],"floor_reached":55,"playtime":15675,"items_purged":["PanicButton","Strike_R"],"score":751,"play_id":"b2a10ae5-8155-4f28-b5e3-641b01597dc3","local_time":"20201228204057","daily_mods":["Heirloom","Time Dilation","Flight"],"is_ascension_mode":false,"campfire_choices":[{"data":"Clothesline","floor":6,"key":"SMITH"},{"data":"True Grit","floor":11,"key":"SMITH"},{"data":"Inflame","floor":12,"key":"SMITH"},{"data":"Iron Wave","floor":15,"key":"SMITH"},{"data":"Armaments","floor":25,"key":"SMITH"},{"data":"Flame Barrier","floor":32,"key":"SMITH"},{"data":"Discovery","floor":40,"key":"SMITH"},{"data":"Inflame","floor":44,"key":"SMITH"},{"data":"Flame Barrier","floor":46,"key":"SMITH"},{"floor":49,"key":"RECALL"},{"data":"Offering","floor":52,"key":"SMITH"}],"circlet_count":0,"master_deck":["Strike_R","Strike_R","Strike_R","Strike_R","Defend_R","Defend_R","Defend_R","Defend_R","Bash","Iron Wave+1","Thunderclap","Bash","Offering+1","Inflame+1","True Grit+1","Sword Boomerang","Reaper","Flame Barrier+1","Armaments+1","Cleave","Inflame+1","RitualDagger","Impervious","Shrug It Off","Discovery+1","Flame Barrier+1","Inflame+1","Disarm+1","Anger+1","Dark Shackles+1","Impervious+1"],"relics":["Black Blood","Torii","Tiny Chest","Paper Frog","White Beast Statue","Art of War","Darkstone Periapt","Orichalcum","Akabeko","Self Forming Clay","SlaversCollar","Mango","Toxic Egg 2","InkBottle","FossilizedHelix","Nunchaku"],"acts_visited":["Exordium","TheCity","TheBeyond","TheEnding"],"potions_floor_usage":[16,27,29,31,33,33,33,54,55,55],"damage_taken":[{"damage":1.0,"enemies":"Cultist","floor":1.0,"turns":3.0},{"damage":0.0,"enemies":"2 Louse","floor":2.0,"turns":2.0},{"damage":0,"enemies":"Small Slimes","floor":4,"turns":3},{"damage":7,"enemies":"2 Fungi Beasts","floor":7,"turns":3},{"damage":22,"enemies":"Lagavulin","floor":8,"turns":5},{"damage":7,"enemies":"Blue Slaver","floor":10,"turns":3},{"damage":5,"enemies":"Slime Boss","floor":16,"turns":7},{"damage":35,"enemies":"Spheric Guardian","floor":18,"turns":7},{"damage":23,"enemies":"2 Thieves","floor":21,"turns":5},{"damage":30,"enemies":"Snecko","floor":23,"turns":4},{"damage":6,"enemies":"Gremlin Leader","floor":27,"turns":3},{"damage":8,"enemies":"Book of Stabbing","floor":29,"turns":4},{"damage":19,"enemies":"Gremlin Leader","floor":31,"turns":6},{"damage":104,"enemies":"Collector","floor":33,"turns":14},{"damage":7,"enemies":"Orb Walker","floor":35,"turns":4},{"damage":42,"enemies":"3 Darklings","floor":39,"turns":5},{"damage":43,"enemies":"Giant Head","floor":41,"turns":9},{"damage":24,"enemies":"Transient","floor":42,"turns":5},{"damage":9,"enemies":"4 Shapes","floor":47,"turns":5},{"damage":26,"enemies":"Maw","floor":48,"turns":9},{"damage":57,"enemies":"Time Eater","floor":50,"turns":9},{"damage":73,"enemies":"Shield and Spear","floor":54,"turns":7},{"damage":51,"enemies":"The Heart","floor":55,"turns":2}],"seed_played":"2188324714020616510","potions_obtained":[{"floor":4,"key":"Fire Potion"},{"floor":7,"key":"BloodPotion"},{"floor":10,"key":"DuplicationPotion"},{"floor":16,"key":"Block Potion"},{"floor":23,"key":"BloodPotion"},{"floor":27,"key":"Weak Potion"},{"floor":29,"key":"Energy Potion"},{"floor":31,"key":"SpeedPotion"},{"floor":33,"key":"LiquidBronze"},{"floor":35,"key":"ColorlessPotion"},{"floor":39,"key":"GamblersBrew"},{"floor":41,"key":"ElixirPotion"},{"floor":54,"key":"CultistPotion"}],"is_trial":true,"path_per_floor":["M","M","?","M","$","R","M","E","T","M","R","R","?","?","R","B",null,"M","T","?","M","?","M","T","R","T","E","?","E","?","E","R","B",null,"M","$","?","T","M","R","E","M","T","R","?","R","M","M","R","B",null,"R","$","E","B"],"character_chosen":"IRONCLAD","items_purchased":["Discovery","Flame Barrier","Mango","Dark Shackles+1"],"campfire_rested":0,"item_purchase_floors":[36,36,36,53],"current_hp_per_floor":[80,80,80,80,80,80,79,63,63,62,62,62,51,51,51,68,80,57,57,57,53,53,50,50,50,50,72,72,76,70,73,73,17,80,80,94,89,89,73,73,42,30,30,30,30,30,57,50,50,20,89,89,89,28,0,0],"gold":79,"neow_bonus":"","is_daily":false,"chose_seed":false,"campfire_upgraded":10,"win_rate":0.0,"timestamp":1609213257,"path_taken":["M","M","?","?","$","R","M","E","T","?","R","R","?","?","R","BOSS","M","?","?","M","?","?","?","R","T","E","?","E","?","E","R","BOSS","M","$","?","?","M","R","E","M","T","R","?","R","M","M","R","BOSS","R","$","E","BOSS"],"items_purchased_type":["Card","Card","Relic","Card"],"build_version":"2020-12-22","purchased_purges":2,"victory":false,"max_hp_per_floor":[80,80,80,80,80,80,80,80,80,80,80,80,80,80,80,80,80,80,80,80,80,80,80,80,80,80,80,80,80,80,80,80,80,80,80,94,89,89,89,89,89,89,89,89,89,89,89,89,89,89,89,89,89,89,89,89],"card_choices":[{"not_picked":["Shrug It Off","Wild Strike"],"picked":"Iron Wave","floor":1.0},{"not_picked":["Twin Strike","Intimidate"],"picked":"Thunderclap","floor":2.0},{"not_picked":["Carnage","Shrug It Off"],"picked":"Clothesline","floor":4},{"not_picked":["Seeing Red","Iron Wave"],"picked":"Inflame","floor":7},{"not_picked":["Dark Embrace","Reckless Charge"],"picked":"True Grit","floor":8},{"not_picked":["Shrug It Off","Clash"],"picked":"Sword Boomerang","floor":10},{"not_picked":["Immolate","Double Tap"],"picked":"Reaper","floor":16},{"not_picked":["Body Slam","Headbutt"],"picked":"Flame Barrier","floor":18},{"not_picked":["Entrench","Sever Soul","Anger"],"picked":"SKIP","floor":21},{"not_picked":["Headbutt","Combust"],"picked":"Cleave","floor":23},{"not_picked":["Rupture","Second Wind","Pommel Strike"],"picked":"SKIP","floor":27},{"not_picked":["Exhume","Fire Breathing"],"picked":"Inflame+1","floor":29},{"not_picked":["Headbutt","Cleave","Sever Soul"],"picked":"SKIP","floor":31},{"not_picked":["Fiend Fire","Bludgeon"],"picked":"Impervious","floor":33},{"not_picked":["Wild Strike+1","Dropkick"],"picked":"Shrug It Off","floor":35},{"not_picked":["Headbutt","Wild Strike","Havoc+1"],"picked":"SKIP","floor":39},{"not_picked":["Power Through+1","Rupture+1","Thunderclap"],"picked":"SKIP","floor":41},{"not_picked":["Flex+1","Evolve"],"picked":"Inflame","floor":42},{"not_picked":["Havoc+1","Warcry+1"],"picked":"Disarm+1","floor":47},{"not_picked":["Clash+1","Bludgeon"],"picked":"Anger+1","floor":48},{"not_picked":["Immolate","Feel No Pain"],"picked":"Impervious+1","floor":54}],"player_experience":1236108,"relics_obtained":[{"floor":8,"key":"Tiny Chest"},{"floor":19,"key":"White Beast Statue"},{"floor":24,"key":"Art of War"},{"floor":26,"key":"Darkstone Periapt"},{"floor":27,"key":"Orichalcum"},{"floor":29,"key":"Akabeko"},{"floor":31,"key":"Self Forming Clay"},{"floor":38,"key":"Toxic Egg 2"},{"floor":41,"key":"InkBottle"},{"floor":43,"key":"FossilizedHelix"},{"floor":54,"key":"Nunchaku"}],"event_choices":[{"damage_healed":0,"gold_gain":0,"player_choice":"3 cards matched","damage_taken":0,"max_hp_gain":0,"max_hp_loss":0,"event_name":"Match and Keep!","floor":3,"gold_loss":0,"cards_obtained":["Bash","PanicButton","Offering"]},{"damage_healed":0,"gold_gain":75,"player_choice":"Gather Gold","damage_taken":11,"max_hp_gain":0,"max_hp_loss":0,"event_name":"World of Goop","floor":13,"gold_loss":0},{"damage_healed":0,"gold_gain":0,"player_choice":"Box","damage_taken":0,"relics_obtained":["Paper Frog"],"max_hp_gain":0,"max_hp_loss":0,"event_name":"Big Fish","floor":14,"gold_loss":0,"cards_obtained":["Regret"]},{"damage_healed":0,"gold_gain":0,"player_choice":"Read","damage_taken":0,"max_hp_gain":0,"max_hp_loss":0,"event_name":"The Library","floor":20,"gold_loss":0,"cards_obtained":["Armaments"]},{"cards_removed":["Regret"],"damage_healed":0,"gold_gain":0,"player_choice":"Purged","damage_taken":0,"max_hp_gain":0,"max_hp_loss":0,"event_name":"Purifier","floor":22,"gold_loss":0},{"damage_healed":0,"gold_gain":0,"player_choice":"Ignored","damage_taken":0,"max_hp_gain":0,"max_hp_loss":0,"event_name":"Ghosts","floor":28,"gold_loss":0},{"damage_healed":0,"gold_gain":0,"player_choice":"Joined the Cult","damage_taken":6,"max_hp_gain":0,"max_hp_loss":0,"event_name":"Nest","floor":30,"gold_loss":0,"cards_obtained":["RitualDagger"]},{"damage_healed":0,"gold_gain":0,"player_choice":"Max HP","damage_taken":0,"max_hp_gain":0,"max_hp_loss":5,"event_name":"Winding Halls","floor":37,"gold_loss":0},{"cards_removed":["Clothesline"],"damage_healed":0,"gold_gain":0,"player_choice":"Removed Attack","damage_taken":0,"max_hp_gain":0,"max_hp_loss":0,"event_name":"Falling","floor":45,"gold_loss":0}],"is_beta":false,"boss_relics":[{"not_picked":["Calling Bell","Busted Crown"],"picked":"Black Blood"},{"not_picked":["Cursed Key","Coffee Dripper"],"picked":"SlaversCollar"}],"items_purged_floors":[5,36],"is_endless":false,"potions_floor_spawned":[4,7,10,16,21,23,27,29,31,33,35,39,41,42,47,48,54],"killed_by":"The Heart","ascension_level":0}}