{"host":"1v94wza6sq30pv3l","time":1609214140,"event":{"mods":["AchievementEnabler","BaseMod","Highlight Path","Minty Spire (QoL Compilation)"],"gold_per_floor":[119,69,69,69,144,178,178,204,230,250,260,260,18,48,48,145,145,155,155,174,191,205,205,237,237,237,337,337,352,371,371,371,371,371],"floor_reached":33,"playtime":3163,"items_purged":[],"score":287,"play_id":"0c637855-f76d-4193-9046-cb303205c9d4","local_time":"20201228225540","is_ascension_mode":true,"campfire_choices":[{"floor":7,"key":"REST"},{"floor":12,"key":"REST"},{"data":"Phantasmal Killer","floor":15,"key":"SMITH"},{"floor":23,"key":"REST"},{"floor":25,"key":"REST"},{"floor":28,"key":"REST"},{"floor":32,"key":"REST"}],"circlet_count":0,"master_deck":["Strike_G+1","Strike_G","Strike_G","Strike_G","Strike_G","Defend_G","Defend_G","Defend_G","Defend_G+1","Survivor","Neutralize","Blade Dance","Phantasmal Killer+1","Flechettes","Sucker Punch","Deadly Poison","Blade Dance","Well Laid Plans","Adrenaline","CurseOfTheBell","Escape Plan","Prepared+1","Bane","Dodge and Roll+1","Expertise+1","Finisher","Sucker Punch+1","RitualDagger"],"relics":["Ring of the Snake","MealTicket","Vajra","Medical Kit","Calling Bell","Bag of Preparation","Meat on the Bone","The Specimen","Blood Vial","Shovel","Calipers","Bottled Tornado"],"acts_visited":["Exordium","TheCity"],"potions_floor_usage":[8,20,24,24,29,33],"damage_taken":[{"damage":0,"enemies":"Small Slimes","floor":1,"turns":3},{"damage":25,"enemies":"3 Sentries","floor":6,"turns":9},{"damage":15,"enemies":"Lagavulin","floor":8,"turns":5},{"damage":0,"enemies":"Jaw Worm","floor":10,"turns":3},{"damage":0,"enemies":"2 Louse","floor":11,"turns":2},{"damage":39,"enemies":"The Guardian","floor":16,"turns":11},{"damage":15,"enemies":"2 Thieves","floor":18,"turns":3},{"damage":10,"enemies":"3 Byrds","floor":20,"turns":4},{"damage":14,"enemies":"3 Cultists","floor":21,"turns":4},{"damage":7,"enemies":"Snake Plant","floor":22,"turns":4},{"damage":49,"enemies":"Slavers","floor":24,"turns":5},{"damage":12,"enemies":"Colosseum Slavers","floor":27,"turns":4},{"damage":32,"enemies":"Colosseum Nobs","floor":27,"turns":5},{"damage":17,"enemies":"Snecko","floor":29,"turns":4},{"damage":3,"enemies":"3 Cultists","floor":30,"turns":4},{"damage":68,"enemies":"Collector","floor":33,"turns":5}],"seed_played":"4893230656037773529","potions_obtained":[{"floor":1,"key":"Dexterity Potion"},{"floor":11,"key":"SmokeBomb"},{"floor":16,"key":"BlessingOfTheForge"},{"floor":18,"key":"SteroidPotion"},{"floor":19,"key":"Fire Potion"},{"floor":27,"key":"DuplicationPotion"},{"floor":29,"key":"LiquidBronze"},{"floor":30,"key":"Energy Potion"}],"is_trial":false,"path_per_floor":["M","?","?","$","?","E","R","E","T","M","M","R","$","?","R","B",null,"M","?","M","M","M","R","E","R","T","?","R","M","M","?","R","B"],"character_chosen":"THE_SILENT","items_purchased":["Blade Dance","Medical Kit","Well Laid Plans"],"campfire_rested":6,"item_purchase_floors":[13,13,13],"current_hp_per_floor":[77,77,62,62,51,26,49,34,34,34,34,57,72,72,72,33,77,62,62,52,50,43,66,29,52,52,24,47,44,43,37,60,0,0],"gold":371,"neow_bonus":"TEN_PERCENT_HP_BONUS","is_daily":false,"chose_seed":false,"campfire_upgraded":1,"win_rate":0.0,"timestamp":1609214140,"path_taken":["M","?","?","?","?","E","R","E","T","?","M","R","$","?","R","BOSS","M","?","?","M","M","R","E","R","T","?","R","M","M","?","R","BOSS"],"items_purchased_type":["Card","Relic","Card"],"build_version":"2020-12-22","purchased_purges":0,"victory":false,"max_hp_per_floor":[77,77,77,77,77,77,77,77,77,77,77,77,77,77,77,77,77,77,77,77,77,77,77,77,77,77,77,77,77,77,77,77,77,77],"card_choices":[{"not_picked":["Heel Hook","Leg Sweep"],"picked":"Blade Dance","floor":1},{"not_picked":["Deflect","Prepared"],"picked":"Phantasmal Killer","floor":6},{"not_picked":["Acrobatics","Leg Sweep"],"picked":"Flechettes","floor":8},{"not_picked":["Bane","Poisoned Stab"],"picked":"Sucker Punch","floor":10},{"not_picked":["Poisoned Stab","Slice"],"picked":"Deadly Poison","floor":11},{"not_picked":["Venomology","Malaise"],"picked":"Adrenaline","floor":16},{"not_picked":["Deflect","Tactician+1"],"picked":"Escape Plan","floor":18},{"not_picked":["Deflect","Quick Slash"],"picked":"Prepared+1","floor":20},{"not_picked":["Cloak And Dagger","Dagger Spray"],"picked":"Bane","floor":21},{"not_picked":["Flechettes","Well Laid Plans"],"picked":"Dodge and Roll+1","floor":22},{"not_picked":["Cloak And Dagger","Bane"],"picked":"Expertise+1","floor":24},{"not_picked":["Crippling Poison","Flechettes"],"picked":"Finisher","floor":27},{"not_picked":["Underhanded Strike","Tactician","Deflect"],"picked":"SKIP","floor":29},{"not_picked":["Deflect","Die Die Die"],"picked":"Sucker Punch+1","floor":30}],"player_experience":65820,"relics_obtained":[{"floor":6,"key":"MealTicket"},{"floor":8,"key":"Vajra"},{"floor":17,"key":"Bag of Preparation"},{"floor":17,"key":"Meat on the Bone"},{"floor":17,"key":"The Specimen"},{"floor":24,"key":"Blood Vial"},{"floor":26,"key":"Shovel"},{"floor":27,"key":"Calipers"},{"floor":27,"key":"Bottled Tornado"}],"event_choices":[{"cards_removed":["Defend_G"],"damage_healed":0,"gold_gain":0,"player_choice":"Card Removal","damage_taken":0,"max_hp_gain":0,"max_hp_loss":0,"event_name":"The Cleric","floor":2,"gold_loss":50},{"damage_healed":0,"gold_gain":0,"player_choice":"Entered Light","damage_taken":15,"max_hp_gain":0,"max_hp_loss":0,"event_name":"Shining Light","floor":3,"gold_loss":0,"cards_upgraded":["Strike_G","Defend_G"]},{"damage_healed":0,"gold_gain":75,"player_choice":"Gather Gold","damage_taken":11,"max_hp_gain":0,"max_hp_loss":0,"event_name":"World of Goop","floor":5,"gold_loss":0},{"damage_healed":0,"gold_gain":30,"player_choice":"Searched \u00272\u0027 times","damage_taken":0,"max_hp_gain":0,"max_hp_loss":0,"event_name":"Dead Adventurer","floor":14,"gold_loss":0},{"damage_healed":0,"gold_gain":0,"player_choice":"Got Potions","damage_taken":0,"max_hp_gain":0,"max_hp_loss":0,"event_name":"Lab","floor":19,"gold_loss":0},{"damage_healed":0,"gold_gain":0,"player_choice":"Fight","damage_taken":0,"max_hp_gain":0,"max_hp_loss":0,"event_name":"Colosseum","floor":27,"gold_loss":0},{"damage_healed":0,"gold_gain":0,"player_choice":"Fought Nobs","damage_taken":0,"max_hp_gain":0,"max_hp_loss":0,"event_name":"Colosseum","floor":27,"gold_loss":0},{"damage_healed":0,"gold_gain":0,"player_choice":"Joined the Cult","damage_taken":6,"max_hp_gain":0,"max_hp_loss":0,"event_name":"Nest","floor":31,"gold_loss":0,"cards_obtained":["RitualDagger"]}],"is_beta":false,"boss_relics":[{"not_picked":["SacredBark","Sozu"],"picked":"Calling Bell"}],"items_purged_floors":[],"is_endless":false,"potions_floor_spawned":[1,11,16,18,27,29,30],"killed_by":"Collector","ascension_level":1}}