{"host":"j6locglyv7e0c0tm","time":1609278514,"event":{"mods":["BaseMod","Better Altar","Better Match","Better Note","Better Sensory Stone","Better Skull","Better Third Choice","Better Vampires","BetterRewards","Card Forge","Colored Powertips","Custom Start","DeckTracker","Downfall","Googly Eyes","Hermit","Highlight Path","Jorbs\u0027s Wanderer Trilogy","Marked Mod","Minty Spire (QoL Compilation)","Relic Stats","Replay The Spire","Shade Mod","Shop Mod","StSLib","Swap Starting Deck Mod","The Runesmith","TheFirefly"],"gold_per_floor":[110,110,110,120,133,161,20,20,20,20,53,70,84,84,84,189,189,199,199,216,216,216],"floor_reached":21,"playtime":1151,"items_purged":[],"score":239,"play_id":"df481256-5096-4560-9bbe-1119240798a1","local_time":"20201230084834","is_ascension_mode":false,"campfire_choices":[{"data":"Crystallizer","floor":8.0,"key":"SMITH"},{"floor":10.0,"key":"REST"},{"floor":15.0,"key":"RECALL"}],"circlet_count":0,"master_deck":["Strike_B","Strike_B","Strike_B","Defend_B","Defend_B","Defend_B","Defend_B","Zap","Dualcast","Cold Snap","BasicCrystalCard","White Noise","Crystallizer+1","Replay:SS_hec_2","Hologram","Go for the Eyes","Beam Cell","Blizzard","Buffer","White Noise+1","Darkness"],"relics":["FrozenCore","Hammer of Thor","Seething Fire","Anvil of the Gods","NeowsBlessing","Bronze Scales","Kunai","StrikeDummy"],"acts_visited":["Exordium","TheCity"],"potions_floor_usage":[16,16,16],"damage_taken":[{"damage":0.0,"enemies":"Small Slimes","floor":1.0,"turns":1.0},{"damage":0.0,"enemies":"Cultist","floor":4.0,"turns":1.0},{"damage":0.0,"enemies":"2 Louse","floor":5.0,"turns":1.0},{"damage":48.0,"enemies":"Gremlin Nob","floor":6.0,"turns":6.0},{"damage":21.0,"enemies":"Lagavulin","floor":11.0,"turns":8.0},{"damage":4.0,"enemies":"Large Slime","floor":12.0,"turns":7.0},{"damage":0.0,"enemies":"Looter","floor":13.0,"turns":3.0},{"damage":0,"enemies":"Fading Forest","floor":16,"turns":11},{"damage":23,"enemies":"3 Byrds","floor":18,"turns":6},{"damage":4,"enemies":"Chosen","floor":20,"turns":9},{"damage":49,"enemies":"3 Cultists","floor":21,"turns":6}],"seed_played":"8669715806476257100","potions_obtained":[{"floor":4.0,"key":"SneckoOil"},{"floor":5.0,"key":"AttackPotion"},{"floor":6.0,"key":"SkillPotion"},{"floor":12.0,"key":"Energy Potion"}],"is_trial":false,"path_per_floor":["M","$","?","M","M","E","$","R","T","R","E","M","M","?","R","B",null,"M","?","M","M"],"character_chosen":"DEFECT","items_purchased":["Replay:SS_hec_2","Hologram"],"campfire_rested":1,"item_purchase_floors":[7,7],"current_hp_per_floor":[75,75,75,75,75,27,27,27,27,49,28,24,24,17,17,17,75,52,52,48,0,0],"gold":216,"neow_bonus":"THREE_ENEMY_KILL","is_daily":false,"chose_seed":false,"campfire_upgraded":1,"win_rate":0.0,"timestamp":1609278514,"path_taken":["M","$","?","M","M","E","$","R","T","R","E","?","M","?","R","BOSS","M","?","M","M"],"items_purchased_type":["Card","Card"],"build_version":"2020-12-22","purchased_purges":0,"victory":false,"max_hp_per_floor":[75,75,75,75,75,75,75,75,75,75,75,75,75,75,75,75,75,75,75,75,75,75],"relic_stats":{"counters":[11,59],"Bronze Scales":[175],"Kunai":[9],"obtain_stats":[{"NeowsBlessing":0,"Anvil of the Gods":0,"Bronze Scales":6,"Hammer of Thor":0,"Seething Fire":0,"Kunai":9,"Cracked Core":0,"StrikeDummy":11,"FrozenCore":17},{"NeowsBlessing":0,"Anvil of the Gods":0,"Bronze Scales":4,"Hammer of Thor":0,"Seething Fire":0,"Kunai":4,"Cracked Core":0,"StrikeDummy":5,"FrozenCore":8},{"NeowsBlessing":0,"Anvil of the Gods":0,"Bronze Scales":9,"Hammer of Thor":0,"Seething Fire":0,"Kunai":9,"Cracked Core":0,"StrikeDummy":17,"FrozenCore":38}],"FrozenCore":[7]},"card_choices":[{"not_picked":["Barrage","Compile Driver"],"picked":"Cold Snap","floor":1.0},{"not_picked":["Scrape","Steam Power"],"picked":"BasicCrystalCard","floor":4.0},{"not_picked":["Sweeping Beam","Hologram"],"picked":"White Noise","floor":5.0},{"not_picked":["Darkness","Reprogram"],"picked":"Crystallizer","floor":6.0},{"not_picked":["Fusion","Chill"],"picked":"Go for the Eyes","floor":11.0},{"not_picked":["Compile Driver","Streamline"],"picked":"Beam Cell","floor":12.0},{"not_picked":["Aggregate","Panic Button"],"picked":"Blizzard","floor":13.0},{"not_picked":["Creative AI","Rainbow"],"picked":"Buffer","floor":16},{"not_picked":["ReplayTheSpireMod:System Scan","Conserve Battery"],"picked":"White Noise+1","floor":18},{"not_picked":["Auto Shields","Undo+1"],"picked":"Darkness","floor":20}],"player_experience":798547,"relics_obtained":[{"floor":6.0,"key":"Bronze Scales"},{"floor":9.0,"key":"Kunai"},{"floor":11.0,"key":"StrikeDummy"}],"event_choices":[{"damage_healed":0.0,"max_hp_gain":0.0,"max_hp_loss":0.0,"gold_gain":0.0,"event_name":"Transmorgrifier","player_choice":"Ignored","floor":3.0,"gold_loss":0.0,"damage_taken":0.0},{"cards_removed":["Strike_B"],"damage_healed":0.0,"max_hp_gain":0.0,"max_hp_loss":0.0,"gold_gain":0.0,"event_name":"Golden Wing","player_choice":"Card Removal","floor":14.0,"gold_loss":0.0,"damage_taken":7.0},{"damage_healed":0,"gold_gain":0,"player_choice":"Ignored","damage_taken":0,"max_hp_gain":0,"max_hp_loss":0,"event_name":"Transmorgrifier","floor":19,"gold_loss":0}],"is_beta":false,"boss_relics":[{"not_picked":["Replay:Bronze Core","Replay:Grab Bag"],"picked":"FrozenCore"}],"items_purged_floors":[],"is_endless":false,"potions_floor_spawned":[4,5,6,12],"killed_by":"3 Cultists","ascension_level":0}}