{"host":"ilxricga2547gmyy","time":1609277934,"event":{"mods":["AchievementEnabler","BaseMod","Minty Spire (QoL Compilation)","Quick Restart","StSLib"],"gold_per_floor":[116,132,145,157,175,200,218,218,242,254,291,317,341,369,381,393,393],"floor_reached":16,"playtime":502,"items_purged":[],"score":177,"play_id":"9bb2e177-fc82-4608-8838-7b6db8e01ff7","local_time":"20201229223854","is_ascension_mode":true,"campfire_choices":[{"data":"Whirlwind","floor":8,"key":"SMITH"},{"data":"Metallicize","floor":10,"key":"SMITH"},{"data":"Disarm","floor":15,"key":"SMITH"}],"circlet_count":0,"master_deck":["AscendersBane","Strike_R","Strike_R","Strike_R","Strike_R","Strike_R","Defend_R","Defend_R","Defend_R","Defend_R","Bash","Metallicize+1","Thunderclap","Carnage","Whirlwind+1","Spot Weakness","Whirlwind","Shrug It Off","Disarm+1","Cleave","Offering"],"relics":["Coffee Dripper","Omamori","MawBank","Paper Frog"],"acts_visited":["Exordium"],"potions_floor_usage":[11,12,13,16],"damage_taken":[{"damage":5,"enemies":"Cultist","floor":1,"turns":4},{"damage":0,"enemies":"2 Louse","floor":2,"turns":2},{"damage":8,"enemies":"Small Slimes","floor":3,"turns":4},{"damage":5,"enemies":"Gremlin Gang","floor":4,"turns":6},{"damage":8,"enemies":"Large Slime","floor":5,"turns":5},{"damage":16,"enemies":"Gremlin Nob","floor":6,"turns":3},{"damage":2,"enemies":"Red Slaver","floor":7,"turns":4},{"damage":6,"enemies":"Lagavulin","floor":11,"turns":4},{"damage":11,"enemies":"Exordium Thugs","floor":12,"turns":2},{"damage":0,"enemies":"Exordium Wildlife","floor":13,"turns":1},{"damage":6,"enemies":"Large Slime","floor":14,"turns":4},{"damage":0,"enemies":"The Guardian","floor":16,"turns":2}],"seed_played":"7129731090332390087","potions_obtained":[{"floor":1,"key":"DistilledChaos"},{"floor":3,"key":"SkillPotion"},{"floor":6,"key":"SkillPotion"},{"floor":12,"key":"BlessingOfTheForge"}],"is_trial":false,"path_per_floor":["M","M","M","M","M","E","M","R","T","R","E","M","M","M","R","B"],"character_chosen":"IRONCLAD","items_purchased":[],"campfire_rested":0,"item_purchase_floors":[],"current_hp_per_floor":[67,67,59,54,46,30,28,28,28,28,22,11,11,5,5,5,5],"gold":393,"neow_bonus":"BOSS_RELIC","is_daily":false,"chose_seed":false,"campfire_upgraded":3,"win_rate":0.0,"timestamp":1609277934,"path_taken":["M","M","?","M","M","E","M","R","T","R","E","?","M","M","R","BOSS"],"items_purchased_type":[],"build_version":"2020-12-22","purchased_purges":0,"victory":false,"max_hp_per_floor":[80,80,80,80,80,80,80,80,80,80,80,80,80,80,80,80,80],"card_choices":[{"not_picked":["Heavy Blade","Evolve"],"picked":"Metallicize","floor":1},{"not_picked":["Anger","Flex","Warcry"],"picked":"SKIP","floor":2},{"not_picked":["Headbutt","Armaments"],"picked":"Thunderclap","floor":3},{"not_picked":["Shrug It Off","Thunderclap"],"picked":"Carnage","floor":4},{"not_picked":["Intimidate","Shockwave"],"picked":"Whirlwind","floor":5},{"not_picked":["Pummel","Brutality"],"picked":"Spot Weakness","floor":6},{"not_picked":["Sentinel","Rampage"],"picked":"Whirlwind","floor":7},{"not_picked":["Perfected Strike","Feel No Pain"],"picked":"Shrug It Off","floor":11},{"not_picked":["Thunderclap","Perfected Strike"],"picked":"Disarm","floor":12},{"not_picked":["Wild Strike","Headbutt"],"picked":"Cleave","floor":13},{"not_picked":["Heavy Blade","Havoc"],"picked":"Offering","floor":14}],"player_experience":267014,"relics_obtained":[{"floor":6,"key":"Omamori"},{"floor":9,"key":"MawBank"},{"floor":11,"key":"Paper Frog"}],"event_choices":[],"is_beta":false,"boss_relics":[],"items_purged_floors":[],"is_endless":false,"potions_floor_spawned":[1,3,6,12],"killed_by":"The Guardian","ascension_level":10}}