{"host":"cuki0l1gmktphd86","time":1609242808,"event":{"mods":["10 clothes from DAL","ATMod(阿瑾Mod)","BaseMod","Challenge The Spire","Decade(王小明)","Downfall","Luminous","Minty Spire (QoL Compilation)","MostiFishMod","StSLib","noobMod","【角色mod】十八桐人","【遗物Mod】死灵法师NEW","【遗物卡牌】REMEMod"],"gold_per_floor":[119,119,119,130,150,150,184,184,184,217,230,242,242,261,261,356,-1044,-1029,-1029,-1029,-1009,-1009,-980,-980,-964,-964,-930,-930,-916,-882,-866,-866,-767,-767,-757,-757,-757],"floor_reached":36,"playtime":997,"items_purged":[],"score":980,"play_id":"88bb610f-e0b0-4708-8a8b-daa34854909e","local_time":"20201229195328","is_ascension_mode":true,"campfire_choices":[{"data":"Smile_Black","floor":6,"key":"SMITH"},{"data":"TakeAdvantage_Black","floor":13,"key":"SMITH"},{"data":"SwordDance_Black","floor":15,"key":"SMITH"},{"data":"Beater_Black","floor":24,"key":"SMITH"},{"data":"MentalLevelUp_Black","floor":28,"key":"SMITH"},{"data":"Exercise1_Black","floor":32,"key":"SMITH"}],"circlet_count":0,"master_deck":["AscendersBane","Strike_Black","Strike_Black","Strike_Black","Strike_Black","Defend_Black","Defend_Black","Defend_Black","Observe_Black","AT_ShrugMaster","REME_Cut","TakeAdvantage_Black+1","Smile_Black+1","SwordDance_Black","FlashPuncture_Black","Attacker_Black","REME_BattleFury","CuttingEdge_Black","Exercise1_Black+1","DarkRepulser_Black","Attacker_Black","SwordDance_Black+1","Beater_Black+1","ThespeedofsoundToattack_Black+1","Attacker_Black","ThespeedofsoundToattack_Black","Stab_Black","MentalLevelUp_Black+1","Attacker_Black","ThespeedofsoundToattack_Black+1","Elucidator_Black","SwordDance_Black+1"],"relics":["TheHeartOfYui","Aincard","ice","AT_ATBox","REME_ComplimentaryCards","DaveBox","DiscerningMonocle","SynthV:TestCard","Du-Vu Doll","AT_ImmortalShieldbow","Bag of Preparation","Membership Card","DianDianMeat","MagicDraw1","SynthV:MejaisSoulstealer","Strawberry","AT_ForceNature","DALC_WAN","GodSword4","Philosopher\u0027s Stone"],"acts_visited":["Exordium","TheCity","TheBeyond"],"potions_floor_usage":[21],"damage_taken":[{"damage":0,"enemies":"Jaw Worm","floor":1,"turns":5},{"damage":92,"enemies":"2 Louse","floor":4,"turns":12},{"damage":40,"enemies":"Cultist","floor":5,"turns":7},{"damage":7,"enemies":"3 Sentries","floor":7,"turns":3},{"damage":0,"enemies":"Gremlin Nob","floor":10,"turns":2},{"damage":0,"enemies":"Lots of Slimes","floor":11,"turns":2},{"damage":0,"enemies":"Gremlin Gang","floor":12,"turns":3},{"damage":0,"enemies":"2 Fungi Beasts","floor":14,"turns":2},{"damage":0,"enemies":"Slime Boss","floor":16,"turns":4},{"damage":10,"enemies":"3 Byrds","floor":18,"turns":2},{"damage":12,"enemies":"Shell Parasite","floor":21,"turns":3},{"damage":2,"enemies":"Book of Stabbing","floor":23,"turns":3},{"damage":0,"enemies":"Shelled Parasite and Fungi","floor":25,"turns":2},{"damage":19,"enemies":"Slavers","floor":27,"turns":2},{"damage":0,"enemies":"Snake Plant","floor":29,"turns":1},{"damage":0,"enemies":"Gremlin Leader","floor":30,"turns":2},{"damage":0,"enemies":"Cultist and Chosen","floor":31,"turns":3},{"damage":0,"enemies":"Collector","floor":33,"turns":3},{"damage":23,"enemies":"3 Darklings","floor":35,"turns":2}],"seed_played":"8571704947875339249","potions_obtained":[{"floor":4,"key":"Ancient Potion"},{"floor":7,"key":"FairyPotion"},{"floor":22,"key":"GamblersBrew"}],"is_trial":false,"path_per_floor":["M","?","?","M","M","R","E","$","T","E","M","M","R","M","R","B",null,"M","$","?","M","?","E","R","M","T","E","R","M","E","M","R","B",null,"M","$"],"character_chosen":"THE_KIRITO","items_purchased":["AT_ImmortalShieldbow","Bag of Preparation","Membership Card","REME_BattleFury","CuttingEdge_Black","Exercise1_Black"],"campfire_rested":0,"item_purchase_floors":[8,8,8,8,8,8],"current_hp_per_floor":[72,65,65,48,88,88,81,81,81,82,84,84,84,87,87,91,104,99,99,105,100,100,113,113,113,113,103,103,113,124,124,124,136,189,179,179,179],"gold":-757,"neow_bonus":"THREE_CARDS","is_daily":false,"chose_seed":false,"campfire_upgraded":6,"win_rate":0.0,"timestamp":1609242808,"path_taken":["M","?","?","?","?","R","E","$","T","E","M","?","R","M","R","BOSS","M","$","?","M","?","E","R","M","T","E","R","M","E","M","R","BOSS","M","$"],"items_purchased_type":["Relic","Relic","Relic","Card","Card","Card"],"build_version":"2020-12-22","purchased_purges":0,"victory":false,"max_hp_per_floor":[80,80,80,84,88,88,90,90,90,91,96,100,100,104,104,108,108,125,125,131,141,141,161,161,161,161,172,172,182,193,195,195,207,207,222,222,222],"card_choices":[{"not_picked":["GunFight_Black","SharpCut_Black"],"picked":"TakeAdvantage_Black","floor":1},{"not_picked":["Thrust_Black","DoubleAttack_Black","SelfCongested_Black","PrewarPrepare_Black"],"picked":"SwordDance_Black","floor":4},{"not_picked":["WartimeReply_Black","PrewarPrepare_Black","SharpCut_Black","Ghost_Black"],"picked":"FlashPuncture_Black","floor":5},{"not_picked":["HeartyMeal_Black","DoubleCut_Black","Exercise2_Black","Exercise1_Black"],"picked":"Attacker_Black","floor":7},{"not_picked":["PrewarPrepare_Black","Guard_Black","HeartyMeal_Black","HeroicBearing_Black"],"picked":"DarkRepulser_Black","floor":10},{"not_picked":["FlashPuncture_Black","Intimidate_Black","BrokenRibs_Black","Guard_Black"],"picked":"Attacker_Black","floor":11},{"not_picked":["PrewarPrepare_Black","GunFight_Black","DoubleCut_Black","Exercise2_Black","HorizontalSquareChopping_Black"],"picked":"SKIP","floor":12},{"not_picked":["Defender_Black","Smile_Black","PrewarPrepare_Black","FlashPuncture_Black"],"picked":"SwordDance_Black","floor":14},{"not_picked":["CureCrystal_Black","TrueLove_Black","SpeedBlade1_Black","NotreDame_Black"],"picked":"Beater_Black","floor":16},{"not_picked":["SmokeScreen_Black+1","DoubleAttack_Black","HeroicBearing_Black","SunBlade_Black"],"picked":"ThespeedofsoundToattack_Black+1","floor":18},{"not_picked":["Track_Black","Spitting_Black","CuttingEdge_Black","Kiriko_Black+1"],"picked":"ThespeedofsoundToattack_Black","floor":21},{"not_picked":["Stick_Black","StarBurstStream_Black","HorizontalSquareChopping_Black+1","WartimeReply_Black+1"],"picked":"Stab_Black","floor":23},{"not_picked":["DoubleCut_Black","FlashPuncture_Black+1","CureCrystal_Black","Thrust_Black","Kiriko_Black+1"],"picked":"SKIP","floor":25},{"not_picked":["SunBlade_Black","WartimeReply_Black","WeakHit_Black","ThrowKnife_Black"],"picked":"MentalLevelUp_Black","floor":27},{"not_picked":["Defender_Black","DefensiveStance_Black","SwordDance_Black","Exercise1_Black"],"picked":"Attacker_Black","floor":29},{"not_picked":["HorizontalSquareChopping_Black","BrokenRibs_Black","SpiritCrash_Black","Exercise1_Black"],"picked":"ThespeedofsoundToattack_Black+1","floor":30},{"not_picked":["Smile_Black","PrewarPrepare_Black+1","WeakHit_Black","MentalSkills_Black","Elucidator_Black"],"picked":"SKIP","floor":31},{"not_picked":["DrawingSword_Black","TheEnd_Black","Brilliance_Black","Eclipse_Black"],"picked":"Elucidator_Black","floor":33},{"not_picked":["DoubleAttack_Black","BrokenRibs_Black","DoubleCut_Black","SmokeScreen_Black+1"],"picked":"SwordDance_Black+1","floor":35}],"player_experience":82938,"relics_obtained":[{"floor":1,"key":"SynthV:TestCard"},{"floor":7,"key":"Du-Vu Doll"},{"floor":9,"key":"DianDianMeat"},{"floor":10,"key":"MagicDraw1"},{"floor":23,"key":"Strawberry"},{"floor":26,"key":"AT_ForceNature"},{"floor":27,"key":"DALC_WAN"},{"floor":30,"key":"GodSword4"}],"event_choices":[{"cards_removed":["Defend_Black"],"damage_healed":0,"gold_gain":0,"player_choice":"Card Removal","damage_taken":7,"max_hp_gain":0,"max_hp_loss":0,"event_name":"Golden Wing","floor":2,"gold_loss":0},{"damage_healed":0,"gold_gain":0,"player_choice":"1 cards matched","damage_taken":0,"max_hp_gain":0,"max_hp_loss":0,"event_name":"Match and Keep!","floor":3,"gold_loss":0,"cards_obtained":["Smile_Black"]},{"damage_healed":0,"gold_gain":0,"player_choice":"Read","damage_taken":0,"max_hp_gain":0,"max_hp_loss":0,"event_name":"The Library","floor":20,"gold_loss":0,"cards_obtained":["Attacker_Black"]},{"damage_healed":0,"gold_gain":0,"player_choice":"Got Potions","damage_taken":0,"max_hp_gain":0,"max_hp_loss":0,"event_name":"Lab","floor":22,"gold_loss":0}],"is_beta":false,"boss_relics":[{"not_picked":["LambentLight","Pandora\u0027s Box"],"picked":"SynthV:MejaisSoulstealer"},{"not_picked":["Cursed Key","Tiny House"],"picked":"Philosopher\u0027s Stone"}],"items_purged_floors":[],"is_endless":false,"potions_floor_spawned":[4,7,11,14,16,23,25,30,31,35],"ascension_level":11}}