{"host":"5fasz840ryq7obdf","time":1609285867,"event":{"mods":["AchievementEnabler","BaseMod","Bestiary","Better Altar","Better Skull","Better Third Choice","BetterRewards","Block Reminder","Colored Powertips","Curses Come First","Highlight Path","Minty Spire (QoL Compilation)","Quick Restart","Rare Cards Sparkle","Relic Sorter","Relic Stats","Shop Mod","Slay-I","Spicy Shops","StSLib","SuperFastMode"],"gold_per_floor":[113,29,66,66,66,66,91,91,118,118,145,185,228,285,285,384,384,420,461,461,226,265,325,388,419,445,479,529,679,679,679,679,751,751,770,770,813,825,58,116,116,166,166,201,0,78,437,536,536,591,621,621,621,12,51,51],"floor_reached":57,"playtime":3745,"items_purged":["Strike_P","Strike_P","Defend_P"],"score":4163,"play_id":"a0b106e5-c640-4d98-9164-07a4998b17b1","local_time":"20201229235107","is_ascension_mode":true,"campfire_choices":[{"floor":6.0,"key":"REST"},{"data":"DeusExMachina","floor":8.0,"key":"SMITH"},{"data":"TalkToTheHand","floor":10.0,"key":"SMITH"},{"floor":15.0,"key":"REST"},{"floor":30.0,"key":"RECALL"},{"floor":32.0,"key":"REST"},{"data":"Blasphemy","floor":41,"key":"SMITH"},{"data":"Wish","floor":49,"key":"SMITH"}],"circlet_count":0,"master_deck":["AscendersBane","Defend_P+1","Defend_P+1","Defend_P+1","Eruption+1","Vigilance+1","TalkToTheHand+1","LessonLearned+1","JustLucky+1","ThirdEye+1","WheelKick+1","Consecrate+1","HandOfGreed+1","JustLucky+1","Ragnarok+1","Dramatic Entrance+1","Wallop+1","EmptyBody+1","CutThroughFate+1","DeusExMachina+1","FlurryOfBlows+1","CutThroughFate+1","FlurryOfBlows+1","EmptyBody+1","Tantrum+1","Vault+1","Ragnarok+1","CrushJoints+1","WreathOfFlame+1","Crescendo+1","ClearTheMind+1","CrushJoints+1","FlurryOfBlows+1","WaveOfTheHand+1","Blasphemy+1","Wish+1","Sanctity+1","Adaptation+1","ThirdEye+1","Ragnarok+1","Wish+1","Nirvana+1","Wish+1","EmptyBody","Wireheading","MentalFortress","BattleHymn","Devotion","Protect+1"],"relics":["PureWater","Incense Burner","Pen Nib","Kunai","Shuriken","Nunchaku","Molten Egg 2","Ice Cream","Orrery","Bag of Preparation","Membership Card","Yang","Torii","Lantern","Akabeko","TeardropLocket","Bag of Marbles","Strawberry","Dream Catcher","Matryoshka","Bird Faced Urn","Black Star","Omamori","Strange Spoon","Boot","War Paint","MealTicket","Thread and Needle","Smiling Mask","Mercury Hourglass","The Courier","Ginger","InkBottle","Coffee Dripper","Happy Flower","Sling","Singing Bowl","Lizard Tail","Bronze Scales","Prayer Wheel","Sundial","Centennial Puzzle","Orichalcum","Art of War","PreservedInsect","Potion Belt","CaptainsWheel","Ornamental Fan","Unceasing Top","CeramicFish","Bottled Lightning","Red Mask","Ancient Tea Set","Darkstone Periapt","Old Coin","Blue Candle","OrangePellets","Damaru","Pear","HornCleat","Mummified Hand","GoldenEye","Dead Branch"],"acts_visited":["Exordium","TheCity","TheBeyond","TheEnding"],"potions_floor_usage":[56,56],"damage_taken":[{"damage":0.0,"enemies":"Cultist","floor":1.0,"turns":2.0},{"damage":0.0,"enemies":"Jaw Worm","floor":3.0,"turns":2.0},{"damage":0.0,"enemies":"Lagavulin","floor":7.0,"turns":1.0},{"damage":0.0,"enemies":"Gremlin Nob","floor":11.0,"turns":1.0},{"damage":0.0,"enemies":"Small Slimes","floor":12.0,"turns":2.0},{"damage":0.0,"enemies":"3 Louse","floor":13.0,"turns":4.0},{"damage":1.0,"enemies":"3 Sentries","floor":14.0,"turns":4.0},{"damage":0.0,"enemies":"Hexaghost","floor":16.0,"turns":2.0},{"damage":0.0,"enemies":"Shell Parasite","floor":18.0,"turns":2.0},{"damage":0.0,"enemies":"3 Byrds","floor":19.0,"turns":2.0},{"damage":0.0,"enemies":"Centurion and Healer","floor":22.0,"turns":2.0},{"damage":0.0,"enemies":"Slavers","floor":23.0,"turns":3.0},{"damage":0.0,"enemies":"3 Cultists","floor":24.0,"turns":7.0},{"damage":0.0,"enemies":"Gremlin Leader","floor":25.0,"turns":5.0},{"damage":1.0,"enemies":"Book of Stabbing","floor":27.0,"turns":4.0},{"damage":0.0,"enemies":"Colosseum Slavers","floor":29.0,"turns":1.0},{"damage":0.0,"enemies":"Colosseum Nobs","floor":29.0,"turns":2.0},{"damage":1.0,"enemies":"Champ","floor":33.0,"turns":3.0},{"damage":0.0,"enemies":"3 Darklings","floor":35.0,"turns":3.0},{"damage":0.0,"enemies":"3 Shapes","floor":37.0,"turns":1.0},{"damage":0.0,"enemies":"Sphere and 2 Shapes","floor":38.0,"turns":4.0},{"damage":0,"enemies":"Reptomancer","floor":40,"turns":3},{"damage":16,"enemies":"Giant Head","floor":42,"turns":5},{"damage":0,"enemies":"Nemesis","floor":44,"turns":5},{"damage":0,"enemies":"Giant Head","floor":46,"turns":2},{"damage":0,"enemies":"Mind Bloom Boss Battle","floor":47,"turns":1},{"damage":0,"enemies":"Jaw Worm Horde","floor":48,"turns":4},{"damage":21,"enemies":"Time Eater","floor":50,"turns":6},{"damage":0,"enemies":"Awakened One","floor":51,"turns":5},{"damage":0,"enemies":"Shield and Spear","floor":55,"turns":1},{"damage":4,"enemies":"The Heart","floor":56,"turns":6}],"seed_played":"-4390387118113459395","potions_obtained":[{"floor":11.0,"key":"ColorlessPotion"},{"floor":16.0,"key":"Dexterity Potion"},{"floor":42,"key":"BottledMiracle"},{"floor":46,"key":"Energy Potion"},{"floor":47,"key":"SteroidPotion"}],"is_trial":false,"path_per_floor":["M","$","M","?","?","R","E","R","T","R","E","M","M","E","R","B",null,"M","M","?","$","M","E","M","E","T","E","?","?","R","?","R","B",null,"M","?","M","M","$","E","R","E","T","E","?","E","?","M","R","B","B",null,"R","$","E","B",null],"character_chosen":"WATCHER","items_purchased":["Nunchaku","Kunai","TalkToTheHand","Molten Egg 2","Ice Cream","Orrery","Bag of Preparation","Membership Card","Yang","Pen Nib","HandOfGreed+1","JustLucky+1","Ragnarok+1","Dramatic Entrance+1","Torii","Lantern","Wallop+1","EmptyBody","CutThroughFate+1","Akabeko","TeardropLocket","Shuriken","DeusExMachina","Bag of Marbles","Incense Burner","Omamori","Strange Spoon","Happy Flower","Sling","Singing Bowl","Lizard Tail","Bronze Scales","Prayer Wheel","Sundial","Centennial Puzzle","Orichalcum","Blue Candle","OrangePellets","EmptyBody","Wireheading","MentalFortress","Damaru","Pear","HornCleat","Mummified Hand","BattleHymn","Devotion"],"campfire_rested":3,"item_purchase_floors":[0,0,0,0,0,0,0,0,0,0,0,0,0,0,0,0,0,0,0,0,0,0,0,2,2,21,21,39,39,39,39,39,39,39,39,39,54,54,54,54,54,54,54,54,54,54,54],"current_hp_per_floor":[19,19,19,12,12,32,39,39,39,39,39,39,39,38,60,60,71,71,71,71,71,71,71,71,71,71,70,70,70,70,70,75,74,75,75,75,75,75,75,75,75,61,61,63,63,65,65,69,69,50,54,74,74,91,91,91],"gold":51,"neow_bonus":"","is_daily":false,"chose_seed":false,"campfire_upgraded":4,"win_rate":0.0,"timestamp":1609285867,"path_taken":["M","$","M","?","?","R","E","R","T","R","E","M","M","E","R","BOSS","M","M","?","$","M","E","M","E","T","E","?","?","R","?","R","BOSS","M","?","M","M","$","E","R","E","T","E","?","E","?","?","R","BOSS","BOSS","R","$","E","BOSS"],"items_purchased_type":["Relic","Relic","Card","Relic","Relic","Relic","Relic","Relic","Relic","Relic","Card","Card","Card","Card","Relic","Relic","Card","Card","Card","Relic","Relic","Relic","Card","Relic","Relic","Relic","Relic","Relic","Relic","Relic","Relic","Relic","Relic","Relic","Relic","Relic","Relic","Relic","Card","Card","Card","Relic","Relic","Relic","Relic","Card","Card"],"build_version":"2020-12-22","purchased_purges":3,"victory":true,"max_hp_per_floor":[68,68,68,68,68,68,75,75,75,75,75,75,75,75,75,75,75,75,75,75,75,75,75,75,75,75,75,75,75,75,75,75,75,75,75,75,75,75,75,75,75,77,77,77,77,79,79,81,81,81,81,81,81,91,91,91],"relic_stats":{"Darkstone Periapt":0,"Torii":8,"Singing Bowl":10,"CeramicFish":81,"Yang":[487],"Bag of Preparation":[68],"Ginger":[5],"Boot":[14],"Smiling Mask":100,"Nunchaku":[24],"Dream Catcher":2,"Lizard Tail":0,"Centennial Puzzle":[11],"Sundial":[8],"Mummified Hand":[118],"MealTicket":7,"Prayer Wheel":1,"Kunai":[113],"InkBottle":[26],"Happy Flower":[12],"counters":[164,723],"Blue Candle":[0],"Dead Branch":[10],"Pen Nib":[24],"PreservedInsect":1514,"War Paint":["Vault","Vigilance"],"Orichalcum":[18],"GoldenEye":[263],"Mercury Hourglass":[525],"Strange Spoon":[63],"OrangePellets":[7],"Shuriken":[47],"Ornamental Fan":[80],"Bird Faced Urn":[68],"Bronze Scales":[124],"Black Star":8,"Art of War":[3],"obtain_stats":[{"Ice Cream":0,"Gremlin Horn":0,"CeramicFish":0,"Vajra":0,"Whetstone":55,"Ginger":29,"Bottled Tornado":28,"Boot":38,"Sling":4,"Old Coin":47,"Blood Vial":8,"Centennial Puzzle":8,"Lizard Tail":39,"HornCleat":54,"Sundial":10,"Strawberry":7,"Prayer Wheel":42,"MealTicket":6,"VioletLotus":17,"HandDrill":0,"Kunai":22,"Pear":54,"Happy Flower":42,"Blue Candle":23,"Dead Branch":55,"Oddly Smooth Stone":22,"Pen Nib":6,"Letter Opener":44,"War Paint":23,"Question Card":30,"Akabeko":41,"SlaversCollar":34,"OrangePellets":0,"Bottled Flame":9,"Shuriken":0,"MutagenicStrength":22,"Bronze Scales":9,"Bird Faced Urn":41,"Pandora\u0027s Box":34,"Molten Egg 2":0,"Black Star":34,"StrikeDummy":10,"Unceasing Top":43,"Meat on the Bone":23,"Darkstone Periapt":44,"Lantern":9,"Regal Pillow":7,"Torii":17,"Singing Bowl":23,"Yang":26,"Incense Burner":22,"Juzu Bracelet":39,"Bag of Preparation":55,"TeardropLocket":0,"Smiling Mask":25,"Ancient Tea Set":17,"Cursed Key":17,"Dream Catcher":13,"Nunchaku":0,"Matryoshka":14,"Mummified Hand":0,"Pantograph":28,"Red Mask":19,"InkBottle":29,"Runic Pyramid":17,"Potion Belt":40,"Golden Idol":5,"Damaru":26,"Thread and Needle":25,"The Courier":10,"PreservedInsect":25,"Omamori":48,"Frozen Egg 2":48,"Orichalcum":4,"GoldenEye":0,"Mercury Hourglass":21,"Calling Bell":17,"Peace Pipe":21,"Strange Spoon":0,"Anchor":40,"CaptainsWheel":42,"Ornamental Fan":31,"Orrery":46,"HolyWater":34,"Turnip":30,"Bag of Marbles":0,"Art of War":25,"Coffee Dripper":34,"Membership Card":0,"Bottled Lightning":45,"PureWater":0,"Toy Ornithopter":6},{"Ice Cream":133,"Gremlin Horn":0,"CeramicFish":0,"Vajra":0,"Whetstone":55,"Ginger":150,"Bottled Tornado":44,"Boot":49,"Sling":105,"Old Coin":159,"Blood Vial":36,"Centennial Puzzle":77,"Lizard Tail":154,"HornCleat":162,"Sundial":109,"Strawberry":136,"Prayer Wheel":26,"MealTicket":35,"VioletLotus":38,"HandDrill":32,"Kunai":14,"Pear":162,"Happy Flower":26,"Blue Candle":86,"Dead Branch":163,"Oddly Smooth Stone":14,"Pen Nib":4,"Letter Opener":27,"War Paint":145,"Question Card":120,"Akabeko":50,"SlaversCollar":47,"OrangePellets":56,"Bottled Flame":108,"Shuriken":56,"MutagenicStrength":40,"Bronze Scales":77,"Bird Faced Urn":126,"Pandora\u0027s Box":121,"Molten Egg 2":133,"Black Star":20,"StrikeDummy":6,"Unceasing Top":156,"Meat on the Bone":41,"Darkstone Periapt":27,"Lantern":5,"Regal Pillow":107,"Torii":65,"Singing Bowl":115,"Yang":116,"Incense Burner":14,"Juzu Bracelet":93,"Bag of Preparation":102,"TeardropLocket":32,"Smiling Mask":16,"Ancient Tea Set":65,"Cursed Key":82,"Dream Catcher":9,"Nunchaku":32,"Matryoshka":111,"Mummified Hand":103,"Pantograph":87,"Red Mask":84,"InkBottle":150,"Runic Pyramid":11,"Potion Belt":25,"Golden Idol":59,"Damaru":16,"Thread and Needle":147,"The Courier":37,"PreservedInsect":68,"Omamori":30,"Frozen Egg 2":30,"Orichalcum":34,"GoldenEye":103,"Mercury Hourglass":114,"Calling Bell":65,"Peace Pipe":66,"Strange Spoon":0,"Anchor":25,"CaptainsWheel":156,"Ornamental Fan":46,"Orrery":51,"HolyWater":90,"Turnip":18,"Bag of Marbles":0,"Art of War":68,"Coffee Dripper":151,"Membership Card":0,"Bottled Lightning":97,"PureWater":0,"Toy Ornithopter":60},{"Ice Cream":628,"Gremlin Horn":0,"CeramicFish":0,"Vajra":0,"Whetstone":255,"Ginger":674,"Bottled Tornado":196,"Boot":225,"Sling":506,"Old Coin":701,"Blood Vial":160,"Centennial Puzzle":363,"Lizard Tail":685,"HornCleat":716,"Sundial":517,"Strawberry":633,"Prayer Wheel":103,"MealTicket":155,"VioletLotus":169,"HandDrill":142,"Kunai":41,"Pear":716,"Happy Flower":103,"Blue Candle":396,"Dead Branch":717,"Oddly Smooth Stone":41,"Pen Nib":9,"Letter Opener":110,"War Paint":655,"Question Card":547,"Akabeko":231,"SlaversCollar":216,"OrangePellets":263,"Bottled Flame":514,"Shuriken":263,"MutagenicStrength":179,"Bronze Scales":363,"Bird Faced Urn":577,"Pandora\u0027s Box":555,"Molten Egg 2":628,"Black Star":74,"StrikeDummy":15,"Unceasing Top":693,"Meat on the Bone":184,"Darkstone Periapt":110,"Lantern":11,"Regal Pillow":511,"Torii":303,"Singing Bowl":536,"Yang":537,"Incense Burner":41,"Juzu Bracelet":435,"Bag of Preparation":493,"TeardropLocket":142,"Smiling Mask":48,"Ancient Tea Set":303,"Cursed Key":383,"Dream Catcher":24,"Nunchaku":142,"Matryoshka":523,"Mummified Hand":501,"Pantograph":401,"Red Mask":390,"InkBottle":674,"Runic Pyramid":32,"Potion Belt":96,"Golden Idol":276,"Damaru":48,"Thread and Needle":667,"The Courier":164,"PreservedInsect":317,"Omamori":126,"Frozen Egg 2":126,"Orichalcum":149,"GoldenEye":501,"Mercury Hourglass":533,"Calling Bell":303,"Peace Pipe":307,"Strange Spoon":0,"Anchor":96,"CaptainsWheel":693,"Ornamental Fan":208,"Orrery":233,"HolyWater":417,"Turnip":59,"Bag of Marbles":0,"Art of War":317,"Coffee Dripper":677,"Membership Card":0,"Bottled Lightning":458,"PureWater":0,"Toy Ornithopter":284}],"Unceasing Top":[0]},"card_choices":[{"not_picked":["CarveReality+1","FlyingSleeves+1"],"picked":"LessonLearned+1","floor":0.0},{"not_picked":["Prostrate","ReachHeaven+1"],"picked":"JustLucky+1","floor":0.0},{"not_picked":["Crescendo","ConjureBlade"],"picked":"ThirdEye","floor":0.0},{"not_picked":["FlyingSleeves+1","Protect"],"picked":"WheelKick+1","floor":0.0},{"not_picked":["PathToVictory","CutThroughFate+1"],"picked":"Consecrate+1","floor":0.0},{"not_picked":["Devotion","Halt"],"picked":"FlurryOfBlows+1","floor":1.0},{"not_picked":["FearNoEvil+1","Prostrate"],"picked":"CutThroughFate+1","floor":3.0},{"not_picked":["Prostrate","WindmillStrike+1"],"picked":"FlurryOfBlows+1","floor":7.0},{"not_picked":["LikeWater","WheelKick+1","Fasting2"],"picked":"SKIP","floor":11.0},{"not_picked":["Nirvana","Crescendo"],"picked":"EmptyBody","floor":12.0},{"not_picked":["JustLucky+1","FollowUp+1"],"picked":"Tantrum+1","floor":13.0},{"not_picked":["CutThroughFate+1","Indignation"],"picked":"Vault","floor":14.0},{"not_picked":["MasterReality","DevaForm"],"picked":"Ragnarok+1","floor":16.0},{"not_picked":["ClearTheMind","FollowUp+1"],"picked":"CrushJoints+1","floor":18.0},{"not_picked":["Crescendo","Tantrum+1"],"picked":"WreathOfFlame","floor":19.0},{"not_picked":["CarveReality+1","PathToVictory"],"picked":"Crescendo+1","floor":22.0},{"not_picked":["CarveReality+1","PathToVictory","Meditate"],"picked":"SKIP","floor":23.0},{"not_picked":["CutThroughFate+1","Nirvana"],"picked":"Prostrate+1","floor":24.0},{"not_picked":["FlyingSleeves+1","Evaluate"],"picked":"ClearTheMind","floor":25.0},{"not_picked":["Perseverance","BattleHymn"],"picked":"CrushJoints+1","floor":27.0},{"not_picked":["Sanctity","CutThroughFate+1"],"picked":"FlurryOfBlows+1","floor":29.0},{"not_picked":["CutThroughFate+1","Conclude+1"],"picked":"Blasphemy","floor":32.0},{"not_picked":["ConjureBlade","Devotion"],"picked":"Wish","floor":33.0},{"not_picked":["ClearTheMind","BowlingBash+1"],"picked":"Sanctity","floor":35.0},{"not_picked":["Conclude+1","EmptyFist+1"],"picked":"Adaptation","floor":37.0},{"not_picked":["SashWhip+1","SandsOfTime+1"],"picked":"ThirdEye","floor":38.0},{"not_picked":["Prostrate","BowlingBash+1"],"picked":"Ragnarok+1","floor":40},{"not_picked":["CarveReality+1","CutThroughFate+1","Conclude+1"],"picked":"Singing Bowl","floor":42},{"not_picked":["FollowUp+1","Conclude+1"],"picked":"Wish","floor":44},{"not_picked":["Study","SashWhip+1","BattleHymn"],"picked":"Singing Bowl","floor":46},{"not_picked":["CrushJoints+1","Pray"],"picked":"Nirvana","floor":47},{"not_picked":["EmptyFist+1","BowlingBash+1"],"picked":"Wish","floor":48},{"not_picked":["EmptyBody","Evaluate","JustLucky+1"],"picked":"Singing Bowl","floor":48},{"not_picked":["Sanctity","BattleHymn"],"picked":"Protect+1","floor":55}],"player_experience":1276809,"relics_obtained":[{"floor":7.0,"key":"Strawberry"},{"floor":9.0,"key":"Dream Catcher"},{"floor":11.0,"key":"Matryoshka"},{"floor":14.0,"key":"Bird Faced Urn"},{"floor":23.0,"key":"Boot"},{"floor":23.0,"key":"War Paint"},{"floor":25.0,"key":"MealTicket"},{"floor":25.0,"key":"Thread and Needle"},{"floor":26.0,"key":"Smiling Mask"},{"floor":27.0,"key":"Mercury Hourglass"},{"floor":27.0,"key":"The Courier"},{"floor":29.0,"key":"Ginger"},{"floor":29.0,"key":"InkBottle"},{"floor":40,"key":"Art of War"},{"floor":40,"key":"PreservedInsect"},{"floor":42,"key":"Potion Belt"},{"floor":42,"key":"CaptainsWheel"},{"floor":43,"key":"Ornamental Fan"},{"floor":43,"key":"Unceasing Top"},{"floor":44,"key":"CeramicFish"},{"floor":44,"key":"Bottled Lightning"},{"floor":46,"key":"Ancient Tea Set"},{"floor":46,"key":"Darkstone Periapt"},{"floor":47,"key":"Old Coin"},{"floor":55,"key":"GoldenEye"},{"floor":55,"key":"Dead Branch"}],"event_choices":[{"cards_removed":["Strike_P"],"damage_healed":0.0,"max_hp_gain":0.0,"max_hp_loss":0.0,"gold_gain":0.0,"event_name":"Golden Wing","player_choice":"Card Removal","floor":4.0,"gold_loss":0.0,"damage_taken":7.0},{"damage_healed":0.0,"max_hp_gain":0.0,"max_hp_loss":0.0,"gold_gain":0.0,"event_name":"Living Wall","player_choice":"Grow","floor":5.0,"gold_loss":0.0,"damage_taken":0.0,"cards_upgraded":["Eruption"]},{"cards_removed":["Strike_P"],"damage_healed":0.0,"max_hp_gain":0.0,"max_hp_loss":0.0,"gold_gain":0.0,"event_name":"betterThird:BetterWriting","player_choice":"Elegance","floor":20.0,"gold_loss":0.0,"damage_taken":0.0},{"damage_healed":0.0,"max_hp_gain":0.0,"max_hp_loss":0.0,"gold_gain":50.0,"event_name":"betterThird:BetterNest","player_choice":"Steal","floor":28.0,"gold_loss":0.0,"damage_taken":0.0},{"damage_healed":0.0,"max_hp_gain":0.0,"max_hp_loss":0.0,"gold_gain":0.0,"event_name":"Colosseum","player_choice":"Fight","floor":29.0,"gold_loss":0.0,"damage_taken":0.0},{"damage_healed":0.0,"max_hp_gain":0.0,"max_hp_loss":0.0,"gold_gain":0.0,"event_name":"Colosseum","player_choice":"Fought Nobs","floor":29.0,"gold_loss":0.0,"damage_taken":0.0},{"damage_healed":0.0,"max_hp_gain":0.0,"max_hp_loss":0.0,"gold_gain":0.0,"event_name":"The Library","player_choice":"Read","floor":31.0,"gold_loss":0.0,"damage_taken":0.0,"cards_obtained":["WaveOfTheHand"]},{"cards_removed":["Prostrate"],"damage_healed":0.0,"max_hp_gain":0.0,"max_hp_loss":0.0,"gold_gain":0.0,"event_name":"Falling","player_choice":"Removed Skill","floor":36.0,"gold_loss":0.0,"damage_taken":0.0},{"damage_healed":0,"gold_gain":0,"player_choice":"Paid","damage_taken":0,"relics_obtained":["Red Mask"],"max_hp_gain":0,"max_hp_loss":0,"event_name":"Tomb of Lord Red Mask","floor":45,"gold_loss":201},{"damage_healed":0,"gold_gain":0,"player_choice":"Fight","damage_taken":0,"max_hp_gain":0,"max_hp_loss":0,"event_name":"MindBloom","floor":47,"gold_loss":0}],"is_beta":false,"boss_relics":[{"not_picked":["SlaversCollar","HolyWater"],"picked":"Black Star"},{"not_picked":["Empty Cage","Velvet Choker"],"picked":"Coffee Dripper"}],"items_purged_floors":[0,0,21],"is_endless":false,"potions_floor_spawned":[11,12,13,16,18,22,23,29,29,40,42,46,47,48],"ascension_level":20}}