{"host":"vumwfieg2b2mnrfl","time":1609212095,"event":{"mods":["AchievementEnabler","BaseMod","Minty Spire (QoL Compilation)","Rare Cards Sparkle","Relic Stats"],"gold_per_floor":[113,188,110,110,110,110,136,311,337,190,224,234,268,268,268,339,339,349,236,248,248,248,248],"floor_reached":22,"playtime":493,"items_purged":["Doubt"],"score":409,"play_id":"26e8ccbc-c891-4ce3-97be-005ae7ba96d8","local_time":"20201228212135","is_ascension_mode":true,"campfire_choices":[{"data":"Noxious Fumes","floor":6.0,"key":"SMITH"},{"floor":15.0,"key":"REST"}],"circlet_count":0,"master_deck":["AscendersBane","Strike_G","Strike_G","Strike_G+1","Strike_G","Defend_G","Defend_G","Defend_G","Defend_G","Defend_G","Survivor","Neutralize+1","Poisoned Stab","Noxious Fumes+1","Noxious Fumes","Predator","Corpse Explosion","Deadly Poison","Dagger Throw","Leg Sweep","Burst","CurseOfTheBell","Bane","Well Laid Plans","Blur"],"relics":["Ring of the Snake","NeowsBlessing","Mummified Hand","Boot","Orrery","Matryoshka","Whetstone","Calling Bell","PreservedInsect","Shuriken","Tough Bandages"],"acts_visited":["Exordium","TheCity"],"potions_floor_usage":[22,22],"damage_taken":[{"damage":0.0,"enemies":"Jaw Worm","floor":1.0,"turns":1.0},{"damage":0.0,"enemies":"Lagavulin","floor":7.0,"turns":2.0},{"damage":0.0,"enemies":"Gremlin Nob","floor":11.0,"turns":1.0},{"damage":4.0,"enemies":"Small Slimes","floor":12.0,"turns":3.0},{"damage":30.0,"enemies":"3 Sentries","floor":13.0,"turns":3.0},{"damage":16.0,"enemies":"Hexaghost","floor":16.0,"turns":9.0},{"damage":15.0,"enemies":"3 Byrds","floor":18.0,"turns":3.0},{"damage":13.0,"enemies":"Chosen","floor":20.0,"turns":5.0},{"damage":19,"enemies":"Snake Plant","floor":22,"turns":4}],"seed_played":"412552932644663932","potions_obtained":[{"floor":12.0,"key":"SteroidPotion"},{"floor":16.0,"key":"ColorlessPotion"},{"floor":18.0,"key":"FearPotion"},{"floor":20.0,"key":"Ancient Potion"}],"is_trial":false,"path_per_floor":["M","?","$","?","$","R","E","?","T","$","E","M","E","?","R","B",null,"M","$","M","?","M"],"character_chosen":"THE_SILENT","items_purchased":["Noxious Fumes","Orrery","Well Laid Plans"],"campfire_rested":1,"item_purchase_floors":[3,10,19],"current_hp_per_floor":[63,52,52,52,52,52,52,52,52,52,52,48,18,18,39,23,58,43,43,30,17,0,0],"gold":248,"neow_bonus":"THREE_ENEMY_KILL","is_daily":false,"chose_seed":false,"campfire_upgraded":1,"win_rate":0.0,"timestamp":1609212095,"path_taken":["M","?","$","?","?","R","E","?","T","$","E","M","E","?","R","BOSS","M","$","M","?","M"],"items_purchased_type":["Card","Relic","Card"],"build_version":"2020-12-22","purchased_purges":1,"victory":false,"max_hp_per_floor":[70,70,70,70,70,70,70,70,70,70,70,70,70,70,70,70,70,70,70,70,75,75,75],"relic_stats":{"Tough Bandages":[12],"counters":[9,31],"Mummified Hand":[9],"Shuriken":[2],"PreservedInsect":0,"Whetstone":["Strike_G","Neutralize"],"Boot":[16],"obtain_stats":[{"Calling Bell":17,"Tough Bandages":17,"Matryoshka":11,"NeowsBlessing":0,"Mummified Hand":7,"Shuriken":17,"Orrery":10,"PreservedInsect":17,"Whetstone":13,"Boot":9,"Ring of the Snake":0},{"Calling Bell":6,"Tough Bandages":6,"Matryoshka":3,"NeowsBlessing":0,"Mummified Hand":2,"Shuriken":6,"Orrery":2,"PreservedInsect":6,"Whetstone":5,"Boot":2,"Ring of the Snake":0},{"Calling Bell":19,"Tough Bandages":19,"Matryoshka":4,"NeowsBlessing":0,"Mummified Hand":3,"Shuriken":19,"Orrery":3,"PreservedInsect":19,"Whetstone":10,"Boot":3,"Ring of the Snake":0}],"Ring of the Snake":[18]},"card_choices":[{"not_picked":["Escape Plan","Reflex"],"picked":"Poisoned Stab","floor":1.0},{"not_picked":["Dagger Spray","Slice"],"picked":"Predator","floor":7.0},{"not_picked":["Dagger Spray","Deadly Poison"],"picked":"Corpse Explosion","floor":10.0},{"not_picked":["PiercingWail","Finisher"],"picked":"Deadly Poison","floor":10.0},{"not_picked":["Flying Knee","Choke"],"picked":"Dagger Throw","floor":10.0},{"not_picked":["Backstab","Heel Hook","Flechettes"],"picked":"SKIP","floor":11.0},{"not_picked":["Blade Dance","Cloak And Dagger","Distraction"],"picked":"SKIP","floor":12.0},{"not_picked":["Dodge and Roll","Burst"],"picked":"Leg Sweep","floor":13.0},{"not_picked":["Glass Knife","Night Terror"],"picked":"Burst","floor":16.0},{"not_picked":["Sucker Punch","Slice"],"picked":"Bane","floor":18.0},{"not_picked":["Deadly Poison+1","Concentrate"],"picked":"Blur","floor":20.0}],"player_experience":327098,"relics_obtained":[{"floor":7.0,"key":"Mummified Hand"},{"floor":9.0,"key":"Boot"},{"floor":11.0,"key":"Matryoshka"},{"floor":13.0,"key":"Whetstone"},{"floor":17.0,"key":"PreservedInsect"},{"floor":17.0,"key":"Shuriken"},{"floor":17.0,"key":"Tough Bandages"}],"event_choices":[{"damage_healed":0.0,"max_hp_gain":0.0,"max_hp_loss":0.0,"gold_gain":75.0,"event_name":"World of Goop","player_choice":"Gather Gold","floor":2.0,"gold_loss":0.0,"damage_taken":11.0},{"damage_healed":0.0,"max_hp_gain":0.0,"max_hp_loss":0.0,"gold_gain":0.0,"cards_transformed":["Strike_G"],"event_name":"Living Wall","player_choice":"Change","floor":4.0,"gold_loss":0.0,"damage_taken":0.0,"cards_obtained":["Noxious Fumes"]},{"damage_healed":0.0,"max_hp_gain":0.0,"max_hp_loss":0.0,"gold_gain":175.0,"event_name":"Liars Game","player_choice":"AGREE","floor":8.0,"gold_loss":0.0,"damage_taken":0.0,"cards_obtained":["Doubt"]},{"damage_healed":0.0,"max_hp_gain":0.0,"max_hp_loss":0.0,"gold_gain":0.0,"event_name":"Shining Light","player_choice":"Ignored","floor":14.0,"gold_loss":0.0,"damage_taken":0.0},{"damage_healed":0.0,"max_hp_gain":5.0,"max_hp_loss":0.0,"gold_gain":0.0,"event_name":"Forgotten Altar","player_choice":"Shed Blood","floor":21.0,"gold_loss":0.0,"damage_taken":18.0}],"is_beta":false,"boss_relics":[{"not_picked":["Empty Cage","Snecko Eye"],"picked":"Calling Bell"}],"items_purged_floors":[19],"is_endless":false,"potions_floor_spawned":[12,16,18,20],"killed_by":"Snake Plant","ascension_level":13}}