{"host":"f5gffvlv6a66yqkd","time":1609248640,"event":{"mods":["2.2 Compatiblity","BaseMod","Colored Map","DeckTracker","Keyboard Shortcuts","Minty Spire (QoL Compilation)","Permanent Neow","Quick Restart","Relic Stats","StSLib","SuperFastMode"],"gold_per_floor":[117,117,134,158,158,158,190,190,190,140,171,0,19,37,37,140,140,156,156,186,186,203,203,165,181,181,194,194,1,17,34,34,138,138,148,148,168,168,186,217,217,233,307,307,318,336,348,157,157,157,157,157,23,53,53],"floor_reached":56,"playtime":1993,"items_purged":["Strike_B","Defend_B"],"score":1405,"play_id":"7f612b04-9e98-49c1-ac50-e48403f6ce04","local_time":"20201229223040","is_ascension_mode":true,"campfire_choices":[{"data":"Dualcast","floor":6.0,"key":"SMITH"},{"data":"Coolheaded","floor":8.0,"key":"SMITH"},{"data":"Rainbow","floor":15.0,"key":"SMITH"},{"data":"Zap","floor":23.0,"key":"SMITH"},{"data":"Recycle","floor":28.0,"key":"SMITH"},{"data":"Defragment","floor":32.0,"key":"SMITH"},{"data":"Fission","floor":41.0,"key":"SMITH"},{"data":"Chaos","floor":44.0,"key":"SMITH"},{"floor":49.0,"key":"RECALL"},{"data":"Coolheaded","floor":52.0,"key":"SMITH"}],"circlet_count":0,"master_deck":["Strike_B+1","Defend_B+1","Defend_B","Defend_B","Zap+1","Dualcast+1","Gash","Doom and Gloom","Gash","Rainbow+1","Coolheaded+1","Conserve Battery","Coolheaded+1","Cold Snap","Compile Driver","Self Repair+1","Recycle+1","Fission+1","Defragment+1","All For One","Echo Form","Chaos+1","Secret Technique","Redo+1","Gash","Glacier","Defragment+1","Capacitor+1","BootSequence+1","Capacitor","Heatsinks"],"relics":["Cracked Core","Potion Belt","MealTicket","Art of War","Nunchaku","Membership Card","Runic Pyramid","Red Mask","ClockworkSouvenir","Philosopher\u0027s Stone","Eternal Feather","Singing Bowl","Orrery","Runic Capacitor","Akabeko"],"acts_visited":["Exordium","TheCity","TheBeyond","TheEnding"],"potions_floor_usage":[55,55,55,55,55],"damage_taken":[{"damage":0.0,"enemies":"Small Slimes","floor":1.0,"turns":3.0},{"damage":2.0,"enemies":"Jaw Worm","floor":3.0,"turns":2.0},{"damage":12.0,"enemies":"Lagavulin","floor":7.0,"turns":4.0},{"damage":27.0,"enemies":"Gremlin Nob","floor":11.0,"turns":4.0},{"damage":0.0,"enemies":"2 Louse","floor":13.0,"turns":1.0},{"damage":0.0,"enemies":"Large Slime","floor":14.0,"turns":4.0},{"damage":19.0,"enemies":"Hexaghost","floor":16.0,"turns":9.0},{"damage":20.0,"enemies":"2 Thieves","floor":18.0,"turns":5.0},{"damage":25.0,"enemies":"Masked Bandits","floor":20.0,"turns":4.0},{"damage":30.0,"enemies":"3 Byrds","floor":22.0,"turns":4.0},{"damage":11.0,"enemies":"Snake Plant","floor":25.0,"turns":4.0},{"damage":2.0,"enemies":"Cultist and Chosen","floor":27.0,"turns":5.0},{"damage":0.0,"enemies":"Snecko","floor":30.0,"turns":4.0},{"damage":7.0,"enemies":"Sentry and Sphere","floor":31.0,"turns":5.0},{"damage":42.0,"enemies":"Champ","floor":33.0,"turns":8.0},{"damage":27.0,"enemies":"3 Darklings","floor":35.0,"turns":5.0},{"damage":6.0,"enemies":"Orb Walker","floor":37.0,"turns":4.0},{"damage":18.0,"enemies":"4 Shapes","floor":39.0,"turns":8.0},{"damage":48.0,"enemies":"Nemesis","floor":40.0,"turns":7.0},{"damage":21.0,"enemies":"Sphere and 2 Shapes","floor":42.0,"turns":7.0},{"damage":17.0,"enemies":"Spire Growth","floor":45.0,"turns":5.0},{"damage":12.0,"enemies":"Writhing Mass","floor":46.0,"turns":4.0},{"damage":9.0,"enemies":"Transient","floor":47.0,"turns":5.0},{"damage":18.0,"enemies":"Donu and Deca","floor":50.0,"turns":9.0},{"damage":28.0,"enemies":"Shield and Spear","floor":54.0,"turns":5.0},{"damage":54,"enemies":"The Heart","floor":55,"turns":9}],"seed_played":"5060240945914981864","potions_obtained":[{"floor":3.0,"key":"PowerPotion"},{"floor":11.0,"key":"Fire Potion"},{"floor":13.0,"key":"Strength Potion"},{"floor":22.0,"key":"LiquidMemories"},{"floor":25.0,"key":"EssenceOfSteel"},{"floor":31.0,"key":"LiquidBronze"},{"floor":37.0,"key":"FocusPotion"},{"floor":42.0,"key":"SkillPotion"},{"floor":46.0,"key":"Fire Potion"}],"is_trial":false,"path_per_floor":["M","?","M","T","?","R","E","R","T","?","E","$","M","M","R","B",null,"M","?","?","?","M","R","$","M","T","M","R","$","M","M","R","B",null,"M","?","M","?","M","E","R","M","T","R","M","M","M","$","R","B",null,"R","$","E","B",null],"character_chosen":"DEFECT","items_purchased":["Membership Card","Coolheaded","Fission","ClockworkSouvenir","Defragment","Orrery","Capacitor","ColorlessPotion","Heatsinks","Runic Capacitor","PowerPotion"],"campfire_rested":0,"item_purchase_floors":[12,12,29,29,29,48,48,48,53,53,53],"current_hp_per_floor":[75,60,58,58,58,58,46,46,46,46,19,34,34,34,34,15,60,40,40,25,85,65,65,80,79,79,85,85,85,85,85,85,53,77,60,60,64,85,85,47,62,51,51,66,59,59,70,91,93,85,91,93,93,77,33],"gold":53,"neow_bonus":"THREE_CARDS","is_daily":false,"chose_seed":false,"campfire_upgraded":9,"win_rate":0.0,"timestamp":1609248640,"path_taken":["M","?","M","?","?","R","E","R","T","?","E","$","M","M","R","BOSS","M","?","?","?","?","R","?","M","T","M","R","$","M","M","R","BOSS","M","?","M","?","M","E","R","M","T","R","?","M","M","?","R","BOSS","R","$","E","BOSS"],"items_purchased_type":["Relic","Card","Card","Relic","Card","Relic","Card","Potion","Card","Relic","Potion"],"build_version":"2020-12-22","purchased_purges":2,"victory":true,"max_hp_per_floor":[75,75,75,75,75,75,75,75,75,75,75,75,75,75,75,75,75,75,75,75,85,85,85,85,85,85,85,85,85,85,85,85,85,85,85,85,85,85,85,85,85,85,85,85,85,87,87,93,93,93,93,93,93,95,95],"relic_stats":{"Nunchaku":[25],"Singing Bowl":10,"counters":[26,134],"MealTicket":45,"Eternal Feather":34,"Art of War":[13],"obtain_stats":[{"Potion Belt":4,"Singing Bowl":43,"Eternal Feather":40,"Runic Capacitor":53,"Akabeko":54,"ClockworkSouvenir":29,"Nunchaku":11,"Orrery":48,"MealTicket":7,"Philosopher\u0027s Stone":34,"Art of War":9,"Red Mask":20,"Membership Card":12,"Cracked Core":0,"Runic Pyramid":17},{"Potion Belt":2,"Singing Bowl":20,"Eternal Feather":19,"Runic Capacitor":24,"Akabeko":25,"ClockworkSouvenir":12,"Nunchaku":4,"Orrery":23,"MealTicket":3,"Philosopher\u0027s Stone":15,"Art of War":3,"Red Mask":9,"Membership Card":4,"Cracked Core":0,"Runic Pyramid":7},{"Potion Belt":5,"Singing Bowl":97,"Eternal Feather":90,"Runic Capacitor":120,"Akabeko":125,"ClockworkSouvenir":49,"Nunchaku":13,"Orrery":111,"MealTicket":9,"Philosopher\u0027s Stone":66,"Art of War":9,"Red Mask":36,"Membership Card":13,"Cracked Core":0,"Runic Pyramid":27}]},"card_choices":[{"not_picked":["Steam","Reinforced Body"],"picked":"Gash","floor":0.0},{"not_picked":["Leap","Turbo"],"picked":"Doom and Gloom","floor":1.0},{"not_picked":["Leap","Go for the Eyes"],"picked":"Gash","floor":3.0},{"not_picked":["Go for the Eyes","Stack"],"picked":"Coolheaded","floor":7.0},{"not_picked":["Streamline","Barrage"],"picked":"Conserve Battery","floor":11.0},{"not_picked":["Stack","Aggregate"],"picked":"Cold Snap","floor":13.0},{"not_picked":["Beam Cell","Go for the Eyes"],"picked":"Compile Driver","floor":14.0},{"not_picked":["Machine Learning","All For One"],"picked":"Creative AI","floor":16.0},{"not_picked":["Streamline","White Noise"],"picked":"Self Repair+1","floor":18.0},{"not_picked":["Blizzard","Tempest","Consume+1"],"picked":"SKIP","floor":22.0},{"not_picked":["Conserve Battery+1","Aggregate"],"picked":"Recycle","floor":25.0},{"not_picked":["Reprogram+1","Sunder","Sweeping Beam"],"picked":"SKIP","floor":27.0},{"not_picked":["Streamline","Hologram","Cold Snap"],"picked":"SKIP","floor":30.0},{"not_picked":["Turbo+1","Conserve Battery"],"picked":"All For One","floor":31.0},{"not_picked":["Fission","Amplify"],"picked":"Echo Form","floor":33.0},{"not_picked":["Redo+1","Turbo"],"picked":"Chaos","floor":35.0},{"not_picked":["HandOfGreed","Deep Breath"],"picked":"Secret Technique","floor":36.0},{"not_picked":["Leap+1","BootSequence"],"picked":"Redo+1","floor":37.0},{"not_picked":["Scrape+1","Blizzard"],"picked":"Gash","floor":39.0},{"not_picked":["Coolheaded","Steam","Machine Learning"],"picked":"SKIP","floor":40.0},{"not_picked":["Reinforced Body+1","Rebound+1","Gash"],"picked":"SKIP","floor":42.0},{"not_picked":["Melter","Steam+1"],"picked":"Glacier","floor":45.0},{"not_picked":["Barrage+1","Stack","Auto Shields+1"],"picked":"Singing Bowl","floor":46.0},{"not_picked":["Chaos+1","Hologram+1"],"picked":"Defragment+1","floor":47.0},{"not_picked":["Glacier+1","Go for the Eyes","Cold Snap+1"],"picked":"Singing Bowl","floor":48.0},{"not_picked":["Steam Power","Ball Lightning+1","Meteor Strike"],"picked":"Singing Bowl","floor":48.0},{"not_picked":["Electrodynamics","Redo+1"],"picked":"Capacitor+1","floor":48.0},{"not_picked":["Scrape+1","Hyperbeam","Steam"],"picked":"Singing Bowl","floor":48.0},{"not_picked":["Sunder+1","Compile Driver"],"picked":"BootSequence+1","floor":48.0},{"not_picked":["Darkness+1","Gash","Compile Driver"],"picked":"Singing Bowl","floor":54.0}],"player_experience":1508765,"relics_obtained":[{"floor":4.0,"key":"Potion Belt"},{"floor":7.0,"key":"MealTicket"},{"floor":9.0,"key":"Art of War"},{"floor":11.0,"key":"Nunchaku"},{"floor":20.0,"key":"Red Mask"},{"floor":40.0,"key":"Eternal Feather"},{"floor":43.0,"key":"Singing Bowl"},{"floor":54.0,"key":"Akabeko"}],"event_choices":[{"damage_healed":0.0,"max_hp_gain":0.0,"max_hp_loss":0.0,"gold_gain":0.0,"event_name":"Shining Light","player_choice":"Entered Light","floor":2.0,"gold_loss":0.0,"damage_taken":15.0,"cards_upgraded":["Strike_B","Defend_B"]},{"damage_healed":0.0,"max_hp_gain":0.0,"max_hp_loss":0.0,"gold_gain":0.0,"cards_transformed":["Strike_B"],"event_name":"Living Wall","player_choice":"Change","floor":5.0,"gold_loss":0.0,"damage_taken":0.0,"cards_obtained":["Rainbow"]},{"cards_removed":["Strike_B"],"damage_healed":0.0,"max_hp_gain":0.0,"max_hp_loss":0.0,"gold_gain":0.0,"event_name":"The Cleric","player_choice":"Card Removal","floor":10.0,"gold_loss":50.0,"damage_taken":0.0},{"damage_healed":0.0,"max_hp_gain":0.0,"max_hp_loss":0.0,"gold_gain":0.0,"event_name":"Vampires","player_choice":"Ignored","floor":19.0,"gold_loss":0.0,"damage_taken":0.0},{"damage_healed":0.0,"max_hp_gain":0.0,"max_hp_loss":0.0,"gold_gain":0.0,"event_name":"Masked Bandits","player_choice":"Fought Bandits","floor":20.0,"gold_loss":0.0,"damage_taken":0.0},{"cards_removed":["Creative AI"],"damage_healed":50.0,"max_hp_gain":10.0,"max_hp_loss":0.0,"gold_gain":0.0,"event_name":"Bonfire Elementals","player_choice":"Offered Rare","floor":21.0,"gold_loss":0.0,"damage_taken":0.0},{"damage_healed":0.0,"max_hp_gain":0.0,"max_hp_loss":0.0,"gold_gain":0.0,"event_name":"SensoryStone","player_choice":"Memory 1","floor":36.0,"gold_loss":0.0,"damage_taken":0.0},{"damage_healed":21.0,"max_hp_gain":0.0,"max_hp_loss":0.0,"gold_gain":0.0,"event_name":"Wheel of Change","player_choice":"Full Heal","floor":38.0,"gold_loss":0.0,"damage_taken":0.0}],"is_beta":false,"boss_relics":[{"not_picked":["SacredBark","Nuclear Battery"],"picked":"Runic Pyramid"},{"not_picked":["Sozu","Calling Bell"],"picked":"Philosopher\u0027s Stone"}],"items_purged_floors":[24,48],"is_endless":false,"potions_floor_spawned":[3,11,13,22,25,31,33,37,42,46],"ascension_level":5}}