{"host":"jyuuog6ydc2s7nd8","time":1609264277,"event":{"mods":["BaseMod","Better Vampires","Minty Spire (QoL Compilation)","Shop Mod","StSLib","The Hierophant","The Servant 0.9.4","TheBandit","[IsaacMod]ÒÔÈö¼âËþ"],"gold_per_floor":[118,168,41,58,78,78,28,58,84,104,104,115,147,165,165,240,240,259,277,292,292,242,276,288,323,323,423,373,373,407,469,469,543,543,553,169,169,119,69,101,101,129,200,212,266,266,216,231,231,231,231,231,231,21,48,48],"floor_reached":57,"playtime":1672,"items_purged":["Strike_R","Strike_R","Strike_R","Strike_R","Defend_R","Feed","Battle Trance","Defend_R","Defend_R","Defend_R","Ghostly Armor"],"score":3677,"play_id":"6c1a7740-fdbf-42c2-b3dd-56dc181dc78b","local_time":"20201230015117","is_ascension_mode":true,"campfire_choices":[{"data":"Pommel Strike","floor":6.0,"key":"SMITH"},{"data":"Bash","floor":11.0,"key":"SMITH"},{"data":"Body Slam","floor":15.0,"key":"SMITH"},{"data":"True Grit","floor":32,"key":"SMITH"},{"data":"Power Through","floor":41,"key":"SMITH"},{"data":"Feel No Pain","floor":46,"key":"SMITH"},{"floor":49,"key":"RECALL"},{"data":"Second Wind","floor":53,"key":"SMITH"}],"circlet_count":0,"master_deck":["AscendersBane","Bash+1","Pommel Strike+1","Second Wind+1","Feel No Pain+1","Body Slam+1","Power Through+1","True Grit+1","Battle Trance+1"],"relics":["Burning Blood","HushsDoor","AnarchistCookbook","TheBible","Smiling Mask","BelialBook","TheBean","Akabeko","Busted Crown","GuppysCollar","TuHaoJin","BookOfRevelations","Gambling Chip","Shovel","Mummified Hand","Meat on the Bone","Philosopher\u0027s Stone","DeathBook","FossilizedHelix","StrikeDummy","Ancient Tea Set","Charon\u0027s Ashes","Anchor","Bag of Marbles"],"acts_visited":["Exordium","TheCity","TheBeyond","TheEnding"],"potions_floor_usage":[23,25,27,50,56],"damage_taken":[{"damage":7.0,"enemies":"Small Slimes","floor":1.0,"turns":4.0},{"damage":27.0,"enemies":"Hiden Room Battle","floor":2.0,"turns":3.0},{"damage":0.0,"enemies":"Cultist","floor":4.0,"turns":3.0},{"damage":0.0,"enemies":"2 Louse","floor":5.0,"turns":3.0},{"damage":0.0,"enemies":"Lagavulin","floor":8.0,"turns":3.0},{"damage":0.0,"enemies":"Exordium Wildlife","floor":10.0,"turns":3.0},{"damage":0.0,"enemies":"Looter","floor":12.0,"turns":2.0},{"damage":0.0,"enemies":"Gremlin Nob","floor":13.0,"turns":3.0},{"damage":0.0,"enemies":"2 Fungi Beasts","floor":14.0,"turns":3.0},{"damage":0.0,"enemies":"The Guardian","floor":16.0,"turns":4.0},{"damage":0,"enemies":"Spheric Guardian","floor":18,"turns":2},{"damage":0,"enemies":"2 Thieves","floor":19,"turns":3},{"damage":0,"enemies":"Snake Plant","floor":20,"turns":4},{"damage":0,"enemies":"Slavers","floor":23,"turns":4},{"damage":0,"enemies":"Shelled Parasite and Fungi","floor":24,"turns":2},{"damage":0,"enemies":"Gremlin Leader","floor":25,"turns":4},{"damage":0,"enemies":"Colosseum Slavers","floor":27,"turns":3},{"damage":0,"enemies":"Colosseum Nobs","floor":27,"turns":2},{"damage":15,"enemies":"Slavers","floor":30,"turns":4},{"damage":0,"enemies":"Champ","floor":33,"turns":4},{"damage":0,"enemies":"Orb Walker","floor":35,"turns":2},{"damage":0,"enemies":"Nemesis","floor":40,"turns":1},{"damage":0,"enemies":"Reptomancer","floor":42,"turns":1},{"damage":0,"enemies":"3 Shapes","floor":44,"turns":2},{"damage":0,"enemies":"2 Orb Walkers","floor":45,"turns":2},{"damage":0,"enemies":"Maw","floor":48,"turns":1},{"damage":0,"enemies":"Awakened One","floor":50,"turns":3},{"damage":0,"enemies":"Donu and Deca","floor":51,"turns":3},{"damage":0,"enemies":"Shield and Spear","floor":55,"turns":2},{"damage":0,"enemies":"The Heart","floor":56,"turns":5}],"seed_played":"782867691524756456","potions_obtained":[{"floor":2.0,"key":"BloodPotion"},{"floor":8.0,"key":"DuplicationPotion"},{"floor":13.0,"key":"BloodPotion"},{"floor":14.0,"key":"Energy Potion"},{"floor":19,"key":"BlessingOfTheForge"},{"floor":20,"key":"ColorlessPotion"},{"floor":25,"key":"SkillPotion"},{"floor":30,"key":"LiquidBronze"},{"floor":35,"key":"SkillPotion"},{"floor":40,"key":"Ancient Potion"}],"is_trial":false,"path_per_floor":["M","?","$","M","M","R","$","E","T","M","R","M","E","M","R","B",null,"M","M","M","?","$","E","M","E","T","?","$","?","E","?","R","B",null,"M","$","?","$","$","E","R","E","T","M","?","R","$","M","R","B","B",null,"R","$","E","B",null],"character_chosen":"IRONCLAD","items_purchased":["Second Wind","GuppysCollar","DeathBook","FossilizedHelix","Anchor"],"campfire_rested":0,"item_purchase_floors":[3,17,34,36,54],"current_hp_per_floor":[67,31,31,37,43,43,43,49,49,55,55,61,75,75,75,75,57,57,57,60,60,60,63,63,63,63,66,66,66,57,42,42,51,52,52,52,42,42,42,48,48,52,52,52,52,52,52,52,52,52,52,52,52,52,52,52],"gold":48,"neow_bonus":"REMOVE_CARD","is_daily":false,"chose_seed":false,"campfire_upgraded":7,"win_rate":0.0,"timestamp":1609264277,"path_taken":["M","?","$","M","M","R","?","E","T","M","R","M","E","M","R","BOSS","M","M","M","?","$","E","M","E","T","?","$","?","E","?","R","BOSS","M","$","?","?","$","E","R","E","T","M","?","R","?","?","R","BOSS","BOSS","R","$","E","BOSS"],"items_purchased_type":["Card","Relic","Relic","Relic","Relic"],"build_version":"2020-12-22","purchased_purges":11,"victory":true,"max_hp_per_floor":[75,75,75,75,75,75,75,75,75,75,75,75,75,75,75,75,57,57,57,60,60,60,63,63,63,63,66,66,66,66,66,66,69,52,52,52,52,52,52,52,52,52,52,52,52,52,52,52,52,52,52,52,52,52,52,52],"card_choices":[{"not_picked":["Flex","Reckless Charge","Dual Wield"],"picked":"SKIP","floor":1.0},{"not_picked":["Rage","True Grit"],"picked":"Pommel Strike","floor":2.0},{"not_picked":["Combust","Anger","Sword Boomerang"],"picked":"SKIP","floor":4.0},{"not_picked":["Twin Strike","Anger"],"picked":"Ghostly Armor","floor":5.0},{"not_picked":["Sword Boomerang","Whirlwind","Impervious"],"picked":"SKIP","floor":8.0},{"not_picked":["Thunderclap","Whirlwind"],"picked":"Battle Trance","floor":10.0},{"not_picked":["Pummel","Metallicize"],"picked":"Feel No Pain","floor":12.0},{"not_picked":["Bludgeon","Clash"],"picked":"Bomb","floor":13.0},{"not_picked":["Flame Barrier","Headbutt"],"picked":"Body Slam","floor":14.0},{"not_picked":["Exhume","Double Tap"],"picked":"Feed","floor":16.0},{"not_picked":["Feel No Pain"],"picked":"SKIP","floor":18},{"not_picked":["Combust"],"picked":"SKIP","floor":19},{"not_picked":["Sword Boomerang"],"picked":"SKIP","floor":20},{"not_picked":["Hemokinesis"],"picked":"SKIP","floor":23},{"not_picked":["Twin Strike"],"picked":"SKIP","floor":24},{"not_picked":[],"picked":"Power Through","floor":25},{"not_picked":["Hemokinesis"],"picked":"SKIP","floor":30},{"not_picked":["Battle Trance+1"],"picked":"SKIP","floor":35},{"not_picked":[],"picked":"Battle Trance+1","floor":35},{"not_picked":["Body Slam+1"],"picked":"SKIP","floor":40},{"not_picked":["Flex"],"picked":"SKIP","floor":42},{"not_picked":["Heavy Blade"],"picked":"SKIP","floor":44},{"not_picked":["Disarm"],"picked":"SKIP","floor":48},{"not_picked":["Intimidate+1"],"picked":"SKIP","floor":55}],"player_experience":1778004,"relics_obtained":[{"floor":2.0,"key":"TheBible"},{"floor":2.0,"key":"Smiling Mask"},{"floor":8.0,"key":"BelialBook"},{"floor":9.0,"key":"TheBean"},{"floor":13.0,"key":"Akabeko"},{"floor":23,"key":"TuHaoJin"},{"floor":25,"key":"BookOfRevelations"},{"floor":26,"key":"Gambling Chip"},{"floor":27,"key":"Shovel"},{"floor":27,"key":"Mummified Hand"},{"floor":30,"key":"Meat on the Bone"},{"floor":40,"key":"StrikeDummy"},{"floor":42,"key":"Ancient Tea Set"},{"floor":45,"key":"Charon\u0027s Ashes"},{"floor":55,"key":"Bag of Marbles"}],"event_choices":[{"damage_healed":0.0,"max_hp_gain":0.0,"max_hp_loss":0.0,"gold_gain":0.0,"event_name":"HidenRoomEvent","player_choice":"Fight","floor":2.0,"gold_loss":0.0,"damage_taken":0.0},{"damage_healed":0,"gold_gain":0,"player_choice":"Ignored","damage_taken":0,"max_hp_gain":0,"max_hp_loss":0,"event_name":"Ghosts","floor":21,"gold_loss":0},{"damage_healed":0,"gold_gain":0,"player_choice":"Fight","damage_taken":0,"max_hp_gain":0,"max_hp_loss":0,"event_name":"Colosseum","floor":27,"gold_loss":0},{"damage_healed":0,"gold_gain":0,"player_choice":"Fought Nobs","damage_taken":0,"max_hp_gain":0,"max_hp_loss":0,"event_name":"Colosseum","floor":27,"gold_loss":0},{"damage_healed":0,"gold_gain":0,"player_choice":"Read","damage_taken":0,"max_hp_gain":0,"max_hp_loss":0,"event_name":"The Library","floor":29,"gold_loss":0,"cards_obtained":["True Grit"]},{"damage_healed":0,"gold_gain":0,"player_choice":"Memory 3","damage_taken":10,"max_hp_gain":0,"max_hp_loss":0,"event_name":"SensoryStone","floor":37,"gold_loss":0},{"damage_healed":0,"gold_gain":0,"player_choice":"Fight","damage_taken":0,"max_hp_gain":0,"max_hp_loss":0,"event_name":"Mysterious Sphere","floor":45,"gold_loss":0}],"is_beta":false,"boss_relics":[{"not_picked":["MagicMushroom","Runic Dome"],"picked":"Busted Crown"},{"not_picked":[]},{"not_picked":["Fusion Hammer","Runic Pyramid"],"picked":"Philosopher\u0027s Stone"},{"not_picked":[]}],"items_purged_floors":[3,7,17,22,28,34,36,38,39,47,54],"is_endless":false,"potions_floor_spawned":[2,8,12,13,14,19,20,25,27,30,35,40],"ascension_level":20}}