{"host":"0nfdmr2b19ur4mbc","time":1609234197,"event":{"mods":["2.2 Compatiblity","AchievementEnabler","BaseMod","Better Match","Better Note","Better Third Choice","Better Vampires","Disable Question Mark Monsters","Hubris","Infinite Spire","Minty Spire (QoL Compilation)","Quick Restart","Rare Cards Sparkle","Replay The Spire","StSLib"],"gold_per_floor":[115,65,65,65,77,103,117,148,148,180,180,180,180,196,196,196,196,300,300,310,327,327,252,252,267,267,267,267,267,267],"floor_reached":29,"playtime":935,"items_purged":[],"score":317,"play_id":"b0b1e01c-6a3b-42fd-938a-120683045880","local_time":"20201229102957","is_ascension_mode":true,"campfire_choices":[{"floor":11,"key":"REST"},{"data":"Exhume","floor":13,"key":"SMITH"}],"circlet_count":0,"master_deck":["Strike_R","Strike_R","Strike_R","Strike_R","Defend_R","Defend_R","Defend_R","Bash","Cleave","Perfected Strike","Flex","Exhume+1","Anger","Demon Form","Sever Soul","Shockwave+1"],"relics":["Burning Blood","NeowsBlessing","hubris:Towel","Omamori","Lantern","Tiny Chest","hubris:Spice","Snecko Eye","betterThird:NestCultRelic","Chemical X","hubris:PeanutButter"],"acts_visited":["Exordium","TheCity"],"potions_floor_usage":[10,18,18,25,29],"damage_taken":[{"damage":0,"enemies":"2 Louse","floor":1,"turns":1},{"damage":0,"enemies":"Small Slimes","floor":5,"turns":1},{"damage":0,"enemies":"Lagavulin","floor":6,"turns":1},{"damage":0,"enemies":"Cultist","floor":7,"turns":2},{"damage":41,"enemies":"Gremlin Nob","floor":8,"turns":5},{"damage":35,"enemies":"3 Sentries","floor":10,"turns":7},{"damage":13,"enemies":"Red Slaver","floor":14,"turns":3},{"damage":37,"enemies":"Hexaghost","floor":18,"turns":9},{"damage":24,"enemies":"Spheric Guardian","floor":20,"turns":4},{"damage":37,"enemies":"Shell Parasite","floor":21,"turns":4},{"damage":24,"enemies":"Centurion and Healer","floor":25,"turns":6},{"damage":21,"enemies":"Replay:Snechameleon","floor":29,"turns":4}],"seed_played":"-7015030657985013556","potions_obtained":[{"floor":1,"key":"SkillPotion"},{"floor":6,"key":"GamblersBrew"},{"floor":10,"key":"Flashbang"},{"floor":14,"key":"Block Potion"},{"floor":21,"key":"AttackPotion"},{"floor":25,"key":"Flashbang"}],"is_trial":false,"path_per_floor":["M","?","?","?","M","E","M","E","T","E","R","$","R","M","PTL","PTL","R","B",null,"M","M","?","?","AVR","M","PTL","PTL","T","E"],"character_chosen":"IRONCLAD","items_purchased":[],"campfire_rested":1,"item_purchase_floors":[],"current_hp_per_floor":[80,80,80,80,80,80,80,45,45,24,50,50,50,43,43,43,43,12,88,70,39,39,39,39,21,21,21,21,0,0],"gold":267,"neow_bonus":"THREE_ENEMY_KILL","is_daily":false,"chose_seed":false,"campfire_upgraded":1,"win_rate":0.0,"timestamp":1609234197,"path_taken":["M","?","?","?","M","E","M","E","T","E","R","$","R","M","PTL","PTL","R","BOSS","M","?","?","?","AVR","M","PTL","PTL","?","E"],"items_purchased_type":[],"build_version":"2020-12-22","purchased_purges":0,"victory":false,"max_hp_per_floor":[80,80,80,80,80,80,80,80,80,88,88,88,88,88,88,88,88,88,88,88,88,88,88,88,88,88,88,88,88,88],"card_choices":[{"not_picked":["Whirlwind","Wild Strike"],"picked":"hubris:ReadiedAction","floor":1},{"not_picked":["Headbutt","Replay:Undeath\u0027s Touch"],"picked":"Cleave","floor":5},{"not_picked":["Flame Barrier","Dual Wield"],"picked":"Perfected Strike","floor":6},{"not_picked":["Infernal Blade","Feel No Pain"],"picked":"Body Slam","floor":7},{"not_picked":["Abandon","Sword Boomerang"],"picked":"Flex","floor":8},{"not_picked":["ReplayReversal","Clash"],"picked":"Exhume","floor":10},{"not_picked":["Havoc","Run Through","Twin Strike"],"picked":"SKIP","floor":14},{"not_picked":["Havoc","Run Through","Twin Strike"],"picked":"SKIP","floor":14},{"not_picked":["Barricade","Double Tap"],"picked":"Demon Form","floor":18},{"not_picked":["Battle Trance+1","Dropkick+1"],"picked":"Sever Soul","floor":20},{"not_picked":["Anger","Cleave","True Grit"],"picked":"SKIP","floor":21},{"not_picked":["ReplayTheSpireMod:Corrosion Curse","Rupture"],"picked":"Shockwave+1","floor":25}],"player_experience":120246,"relics_obtained":[{"floor":6,"key":"Omamori"},{"floor":8,"key":"Lantern"},{"floor":9,"key":"Tiny Chest"},{"floor":10,"key":"hubris:Spice"},{"floor":28,"key":"hubris:PeanutButter"}],"event_choices":[{"cards_removed":["Defend_R"],"damage_healed":0,"gold_gain":0,"player_choice":"Card Removal","damage_taken":0,"max_hp_gain":0,"max_hp_loss":0,"event_name":"The Cleric","floor":2,"gold_loss":50},{"cards_removed":["Strike_R"],"damage_healed":0,"gold_gain":0,"player_choice":"Offered Basic","damage_taken":0,"max_hp_gain":0,"max_hp_loss":0,"event_name":"Bonfire Elementals","floor":4,"gold_loss":0},{"damage_healed":0,"gold_gain":0,"cards_transformed":["Body Slam"],"player_choice":"Transformed","damage_taken":0,"max_hp_gain":0,"max_hp_loss":0,"event_name":"Transmorgrifier","floor":17,"gold_loss":0,"cards_obtained":["Anger"]},{"damage_healed":0,"gold_gain":0,"player_choice":"Madness","damage_taken":0,"relics_obtained":["betterThird:NestCultRelic"],"max_hp_gain":0,"max_hp_loss":0,"event_name":"betterThird:BetterNest","floor":22,"gold_loss":0},{"cards_removed":["hubris:ReadiedAction"],"damage_healed":0,"gold_gain":0,"player_choice":"Gave Gold","damage_taken":0,"max_hp_gain":0,"max_hp_loss":0,"event_name":"Beggar","floor":23,"gold_loss":75}],"is_beta":false,"boss_relics":[{"not_picked":["Runic Cube","hubris:VirtuousBlindfold"],"picked":"Snecko Eye"}],"items_purged_floors":[],"is_endless":false,"potions_floor_spawned":[1,6,10,14,21,25],"killed_by":"Replay:Snechameleon","ascension_level":4}}