{"host":"appz8zkad29u9482","time":1609283322,"event":{"mods":["2.2 Compatiblity","Act Like it!","Aspiration","BaseMod","Better Altar","Better Match","Better Note","Better Skull","Better Third Choice","BetterRewards","CapriCore","Chen","Conspire","Disable Question Mark Monsters","Energized Spire","Gensokyo","GifTheSpireLib","Gold Saver","Halation","Hermit","Hubris","Infinite Spire","Jedi Mod","Marisa????????","Minty Spire (QoL Compilation)","Permanent Neow","Reimu??????","Replay The Spire","Spicy Shops","StSLib","Strawberry Spire","Stuff the Spire","The Immortal","The Servant 0.9.4","Yakumo Yukari mod","yUi"],"gold_per_floor":[767,767,607,323,39,39,53,78,78,103,116,136,61,175,175,175,175],"floor_reached":16,"playtime":1919,"items_purged":[],"score":133,"play_id":"3014d2d6-3bd1-4015-8261-813b3e7c7a5f","local_time":"20201229130842","is_ascension_mode":false,"campfire_choices":[{"data":"Moondial","floor":6,"key":"SMITH"},{"floor":15,"key":"REST"}],"circlet_count":0,"master_deck":["Strike_S","Strike_S","Strike_S","Strike_S","Defend_S","Defend_S","Defend_S","Defend_S","KidneyShot","Exchange+1","Delirium","Alleviate","Moondial+1","RealityMarble","RealityMarble","Foresight","MurderousAura","SurpressingFire","BestPractice","Rearm","BestPractice+1"],"relics":["Uniform","Ring of Fangs","Ring of Peace","Gensokyo:PortableGap","Nilry\u0027s Codex","StuffTheSpire:Saxophone","Strange Spoon","aspiration:TomeofQuesting","Bronze Scales","strawberrySpire:BonfireDress","StuffTheSpire:Gunfinga"],"acts_visited":["Gensokyo:Gensokyo"],"potions_floor_usage":[16],"damage_taken":[{"damage":10,"enemies":"Gensokyo:3_Fairies","floor":1,"turns":9},{"damage":2,"enemies":"Gensokyo:2_Kodama","floor":7,"turns":5},{"damage":0,"enemies":"Gensokyo:Mamizou","floor":8,"turns":10},{"damage":8,"enemies":"Gensokyo:Aya","floor":10,"turns":10},{"damage":6,"enemies":"Gensokyo:Python","floor":11,"turns":5},{"damage":6,"enemies":"Gensokyo:VengefulSpirit","floor":12,"turns":5},{"damage":25,"enemies":"Gensokyo:Yukari","floor":16,"turns":6}],"seed_played":"7290579462577416822","potions_obtained":[{"floor":11,"key":"Elixir"},{"floor":12,"key":"AttackPotion"}],"is_trial":false,"path_per_floor":["M","?","?","COS","$","R","M","E","T","E","M","M","?","?","R","B"],"character_chosen":"THE_SERVANT","items_purchased":["Strange Spoon","Moondial","RealityMarble"],"campfire_rested":1,"item_purchase_floors":[5,5,5],"current_hp_per_floor":[55,55,55,55,55,55,53,53,53,45,39,33,33,4,20,0,0],"gold":175,"neow_bonus":"RANDOM_EVENT","is_daily":false,"chose_seed":false,"campfire_upgraded":1,"win_rate":0.0,"timestamp":1609283322,"path_taken":["M","?","?","COS","$","R","M","E","T","E","M","M","?","?","R","BOSS"],"items_purchased_type":["Relic","Card","Card"],"build_version":"2020-12-22","purchased_purges":0,"victory":false,"max_hp_per_floor":[65,59,59,56,56,56,56,56,56,56,56,56,56,56,56,56,56],"card_choices":[{"not_picked":["ShiftingGears","Advance"],"picked":"Alleviate","floor":1},{"not_picked":["Alleviate","Rearm"],"picked":"Foresight","floor":7},{"not_picked":["KillingDoll","ForgedInTime"],"picked":"MurderousAura","floor":8},{"not_picked":["Shuttle","Potential"],"picked":"SurpressingFire","floor":8},{"not_picked":["ShatteredReality","Defy"],"picked":"BestPractice","floor":10},{"not_picked":["Revamp","Rewind","ShatteredReality"],"picked":"SKIP","floor":11},{"not_picked":["Ricochet","Misdirection"],"picked":"Rearm","floor":12},{"not_picked":["Contraction+1","Moondial+1"],"picked":"BestPractice+1","floor":13}],"player_experience":381172,"relics_obtained":[{"floor":0,"key":"Ring of Fangs"},{"floor":0,"key":"Ring of Peace"},{"floor":8,"key":"aspiration:TomeofQuesting"},{"floor":10,"key":"Bronze Scales"}],"event_choices":[{"damage_healed":0,"gold_gain":0,"player_choice":"2","damage_taken":0,"max_hp_gain":0,"max_hp_loss":0,"event_name":"betterMatch:BetterMatch","floor":13,"gold_loss":0,"cards_obtained":["betterMatch:UncommonCard"]},{"damage_healed":0,"gold_gain":114,"player_choice":"UP RE GO ","damage_taken":34,"relics_obtained":["StuffTheSpire:Gunfinga"],"max_hp_gain":0,"max_hp_loss":0,"event_name":"betterSkull:BetterSkull","floor":14,"gold_loss":0,"cards_upgraded":["Exchange"]}],"is_beta":false,"boss_relics":[],"items_purged_floors":[],"is_endless":false,"potions_floor_spawned":[11,12],"killed_by":"Gensokyo:Yukari","ascension_level":0}}