{"host":"ec09novo68szpe7d","time":1609270815,"event":{"mods":["AchievementEnabler","BaseMod","Bestiary","Minty Spire (QoL Compilation)","StSLib"],"gold_per_floor":[119,132,142,92,102,134,10,43,67,67,67,67,92,112,112,210,210,224,224,323,341,341,373,373,400,400,418,518,518,533,49,49,150,150,170,189,189,237,257,289,323,0,23,52,52,52,52,68,68,68,68,68,20,48,48,48],"floor_reached":55,"playtime":3575,"items_purged":["Strike_G","Strike_G","Defend_G+1"],"score":1208,"play_id":"d9678a01-f498-40be-8e82-fd4dcc513607","local_time":"20201229204015","is_ascension_mode":true,"campfire_choices":[{"data":"Cloak And Dagger","floor":12.0,"key":"SMITH"},{"data":"Cloak And Dagger","floor":15.0,"key":"SMITH"},{"data":"Ghostly","floor":24.0,"key":"SMITH"},{"data":"Ghostly","floor":29.0,"key":"SMITH"},{"data":"Ghostly","floor":32.0,"key":"SMITH"},{"data":"Metamorphosis","floor":46.0,"key":"SMITH"},{"floor":49.0,"key":"RECALL"},{"data":"Madness","floor":52.0,"key":"SMITH"}],"circlet_count":0,"master_deck":["Strike_G+1","Strike_G+1","Defend_G+1","Defend_G+1","Defend_G+1","Defend_G+1","Survivor+1","Neutralize+1","Finisher+1","PiercingWail+1","Storm of Steel+1","Cloak And Dagger+1","Leg Sweep+1","Cloak And Dagger+1","Malaise+1","Prepared+1","Ghostly+1","Ghostly+1","Ghostly+1","Ghostly+1","Ghostly+1","Blade Dance+1","After Image+1","Cloak And Dagger+1","Predator+1","Prepared+1","Phantasmal Killer+1","Backstab+1","Blade Dance+1","Backflip","Slice","Metamorphosis+1","Madness+1","Madness"],"relics":["WristBlade","Snake Skull","Orichalcum","PreservedInsect","Lantern","SlaversCollar","Nilry\u0027s Codex","Whetstone","MealTicket","Shuriken","WingedGreaves","Sundial","Bottled Lightning","Bag of Preparation","Philosopher\u0027s Stone","Mark of the Bloom","CaptainsWheel","Pen Nib","Meat on the Bone","HandDrill","Toy Ornithopter","Pantograph"],"acts_visited":["Exordium","TheCity","TheBeyond","TheEnding"],"potions_floor_usage":[55,55,55],"damage_taken":[{"damage":0.0,"enemies":"2 Louse","floor":1.0,"turns":3.0},{"damage":0.0,"enemies":"Small Slimes","floor":2.0,"turns":3.0},{"damage":2.0,"enemies":"Jaw Worm","floor":3.0,"turns":4.0},{"damage":3.0,"enemies":"Blue Slaver","floor":5.0,"turns":5.0},{"damage":24.0,"enemies":"Gremlin Nob","floor":6.0,"turns":4.0},{"damage":26.0,"enemies":"3 Sentries","floor":8.0,"turns":11.0},{"damage":0.0,"enemies":"Gremlin Nob","floor":13.0,"turns":3.0},{"damage":0.0,"enemies":"2 Fungi Beasts","floor":14.0,"turns":3.0},{"damage":26.0,"enemies":"The Guardian","floor":16.0,"turns":14.0},{"damage":14.0,"enemies":"Chosen","floor":18.0,"turns":9.0},{"damage":16.0,"enemies":"3 Byrds","floor":21.0,"turns":7.0},{"damage":0.0,"enemies":"Book of Stabbing","floor":23.0,"turns":6.0},{"damage":0.0,"enemies":"Slavers","floor":25.0,"turns":6.0},{"damage":6.0,"enemies":"3 Cultists","floor":27.0,"turns":6.0},{"damage":1.0,"enemies":"Colosseum Slavers","floor":28.0,"turns":5.0},{"damage":0.0,"enemies":"Colosseum Nobs","floor":28.0,"turns":5.0},{"damage":0.0,"enemies":"Snake Plant","floor":30.0,"turns":5.0},{"damage":0.0,"enemies":"Automaton","floor":33.0,"turns":9.0},{"damage":0.0,"enemies":"3 Darklings","floor":35.0,"turns":4.0},{"damage":0.0,"enemies":"3 Shapes","floor":36.0,"turns":2.0},{"damage":0.0,"enemies":"2 Orb Walkers","floor":38.0,"turns":4.0},{"damage":0.0,"enemies":"Writhing Mass","floor":39.0,"turns":2.0},{"damage":0.0,"enemies":"Giant Head","floor":40.0,"turns":4.0},{"damage":0.0,"enemies":"Reptomancer","floor":41.0,"turns":3.0},{"damage":0.0,"enemies":"Nemesis","floor":44.0,"turns":5.0},{"damage":0.0,"enemies":"Transient","floor":48.0,"turns":5.0},{"damage":13.0,"enemies":"Donu and Deca","floor":50.0,"turns":6.0},{"damage":0.0,"enemies":"Shield and Spear","floor":54.0,"turns":4.0},{"damage":18,"enemies":"The Heart","floor":55,"turns":5}],"seed_played":"8711637661839353915","potions_obtained":[{"floor":1.0,"key":"FearPotion"},{"floor":2.0,"key":"Fire Potion"},{"floor":5.0,"key":"Weak Potion"},{"floor":14.0,"key":"Weak Potion"},{"floor":18.0,"key":"Weak Potion"},{"floor":27.0,"key":"Strength Potion"},{"floor":30.0,"key":"ColorlessPotion"},{"floor":33.0,"key":"FearPotion"},{"floor":36.0,"key":"CunningPotion"},{"floor":38.0,"key":"PowerPotion"},{"floor":44.0,"key":"CunningPotion"}],"is_trial":false,"path_per_floor":["M","M","M","?","M","E","$","E","T","?","?","R","E","M","R","B",null,"M","?","?","M","?","E","R","E","T","M","?","R","M","$","R","B",null,"M","M","?","?","M","E","E","$","T","E","?","R","?","M","R","B",null,"R","$","E","B"],"character_chosen":"THE_SILENT","items_purchased":["Cloak And Dagger","Bottled Lightning","Bag of Preparation","HandDrill","Slice","PowerPotion"],"campfire_rested":0,"item_purchase_floors":[7,31,31,42,42,53],"current_hp_per_floor":[70,70,68,68,65,41,41,15,15,15,38,38,38,38,38,12,70,56,40,40,24,24,24,24,24,24,18,17,17,17,32,32,32,35,35,35,35,35,35,35,35,35,35,35,35,35,31,31,31,18,18,18,18,18,0,0],"gold":48,"neow_bonus":"BOSS_RELIC","is_daily":false,"chose_seed":false,"campfire_upgraded":7,"win_rate":0.0,"timestamp":1609270815,"path_taken":["M","M","M","?","M","E","$","E","T","?","?","R","E","M","R","BOSS","M","?","?","M","?","E","R","E","T","M","?","R","M","$","R","BOSS","M","M","?","?","M","E","E","$","T","E","?","R","?","M","R","BOSS","R","$","E","BOSS"],"items_purchased_type":["Card","Relic","Relic","Relic","Card","Potion"],"build_version":"2020-12-22","purchased_purges":3,"victory":false,"max_hp_per_floor":[70,70,70,70,70,70,70,70,70,70,70,70,70,70,70,70,70,70,70,70,70,35,35,35,35,35,35,35,35,35,35,35,35,35,35,35,35,35,35,35,35,35,35,35,35,35,35,35,35,35,35,35,35,35,35,35],"card_choices":[{"not_picked":["Skewer","Distraction"],"picked":"Finisher","floor":1.0},{"not_picked":["Riddle With Holes","Dagger Throw","Deadly Poison"],"picked":"SKIP","floor":2.0},{"not_picked":["Dagger Throw","Predator","Outmaneuver"],"picked":"SKIP","floor":3.0},{"not_picked":["Caltrops","Calculated Gamble"],"picked":"PiercingWail","floor":5.0},{"not_picked":["Eviscerate","Slice"],"picked":"Storm of Steel","floor":6.0},{"not_picked":["Flechettes","Flying Knee"],"picked":"Leg Sweep","floor":8.0},{"not_picked":["After Image","PiercingWail"],"picked":"Cloak And Dagger","floor":13.0},{"not_picked":["Flying Knee","Flechettes","Poisoned Stab"],"picked":"SKIP","floor":14.0},{"not_picked":["Grand Finale","Doppelganger"],"picked":"Malaise","floor":16.0},{"not_picked":["Tactician+1","Footwork"],"picked":"Prepared","floor":18.0},{"not_picked":["Flying Knee","Underhanded Strike","Poisoned Stab"],"picked":"SKIP","floor":21.0},{"not_picked":["Heel Hook+1","Dagger Throw"],"picked":"Blade Dance+1","floor":23.0},{"not_picked":["Terror+1","Riddle With Holes"],"picked":"After Image","floor":25.0},{"not_picked":["Quick Slash+1","Prepared+1"],"picked":"Cloak And Dagger","floor":27.0},{"not_picked":["Quick Slash","Dodge and Roll"],"picked":"Predator+1","floor":28.0},{"not_picked":["Skewer","Acrobatics"],"picked":"Prepared","floor":30.0},{"not_picked":["Venomology","Unload"],"picked":"Phantasmal Killer","floor":33.0},{"not_picked":["Flying Knee+1","Poisoned Stab+1"],"picked":"Backstab+1","floor":35.0},{"not_picked":["Expertise+1","Dagger Throw+1"],"picked":"Blade Dance","floor":36.0},{"not_picked":["Concentrate+1","Finisher","Quick Slash"],"picked":"SKIP","floor":39.0},{"not_picked":["Deadly Poison+1","Storm of Steel","Sucker Punch+1"],"picked":"SKIP","floor":40.0},{"not_picked":["Quick Slash+1","Deadly Poison+1"],"picked":"Backflip","floor":41.0},{"not_picked":["Quick Slash","Backflip","Underhanded Strike+1"],"picked":"SKIP","floor":44.0},{"not_picked":["Jack Of All Trades","Discovery"],"picked":"Metamorphosis","floor":45.0},{"not_picked":["Acrobatics+1","Poisoned Stab+1","Deflect"],"picked":"SKIP","floor":48.0},{"not_picked":["Deadly Poison+1","Caltrops+1","Venomology"],"picked":"SKIP","floor":54.0}],"player_experience":228795,"relics_obtained":[{"floor":6.0,"key":"Snake Skull"},{"floor":8.0,"key":"Orichalcum"},{"floor":9.0,"key":"PreservedInsect"},{"floor":13.0,"key":"Lantern"},{"floor":19.0,"key":"Nilry\u0027s Codex"},{"floor":23.0,"key":"Whetstone"},{"floor":25.0,"key":"MealTicket"},{"floor":26.0,"key":"Shuriken"},{"floor":28.0,"key":"WingedGreaves"},{"floor":28.0,"key":"Sundial"},{"floor":38.0,"key":"CaptainsWheel"},{"floor":40.0,"key":"Pen Nib"},{"floor":41.0,"key":"Meat on the Bone"},{"floor":44.0,"key":"Toy Ornithopter"},{"floor":54.0,"key":"Pantograph"}],"event_choices":[{"cards_removed":["Strike_G"],"damage_healed":0.0,"max_hp_gain":0.0,"max_hp_loss":0.0,"gold_gain":0.0,"event_name":"The Cleric","player_choice":"Card Removal","floor":4.0,"gold_loss":50.0,"damage_taken":0.0},{"damage_healed":0.0,"max_hp_gain":0.0,"max_hp_loss":0.0,"gold_gain":0.0,"event_name":"Golden Wing","player_choice":"Ignored","floor":10.0,"gold_loss":0.0,"damage_taken":0.0},{"damage_healed":23.0,"max_hp_gain":0.0,"max_hp_loss":0.0,"gold_gain":0.0,"event_name":"Big Fish","player_choice":"Banana","floor":11.0,"gold_loss":0.0,"damage_taken":0.0},{"damage_healed":0.0,"max_hp_gain":0.0,"max_hp_loss":0.0,"gold_gain":0.0,"event_name":"Cursed Tome","player_choice":"Obtained Book","floor":19.0,"gold_loss":0.0,"damage_taken":16.0},{"damage_healed":0.0,"max_hp_gain":0.0,"max_hp_loss":0.0,"gold_gain":99.0,"event_name":"Nest","player_choice":"Stole From Cult","floor":20.0,"gold_loss":0.0,"damage_taken":0.0},{"damage_healed":0.0,"max_hp_gain":0.0,"max_hp_loss":35.0,"gold_gain":0.0,"event_name":"Ghosts","player_choice":"Became a Ghost","floor":22.0,"gold_loss":0.0,"damage_taken":0.0,"cards_obtained":["Ghostly","Ghostly","Ghostly","Ghostly","Ghostly"]},{"damage_healed":0.0,"max_hp_gain":0.0,"max_hp_loss":0.0,"gold_gain":0.0,"event_name":"Colosseum","player_choice":"Fight","floor":28.0,"gold_loss":0.0,"damage_taken":0.0},{"damage_healed":0.0,"max_hp_gain":0.0,"max_hp_loss":0.0,"gold_gain":0.0,"event_name":"Colosseum","player_choice":"Fought Nobs","floor":28.0,"gold_loss":0.0,"damage_taken":0.0},{"damage_healed":0.0,"max_hp_gain":0.0,"max_hp_loss":0.0,"gold_gain":0.0,"event_name":"MindBloom","player_choice":"Upgrade","floor":37.0,"gold_loss":0.0,"damage_taken":0.0,"cards_upgraded":["Strike_G","Defend_G","Defend_G","Defend_G","Defend_G","Defend_G","Survivor","Neutralize","PiercingWail","Storm of Steel","Leg Sweep","Malaise","Prepared","Ghostly","Ghostly","After Image","Cloak And Dagger","Prepared","Phantasmal Killer","Blade Dance"],"relics_obtained":["Mark of the Bloom"]},{"damage_healed":0.0,"max_hp_gain":0.0,"max_hp_loss":0.0,"gold_gain":0.0,"event_name":"Mysterious Sphere","player_choice":"Fight","floor":38.0,"gold_loss":0.0,"damage_taken":0.0},{"damage_healed":0.0,"max_hp_gain":0.0,"max_hp_loss":0.0,"gold_gain":0.0,"event_name":"SensoryStone","player_choice":"Memory 1","floor":45.0,"gold_loss":0.0,"damage_taken":0.0},{"damage_healed":0.0,"max_hp_gain":0.0,"max_hp_loss":0.0,"gold_gain":0.0,"event_name":"Winding Halls","player_choice":"Embrace Madness","floor":47.0,"gold_loss":0.0,"damage_taken":4.0,"cards_obtained":["Madness","Madness"]}],"is_beta":false,"boss_relics":[{"not_picked":["Fusion Hammer","Busted Crown"],"picked":"SlaversCollar"},{"not_picked":["Calling Bell","Astrolabe"],"picked":"Philosopher\u0027s Stone"}],"items_purged_floors":[7,31,42],"is_endless":false,"potions_floor_spawned":[1,2,5,14,18,27,30,33,36,38,39,44,54],"killed_by":"The Heart","ascension_level":4}}