{"host":"fxrgx7wt2cpkbhka","time":1609236599,"event":{"mods":["AchievementEnabler","BaseMod","Colored Powertips","Minty Spire (QoL Compilation)","Permanent Neow","Slay-I","StSLib","Waifu the Spire"],"gold_per_floor":[115,134,34,50,50,50,3,32,56,56,69,69,33,45,45,147,147,167,95,45,63,83,83,13,13,313,228,238,238,250,270,270,373,373,389,407,9,28,45,73,92,92,92,92,59,70,70,87,87,87,87,87,18,51,51,51],"floor_reached":55,"playtime":3246,"items_purged":[],"score":1031,"play_id":"e3f32433-bec4-44ea-a0a4-011e6447d237","local_time":"20201229020959","is_ascension_mode":true,"campfire_choices":[{"data":"Backstab","floor":6,"key":"SMITH"},{"floor":10,"key":"REST"},{"data":"Footwork","floor":15,"key":"SMITH"},{"data":"Footwork","floor":23,"key":"SMITH"},{"data":"Leg Sweep","floor":25,"key":"SMITH"},{"data":"Backstab","floor":29,"key":"SMITH"},{"floor":32,"key":"REST"},{"data":"Footwork","floor":44,"key":"SMITH"},{"floor":47,"key":"RECALL"},{"data":"After Image","floor":49,"key":"SMITH"},{"data":"Footwork","floor":52,"key":"SMITH"}],"circlet_count":0,"master_deck":["Strike_G","Strike_G","Strike_G","Strike_G","Strike_G","Defend_G","Defend_G","Defend_G","Defend_G","Defend_G","Survivor","Neutralize","Glass Knife","Deadly Poison","Sucker Punch","Noxious Fumes+1","Dagger Spray","Backstab+1","Poisoned Stab","Backstab+1","Footwork+1","Backflip","Leg Sweep+1","Footwork+1","Dodge and Roll+1","Blur","Caltrops","After Image+1","CurseOfTheBell","Masterful Stab","Dodge and Roll","Dodge and Roll+1","Footwork+1","Footwork+1","Backflip+1","Leg Sweep"],"relics":["Ring of the Snake","Potion Belt","Smiling Mask","Velvet Choker","Old Coin","Akabeko","Calling Bell","Lantern","InkBottle","Calipers","Oddly Smooth Stone","Singing Bowl","Bag of Preparation","White Beast Statue"],"acts_visited":["Exordium","TheCity","TheBeyond","TheEnding"],"potions_floor_usage":[21,31,33,33,33,33,33,40,40,41,50,55,55,55,55],"damage_taken":[{"damage":0,"enemies":"2 Louse","floor":1,"turns":3},{"damage":0,"enemies":"Cultist","floor":2,"turns":4},{"damage":4,"enemies":"Small Slimes","floor":4,"turns":3},{"damage":25,"enemies":"Lagavulin","floor":8,"turns":5},{"damage":1,"enemies":"Exordium Wildlife","floor":11,"turns":3},{"damage":2,"enemies":"Large Slime","floor":14,"turns":5},{"damage":0,"enemies":"The Guardian","floor":16,"turns":10},{"damage":0,"enemies":"3 Byrds","floor":18,"turns":5},{"damage":8,"enemies":"2 Thieves","floor":21,"turns":4},{"damage":12,"enemies":"Shelled Parasite and Fungi","floor":22,"turns":6},{"damage":4,"enemies":"Chosen and Byrds","floor":28,"turns":7},{"damage":11,"enemies":"Centurion and Healer","floor":30,"turns":8},{"damage":14,"enemies":"3 Cultists","floor":31,"turns":7},{"damage":17,"enemies":"Automaton","floor":33,"turns":10},{"damage":17,"enemies":"3 Darklings","floor":35,"turns":11},{"damage":11,"enemies":"Orb Walker","floor":36,"turns":4},{"damage":0,"enemies":"Maw","floor":38,"turns":10},{"damage":4,"enemies":"Sphere and 2 Shapes","floor":39,"turns":7},{"damage":9,"enemies":"Nemesis","floor":40,"turns":11},{"damage":0,"enemies":"Transient","floor":41,"turns":5},{"damage":6,"enemies":"Spire Growth","floor":46,"turns":8},{"damage":0,"enemies":"Maw","floor":48,"turns":10},{"damage":18,"enemies":"Awakened One","floor":50,"turns":31},{"damage":51,"enemies":"Shield and Spear","floor":54,"turns":13},{"damage":40,"enemies":"The Heart","floor":55,"turns":14}],"seed_played":"-2247738994351569766","potions_obtained":[{"floor":1,"key":"SpeedPotion"},{"floor":2,"key":"SkillPotion"},{"floor":14,"key":"SteroidPotion"},{"floor":16,"key":"EntropicBrew"},{"floor":21,"key":"Ancient Potion"},{"floor":22,"key":"PowerPotion"},{"floor":31,"key":"BlessingOfTheForge"},{"floor":33,"key":"Dexterity Potion"},{"floor":40,"key":"AttackPotion"},{"floor":41,"key":"GhostInAJar"},{"floor":46,"key":"AttackPotion"}],"is_trial":false,"path_per_floor":["M","M","$","M","?","R","$","E","T","R","M","?","$","M","R","B",null,"M","$","?","M","M","R","$","R","T","?","M","R","M","M","R","B",null,"M","M","$","M","M","E","M","?","T","R","$","M","R","M","R","B",null,"R","$","E","B"],"character_chosen":"THE_SILENT","items_purchased":["Noxious Fumes","Dagger Spray","Poisoned Stab","Footwork","Footwork","Blur","Oddly Smooth Stone","Singing Bowl","Footwork","Leg Sweep"],"campfire_rested":2,"item_purchase_floors":[3,3,7,13,19,24,37,37,45,53],"current_hp_per_floor":[63,63,63,59,52,52,52,27,27,48,47,47,47,45,45,45,64,64,64,64,56,44,44,44,44,44,44,40,40,29,15,36,19,57,40,29,29,29,25,18,20,74,74,74,74,70,70,70,70,52,70,70,70,21,0,0],"gold":51,"neow_bonus":"ONE_RANDOM_RARE_CARD","is_daily":false,"chose_seed":false,"campfire_upgraded":8,"win_rate":0.0,"timestamp":1609236599,"path_taken":["M","M","$","M","?","R","?","E","T","R","M","?","$","?","R","BOSS","M","$","?","?","M","R","$","R","T","?","M","R","M","M","R","BOSS","M","M","$","M","M","E","M","?","T","R","?","?","R","M","R","BOSS","R","$","E","BOSS"],"items_purchased_type":["Card","Card","Card","Card","Card","Card","Relic","Relic","Card","Card"],"build_version":"2020-12-22","purchased_purges":0,"victory":false,"max_hp_per_floor":[70,70,70,70,70,70,70,70,70,70,70,70,70,70,70,70,70,70,70,70,70,70,70,70,70,70,70,70,70,70,70,70,70,70,70,70,70,70,70,72,74,74,74,74,74,76,76,76,76,76,76,76,76,78,78,78],"card_choices":[{"not_picked":["Outmaneuver","Deadly Poison","Deflect"],"picked":"SKIP","floor":1},{"not_picked":["Outmaneuver","Deflect"],"picked":"Deadly Poison","floor":1},{"not_picked":["Deflect","PiercingWail"],"picked":"Sucker Punch","floor":2},{"not_picked":["Cloak And Dagger","Doppelganger"],"picked":"Backstab","floor":4},{"not_picked":["Slice","Crippling Poison","Skewer"],"picked":"SKIP","floor":8},{"not_picked":["Predator","Slice"],"picked":"Backstab","floor":11},{"not_picked":["Dagger Throw","Underhanded Strike"],"picked":"Backflip","floor":14},{"not_picked":["Dagger Throw+1","Poisoned Stab"],"picked":"Leg Sweep","floor":18},{"not_picked":["Eviscerate","PiercingWail","Acrobatics"],"picked":"SKIP","floor":21},{"not_picked":["Catalyst","Slice"],"picked":"Dodge and Roll+1","floor":22},{"not_picked":["Deflect","Choke","Outmaneuver+1"],"picked":"SKIP","floor":28},{"not_picked":["Accuracy","Masterful Stab+1","Skewer"],"picked":"SKIP","floor":30},{"not_picked":["Outmaneuver","Dagger Throw"],"picked":"Caltrops","floor":31},{"not_picked":["Phantasmal Killer","Glass Knife"],"picked":"After Image","floor":33},{"not_picked":["Calculated Gamble+1","Prepared+1"],"picked":"Masterful Stab","floor":35},{"not_picked":["Dagger Spray+1","Poisoned Stab+1"],"picked":"Dodge and Roll","floor":36},{"not_picked":["Deflect+1","Outmaneuver"],"picked":"Dodge and Roll+1","floor":38},{"not_picked":["Slice","Concentrate"],"picked":"Footwork","floor":39},{"not_picked":["Eviscerate+1","Concentrate+1","Tactician+1"],"picked":"Singing Bowl","floor":40},{"not_picked":["Deadly Poison","Choke","Concentrate"],"picked":"Singing Bowl","floor":41},{"not_picked":["Reflex+1","Distraction+1","Acrobatics+1"],"picked":"Singing Bowl","floor":46},{"not_picked":["All Out Attack+1","Dodge and Roll"],"picked":"Backflip+1","floor":48},{"not_picked":["Dagger Throw","Reflex","Escape Plan+1"],"picked":"Singing Bowl","floor":54}],"player_experience":686187,"relics_obtained":[{"floor":8,"key":"Potion Belt"},{"floor":9,"key":"Smiling Mask"},{"floor":26,"key":"Old Coin"},{"floor":34,"key":"Lantern"},{"floor":34,"key":"InkBottle"},{"floor":34,"key":"Calipers"},{"floor":40,"key":"Bag of Preparation"},{"floor":54,"key":"White Beast Statue"}],"event_choices":[{"damage_healed":0,"gold_gain":0,"player_choice":"Damaged","damage_taken":7,"max_hp_gain":0,"max_hp_loss":0,"event_name":"Wheel of Change","floor":5,"gold_loss":0},{"damage_healed":0,"gold_gain":0,"player_choice":"Grow","damage_taken":0,"max_hp_gain":0,"max_hp_loss":0,"event_name":"Living Wall","floor":12,"gold_loss":0,"cards_upgraded":["Noxious Fumes"]},{"damage_healed":0,"gold_gain":0,"player_choice":"Bet on Owner","damage_taken":0,"max_hp_gain":0,"max_hp_loss":0,"event_name":"The Joust","floor":20,"gold_loss":50},{"damage_healed":0,"gold_gain":0,"player_choice":"Obtained Relic","damage_taken":0,"relics_obtained":["Akabeko"],"max_hp_gain":0,"max_hp_loss":0,"event_name":"Addict","floor":27,"gold_loss":85},{"damage_healed":54,"gold_gain":0,"player_choice":"Full Heal","damage_taken":0,"max_hp_gain":0,"max_hp_loss":0,"event_name":"Wheel of Change","floor":42,"gold_loss":0}],"is_beta":false,"boss_relics":[{"not_picked":["Tiny House","Empty Cage"],"picked":"Velvet Choker"},{"not_picked":["Sozu","Runic Pyramid"],"picked":"Calling Bell"}],"items_purged_floors":[],"is_endless":false,"potions_floor_spawned":[1,2,14,16,21,22,31,33,36,40,41,46],"killed_by":"The Heart","ascension_level":8}}