{"host":"szp1d6dso4pv7ddl","time":1609205831,"event":{"mods":["AchievementEnabler","Alarm Clock","BaseMod","Bestiary","Block Reminder","Colored Map","Colored Powertips","Curses Come First","Displayed Cursed Tome","Highlight Path","Minty Spire (QoL Compilation)","Permanent Neow","Quick Restart","Relic Sorter","Relic Stats","StSLib","Synergy Search"],"gold_per_floor":[366,384,394,268,268,268,298,256,256,274,274,274,284,303,303,303,303],"floor_reached":16,"playtime":875,"items_purged":["Defend_G"],"score":179,"play_id":"07428050-76f1-4b9b-a730-1d9895504bee","local_time":"20201228173711","is_ascension_mode":true,"campfire_choices":[{"floor":6,"key":"REST"},{"floor":12,"key":"REST"},{"floor":15,"key":"REST"}],"circlet_count":0,"master_deck":["AscendersBane","Strike_G","Strike_G","Strike_G","Strike_G","Strike_G","Defend_G","Defend_G","Defend_G","Defend_G","Survivor","Neutralize","Slice","Finisher","Acrobatics","Backflip","Cloak And Dagger","Quick Slash","Glass Knife"],"relics":["Ring of the Snake","Ornamental Fan","HornCleat","Juzu Bracelet"],"acts_visited":["Exordium"],"potions_floor_usage":[7],"damage_taken":[{"damage":6,"enemies":"Small Slimes","floor":1,"turns":6},{"damage":1,"enemies":"2 Louse","floor":2,"turns":4},{"damage":0,"enemies":"Cultist","floor":3,"turns":3},{"damage":45,"enemies":"Gremlin Nob","floor":7,"turns":5},{"damage":0,"enemies":"Exordium Wildlife","floor":10,"turns":4},{"damage":9,"enemies":"Large Slime","floor":13,"turns":6},{"damage":1,"enemies":"Looter","floor":14,"turns":4},{"damage":50,"enemies":"The Guardian","floor":16,"turns":11}],"seed_played":"-3239619106442379068","potions_obtained":[{"floor":2,"key":"Strength Potion"},{"floor":10,"key":"BlessingOfTheForge"}],"is_trial":false,"path_per_floor":["M","M","M","$","?","R","E","?","T","M","?","R","M","M","R","B"],"character_chosen":"THE_SILENT","items_purchased":["Backflip"],"campfire_rested":3,"item_purchase_floors":[4],"current_hp_per_floor":[38,37,37,37,42,63,18,18,18,18,13,34,25,24,45,0,0],"gold":303,"neow_bonus":"TWO_FIFTY_GOLD","is_daily":false,"chose_seed":false,"campfire_upgraded":0,"win_rate":0.0,"timestamp":1609205831,"path_taken":["M","M","M","$","?","R","E","?","T","M","?","R","M","M","R","BOSS"],"items_purchased_type":["Card"],"build_version":"2020-12-22","purchased_purges":1,"victory":false,"max_hp_per_floor":[66,66,66,66,71,71,71,71,71,71,71,71,71,71,71,71,71],"relic_stats":{"counters":[8,43],"Ornamental Fan":[40],"Juzu Bracelet":0,"obtain_stats":[{"HornCleat":7,"Ornamental Fan":11,"Juzu Bracelet":9,"Ring of the Snake":0},{"HornCleat":4,"Ornamental Fan":5,"Juzu Bracelet":4,"Ring of the Snake":0},{"HornCleat":18,"Ornamental Fan":22,"Juzu Bracelet":18,"Ring of the Snake":0}],"Ring of the Snake":[16]},"card_choices":[{"not_picked":["Deflect","Predator"],"picked":"Slice","floor":1},{"not_picked":["Acrobatics","All Out Attack"],"picked":"Finisher","floor":2},{"not_picked":["Underhanded Strike","Expertise"],"picked":"Acrobatics","floor":3},{"not_picked":["Envenom","Dagger Spray"],"picked":"Cloak And Dagger","floor":7},{"not_picked":["Choke","Sucker Punch"],"picked":"Quick Slash","floor":10},{"not_picked":["Heel Hook","Tactician","Prepared"],"picked":"SKIP","floor":13},{"not_picked":["Bane","Deadly Poison"],"picked":"Glass Knife","floor":14}],"player_experience":1058375,"relics_obtained":[{"floor":7,"key":"HornCleat"},{"floor":9,"key":"Juzu Bracelet"}],"event_choices":[{"damage_healed":0,"gold_gain":0,"player_choice":"Donut","damage_taken":0,"max_hp_gain":5,"max_hp_loss":0,"event_name":"Big Fish","floor":5,"gold_loss":0},{"damage_healed":0,"gold_gain":0,"player_choice":"Left Gold","damage_taken":0,"max_hp_gain":0,"max_hp_loss":0,"event_name":"World of Goop","floor":8,"gold_loss":42},{"damage_healed":0,"gold_gain":0,"player_choice":"Success","damage_taken":5,"relics_obtained":["Ornamental Fan"],"max_hp_gain":0,"max_hp_loss":0,"event_name":"Scrap Ooze","floor":11,"gold_loss":0}],"is_beta":false,"boss_relics":[],"items_purged_floors":[4],"is_endless":false,"potions_floor_spawned":[2,10],"killed_by":"The Guardian","ascension_level":15}}