{"host":"36ls4ricihodphgx","time":1609241238,"event":{"mods":["AchievementEnabler","BaseMod","Colored Map","Downfall","Hermit","HololiveMod","Marisa????????","Minty Spire (QoL Compilation)","Replay The Spire","Shop Mod","StSLib","SuperFastMode","The Animator","The Bug Knight","The Cursed","The Servant 0.9.4"],"gold_per_floor":[115,115,115,115,131,131,108,108,183,198,228,244,256,276,276,381,381,399,410,410,410],"floor_reached":20,"playtime":566,"items_purged":[],"score":166,"play_id":"90199cde-d4ae-4615-996f-6b5edcd34e3e","local_time":"20201229042718","is_ascension_mode":false,"campfire_choices":[{"data":"Bash","floor":6,"key":"SMITH"},{"data":"Shrug It Off","floor":8,"key":"SMITH"},{"data":"Flex","floor":15,"key":"SMITH"}],"circlet_count":0,"master_deck":["Strike_R","Strike_R","Strike_R","Strike_R","Strike_R","Defend_R","Defend_R","Defend_R","Defend_R","Bash+1","Flex+1","Iron Wave","Shrug It Off+1","Flex+1","Juggernaut","Sword Boomerang+1"],"relics":["Burning Blood","Pet Ghost","ReplayTheSpireMod:Ring of Challenge","ReplayTheSpireMod:Ring of Exchange","Kunai","Omamori","Black Star"],"acts_visited":["Exordium","TheCity"],"potions_floor_usage":[],"damage_taken":[{"damage":1,"enemies":"Small Slimes","floor":1,"turns":3},{"damage":6,"enemies":"Jaw Worm","floor":5,"turns":3},{"damage":2,"enemies":"2 Louse","floor":10,"turns":3},{"damage":4,"enemies":"Lots of Slimes","floor":12,"turns":5},{"damage":10,"enemies":"Looter","floor":13,"turns":3},{"damage":6,"enemies":"Exordium Wildlife","floor":14,"turns":3},{"damage":65,"enemies":"Slime Boss","floor":16,"turns":15},{"damage":24,"enemies":"Spheric Guardian","floor":18,"turns":5},{"damage":28,"enemies":"Shell Parasite","floor":19,"turns":7}],"seed_played":"-4857090353536851270","potions_obtained":[{"floor":10,"key":"LifebloodPotion"},{"floor":12,"key":"HeartOfIron"},{"floor":14,"key":"Milkshake"}],"is_trial":false,"path_per_floor":["M","?","?","?","M","R","$","R","T","M","?","M","M","M","R","B",null,"M","M","$"],"character_chosen":"IRONCLAD","items_purchased":["Shrug It Off"],"campfire_rested":0,"item_purchase_floors":[7],"current_hp_per_floor":[80,80,80,80,80,80,80,80,80,80,80,80,76,76,76,17,80,62,40,40,40],"gold":410,"neow_bonus":"RANDOM_COMMON_RELIC","is_daily":false,"chose_seed":false,"campfire_upgraded":3,"win_rate":0.0,"timestamp":1609241238,"path_taken":["M","?","?","?","M","R","$","R","T","?","?","M","M","M","R","BOSS","M","M","$"],"items_purchased_type":["Card"],"build_version":"2020-12-22","purchased_purges":0,"victory":false,"max_hp_per_floor":[80,80,80,80,80,80,80,80,80,80,80,80,80,80,80,80,80,80,80,80,80],"card_choices":[{"not_picked":["Pommel Strike","Uppercut"],"picked":"Flex","floor":1},{"not_picked":["Shockwave","Second Wind","Warcry"],"picked":"SKIP","floor":5},{"not_picked":["Feel No Pain","Dropkick","ReplayTheSpireMod:Stacked"],"picked":"SKIP","floor":10},{"not_picked":["ReplayReversal","Power Through"],"picked":"Flex","floor":12},{"not_picked":["Reckless Charge","Warcry","Shrug It Off"],"picked":"SKIP","floor":13},{"not_picked":["Pommel Strike","Impervious","ReplayTheSpireMod:Strike From Hell"],"picked":"SKIP","floor":14},{"not_picked":["Brutality","Impervious"],"picked":"Juggernaut","floor":16},{"not_picked":["Clash+1","Searing Blow","Shrug It Off"],"picked":"SKIP","floor":18},{"not_picked":["ReplayTheSpireMod:Strike From Hell","Flame Barrier"],"picked":"Sword Boomerang+1","floor":19}],"player_experience":33138,"relics_obtained":[{"floor":2,"key":"ReplayTheSpireMod:Ring of Challenge"},{"floor":2,"key":"ReplayTheSpireMod:Ring of Exchange"},{"floor":9,"key":"Kunai"}],"event_choices":[{"cards_removed":["Delirium"],"damage_healed":0,"gold_gain":0,"player_choice":"Took Card","damage_taken":0,"max_hp_gain":0,"max_hp_loss":0,"event_name":"NoteForYourself","floor":4,"gold_loss":0,"cards_obtained":["Iron Wave"]},{"damage_healed":0,"gold_gain":30,"player_choice":"Searched \u00273\u0027 times","damage_taken":0,"relics_obtained":["Omamori"],"max_hp_gain":0,"max_hp_loss":0,"event_name":"Dead Adventurer","floor":11,"gold_loss":0}],"is_beta":false,"boss_relics":[{"not_picked":["OrangePellets","Ectoplasm"],"picked":"Black Star"}],"items_purged_floors":[],"is_endless":false,"potions_floor_spawned":[10,12,14,19],"ascension_level":0}}