{"host":"v7f6n6ea3j6on08h","time":1609218798,"event":{"mods":["AchievementEnabler","Aspiration","BaseMod","Friendly Minions","Hubris","Minty Spire (QoL Compilation)","Replay The Spire","StSLib","SuperFastMode"],"gold_per_floor":[118,43,43,58,74,111,111,111],"floor_reached":8,"playtime":370,"items_purged":["Injury"],"score":106,"play_id":"efdbc8b0-6405-414d-bb10-b0bb931715dc","local_time":"20201229001318","is_ascension_mode":true,"campfire_choices":[],"circlet_count":0,"master_deck":["AscendersBane","Strike_R","Strike_R","Strike_R","Strike_R","Strike_R","Defend_R","Defend_R","Defend_R","Defend_R","Bash","Pummel","Replay:Undeath\u0027s Touch","Run Through","ReplayTheSpireMod:Stacked"],"relics":["Burning Blood","hubris:Teleporter","CeramicFish"],"acts_visited":["Exordium"],"potions_floor_usage":[4,6],"damage_taken":[{"damage":6,"enemies":"Cultist","floor":1,"turns":3},{"damage":1,"enemies":"2 Louse","floor":4,"turns":4},{"damage":12,"enemies":"Jaw Worm","floor":5,"turns":3},{"damage":40,"enemies":"Replay:BlueRogue","floor":6,"turns":7},{"damage":35,"enemies":"Lagavulin","floor":8,"turns":3}],"seed_played":"1469757884026799546","potions_obtained":[{"floor":1,"key":"SpeedPotion"},{"floor":5,"key":"Block Potion"}],"is_trial":false,"path_per_floor":["M","$","?","M","M","E","E"],"character_chosen":"IRONCLAD","items_purchased":[],"campfire_rested":0,"item_purchase_floors":[],"current_hp_per_floor":[68,68,68,73,67,33,0,0],"gold":111,"neow_bonus":"ONE_RARE_RELIC","is_daily":false,"chose_seed":false,"campfire_upgraded":0,"win_rate":0.0,"timestamp":1609218798,"path_taken":["M","$","?","M","M","E","E"],"items_purchased_type":[],"build_version":"2020-12-22","purchased_purges":1,"victory":false,"max_hp_per_floor":[75,75,75,75,75,75,75,75],"card_choices":[{"not_picked":["Warcry","Run Through"],"picked":"Pummel","floor":1},{"not_picked":["Defy Death","Twin Strike"],"picked":"Replay:Undeath\u0027s Touch","floor":4},{"not_picked":["Defy Death","Reckless Charge"],"picked":"Run Through","floor":5},{"not_picked":["Anger","Rampage"],"picked":"ReplayTheSpireMod:Stacked","floor":6}],"player_experience":593623,"relics_obtained":[{"floor":6,"key":"CeramicFish"}],"event_choices":[{"damage_healed":0,"gold_gain":0,"player_choice":"Ignored","damage_taken":0,"max_hp_gain":0,"max_hp_loss":0,"event_name":"Shining Light","floor":3,"gold_loss":0}],"is_beta":false,"boss_relics":[],"items_purged_floors":[2],"is_endless":false,"potions_floor_spawned":[1,5],"killed_by":"Lagavulin","ascension_level":18}}