{"host":"qxeepl7ydvsgmfdb","time":1609264069,"event":{"mods":["AchievementEnabler","BaseMod","Colored Powertips","Minty Spire (QoL Compilation)","Quick Restart","slay the spire mod where everything is the same but ironclad has a cowboy hat"],"gold_per_floor":[118,135,66,83,14,14,28,42,42,7,19,19,39,55,55,160,160,175,195,155,171,171,171],"floor_reached":22,"playtime":712,"items_purged":[],"score":237,"play_id":"fb4b8133-6e52-46e7-bd22-a726e8a2a95e","local_time":"20201229124749","is_ascension_mode":true,"campfire_choices":[{"floor":6.0,"key":"REST"},{"data":"Poisoned Stab","floor":15.0,"key":"SMITH"}],"circlet_count":0,"master_deck":["Strike_G","Strike_G","Strike_G+1","Strike_G","Strike_G","Defend_G","Defend_G","Defend_G","Defend_G+1","Defend_G","Survivor","Neutralize","Backflip","Blade Dance","All Out Attack","Slice","Quick Slash","Sucker Punch","Blade Dance","Poisoned Stab+1","Slice","Blade Dance","After Image","CurseOfTheBell","Cloak And Dagger+1","Adrenaline"],"relics":["Ring of the Snake","Oddly Smooth Stone","Regal Pillow","Question Card","Calling Bell","Tiny Chest","Pantograph","Girya"],"acts_visited":["Exordium","TheCity"],"potions_floor_usage":[16,18,21],"damage_taken":[{"damage":4.0,"enemies":"Jaw Worm","floor":1.0,"turns":8.0},{"damage":17.0,"enemies":"Cultist","floor":2.0,"turns":7.0},{"damage":4.0,"enemies":"2 Louse","floor":4.0,"turns":2.0},{"damage":2.0,"enemies":"Red Slaver","floor":7.0,"turns":3.0},{"damage":5.0,"enemies":"Looter","floor":8.0,"turns":3.0},{"damage":12.0,"enemies":"Large Slime","floor":11.0,"turns":5.0},{"damage":6.0,"enemies":"Gremlin Gang","floor":13.0,"turns":3.0},{"damage":3.0,"enemies":"3 Louse","floor":14.0,"turns":2.0},{"damage":22,"enemies":"Hexaghost","floor":16,"turns":9},{"damage":7,"enemies":"3 Byrds","floor":18,"turns":4},{"damage":20,"enemies":"Chosen","floor":19,"turns":5},{"damage":30,"enemies":"3 Cultists","floor":21,"turns":7},{"damage":5,"enemies":"Centurion and Healer","floor":22,"turns":3}],"seed_played":"-3217490144719696507","potions_obtained":[{"floor":4.0,"key":"Dexterity Potion"},{"floor":7.0,"key":"LiquidBronze"},{"floor":8.0,"key":"DuplicationPotion"},{"floor":16,"key":"Explosive Potion"}],"is_trial":false,"path_per_floor":["M","M","?","M","$","R","M","M","T","?","M","$","M","M","R","B",null,"M","M","?","M","M"],"character_chosen":"THE_SILENT","items_purchased":["Slice","Quick Slash"],"campfire_rested":1,"item_purchase_floors":[5,5],"current_hp_per_floor":[59,42,42,38,38,70,68,63,63,70,58,58,52,49,49,27,59,52,32,32,2,0,0],"gold":171,"neow_bonus":"RANDOM_COMMON_RELIC","is_daily":false,"chose_seed":false,"campfire_upgraded":1,"win_rate":0.0,"timestamp":1609264069,"path_taken":["M","M","?","?","?","R","?","M","T","?","M","$","M","M","R","BOSS","M","M","?","?","M"],"items_purchased_type":["Card","Card"],"build_version":"2020-12-22","purchased_purges":0,"victory":false,"max_hp_per_floor":[70,70,70,70,70,70,70,70,70,70,70,70,70,70,70,70,70,70,70,70,70,70,70],"card_choices":[{"not_picked":["Outmaneuver","Quick Slash"],"picked":"Backflip","floor":1.0},{"not_picked":["Prepared","Endless Agony"],"picked":"Blade Dance","floor":2.0},{"not_picked":["Dagger Spray","Choke"],"picked":"All Out Attack","floor":4.0},{"not_picked":["Quick Slash","Distraction"],"picked":"Sucker Punch","floor":7.0},{"not_picked":["Deflect","Dodge and Roll"],"picked":"Blade Dance","floor":8.0},{"not_picked":["Crippling Poison","Dodge and Roll","Prepared"],"picked":"Poisoned Stab","floor":11.0},{"not_picked":["Deflect","Dodge and Roll","Blur"],"picked":"Slice","floor":13.0},{"not_picked":["Distraction","Outmaneuver","Slice"],"picked":"Blade Dance","floor":14.0},{"not_picked":["Unload","Venomology","Grand Finale"],"picked":"After Image","floor":16},{"not_picked":["Dash+1","Underhanded Strike","PiercingWail"],"picked":"Cloak And Dagger+1","floor":18},{"not_picked":["Acrobatics","Poisoned Stab+1","Dodge and Roll","Caltrops"],"picked":"SKIP","floor":19},{"not_picked":["Blur","Predator","Heel Hook"],"picked":"Adrenaline","floor":21}],"player_experience":298829,"relics_obtained":[{"floor":9.0,"key":"Question Card"},{"floor":17,"key":"Tiny Chest"},{"floor":17,"key":"Pantograph"},{"floor":17,"key":"Girya"}],"event_choices":[{"damage_healed":0.0,"max_hp_gain":0.0,"max_hp_loss":0.0,"gold_gain":0.0,"event_name":"WeMeetAgain","player_choice":"Paid Gold","floor":3.0,"gold_loss":69.0,"damage_taken":0.0,"relics_obtained":["Regal Pillow"]},{"damage_healed":17.0,"max_hp_gain":0.0,"max_hp_loss":0.0,"gold_gain":0.0,"event_name":"The Cleric","player_choice":"Healed","floor":10.0,"gold_loss":35.0,"damage_taken":0.0},{"damage_healed":0,"gold_gain":0,"player_choice":"Upgraded Two","damage_taken":0,"max_hp_gain":0,"max_hp_loss":0,"event_name":"Designer","floor":20,"gold_loss":40,"cards_upgraded":["Strike_G","Defend_G"]}],"is_beta":false,"boss_relics":[{"not_picked":["Sozu","Busted Crown"],"picked":"Calling Bell"}],"items_purged_floors":[],"is_endless":false,"potions_floor_spawned":[4,7,8,11,16],"killed_by":"Centurion and Healer","ascension_level":6}}