{"host":"78zdngn0u28jm0pp","time":1609223479,"event":{"mods":["BaseMod","Jorbs\u0027s Wanderer Trilogy","Minty Spire (QoL Compilation)","Permanent Neow","Quick Restart","Relic Stats","StSLib","Unceasing Turn Reminder"],"gold_per_floor":[114,128,203,72,72,116,116,141,141,141,141,176,51,70,70,184,184,209,224,124,124,142,182,182,182],"floor_reached":24,"playtime":1154,"items_purged":["Parasite","Setup+1"],"score":448,"play_id":"e7aaffcf-c337-48e5-88ac-4753bd097849","local_time":"20201228233119","is_ascension_mode":true,"campfire_choices":[{"floor":7.0,"key":"REST"},{"data":"Crippling Poison","floor":11.0,"key":"SMITH"},{"data":"Tactician","floor":15.0,"key":"SMITH"}],"circlet_count":0,"master_deck":["AscendersBane","Strike_G","Strike_G","Defend_G","Defend_G","Defend_G","Defend_G","Defend_G","Survivor","Neutralize","Crippling Poison+1","Terror","Noxious Fumes","Dagger Spray","Tactician+1","Acrobatics","Bane","After Image","Caltrops+1","Grand Finale+1","Prepared+1","Dagger Throw","PiercingWail","Backflip+1"],"relics":["Runic Pyramid","Golden Idol","Singing Bowl","Ornamental Fan","Astrolabe","Regal Pillow"],"acts_visited":["Exordium","TheCity"],"potions_floor_usage":[19,22,23,23],"damage_taken":[{"damage":7.0,"enemies":"Small Slimes","floor":1.0,"turns":4.0},{"damage":3.0,"enemies":"Jaw Worm","floor":2.0,"turns":5.0},{"damage":35.0,"enemies":"3 Sentries","floor":6.0,"turns":10.0},{"damage":0.0,"enemies":"Cultist","floor":8.0,"turns":4.0},{"damage":12.0,"enemies":"Lagavulin","floor":12.0,"turns":5.0},{"damage":5.0,"enemies":"Blue Slaver","floor":14.0,"turns":4.0},{"damage":17.0,"enemies":"The Guardian","floor":16.0,"turns":10.0},{"damage":8.0,"enemies":"Shell Parasite","floor":18.0,"turns":4.0},{"damage":10,"enemies":"Chosen","floor":19,"turns":5},{"damage":13,"enemies":"Centurion and Healer","floor":22,"turns":6},{"damage":5,"enemies":"Gremlin Leader","floor":23,"turns":4},{"damage":19,"enemies":"Snake Plant","floor":24,"turns":1}],"seed_played":"6434001610335772120","potions_obtained":[{"floor":1.0,"key":"LiquidMemories"},{"floor":8.0,"key":"ColorlessPotion"},{"floor":16.0,"key":"SpeedPotion"},{"floor":18.0,"key":"Strength Potion"},{"floor":21,"key":"GhostInAJar"},{"floor":21,"key":"Energy Potion"},{"floor":22,"key":"Regen Potion"}],"is_trial":false,"path_per_floor":["M","M","?","$","?","E","R","M","T","?","R","E","$","M","R","B",null,"M","M","$","?","M","E","M"],"character_chosen":"THE_SILENT","items_purchased":["Noxious Fumes","Strength Potion","Bane"],"campfire_rested":1,"item_purchase_floors":[4,4,13],"current_hp_per_floor":[52,49,38,38,38,3,21,21,21,36,36,24,24,21,21,4,45,37,27,27,27,14,18,0,0],"gold":182,"neow_bonus":"BOSS_RELIC","is_daily":false,"chose_seed":false,"campfire_upgraded":2,"win_rate":0.0,"timestamp":1609223479,"path_taken":["M","M","?","$","?","E","R","M","T","?","R","E","$","M","R","BOSS","M","M","$","?","?","E","M"],"items_purchased_type":["Card","Potion","Card"],"build_version":"2020-12-22","purchased_purges":2,"victory":false,"max_hp_per_floor":[66,66,66,66,60,60,60,60,60,60,60,60,57,59,59,59,59,59,59,59,59,59,59,59,59],"relic_stats":{"Regal Pillow":0,"Singing Bowl":2,"counters":[12,62],"Golden Idol":64,"Ornamental Fan":[20],"Astrolabe":["Setup","Caltrops","Grand Finale"],"obtain_stats":[{"Regal Pillow":23,"Singing Bowl":6,"Golden Idol":5,"Ornamental Fan":12,"Astrolabe":17,"Ring of the Snake":0,"Runic Pyramid":0},{"Regal Pillow":11,"Singing Bowl":3,"Golden Idol":2,"Ornamental Fan":5,"Astrolabe":7,"Ring of the Snake":0,"Runic Pyramid":0},{"Regal Pillow":61,"Singing Bowl":19,"Golden Idol":9,"Ornamental Fan":28,"Astrolabe":42,"Ring of the Snake":0,"Runic Pyramid":0}]},"card_choices":[{"not_picked":["Prepared","Endless Agony"],"picked":"Crippling Poison","floor":1.0},{"not_picked":["Reflex","Underhanded Strike"],"picked":"Terror","floor":2.0},{"not_picked":["Poisoned Stab","All Out Attack"],"picked":"Dagger Spray","floor":6.0},{"not_picked":["Bane","Well Laid Plans"],"picked":"Tactician","floor":8.0},{"not_picked":["Dodge and Roll","Slice"],"picked":"Acrobatics","floor":12.0},{"not_picked":["Setup","Backflip","Endless Agony"],"picked":"Singing Bowl","floor":14.0},{"not_picked":["Die Die Die","Envenom"],"picked":"After Image","floor":16.0},{"not_picked":["Dagger Throw","Flying Knee+1"],"picked":"Prepared+1","floor":18.0},{"not_picked":["Flying Knee","Riddle With Holes"],"picked":"Dagger Throw","floor":19},{"not_picked":["Skewer","Finisher"],"picked":"PiercingWail","floor":22},{"not_picked":["Dodge and Roll+1","Underhanded Strike"],"picked":"Backflip+1","floor":23}],"player_experience":704217,"relics_obtained":[{"floor":6.0,"key":"Singing Bowl"},{"floor":12.0,"key":"Ornamental Fan"},{"floor":23,"key":"Regal Pillow"}],"event_choices":[{"damage_healed":0.0,"max_hp_gain":0.0,"max_hp_loss":0.0,"gold_gain":75.0,"event_name":"World of Goop","player_choice":"Gather Gold","floor":3.0,"gold_loss":0.0,"damage_taken":11.0},{"damage_healed":0.0,"max_hp_gain":0.0,"max_hp_loss":6.0,"gold_gain":0.0,"event_name":"Golden Idol","player_choice":"Lose Max HP","floor":5.0,"gold_loss":0.0,"damage_taken":0.0,"relics_obtained":["Golden Idol"]},{"damage_healed":15.0,"max_hp_gain":0.0,"max_hp_loss":0.0,"gold_gain":0.0,"event_name":"Mushrooms","player_choice":"Healed and dodged fight","floor":10.0,"gold_loss":0.0,"damage_taken":0.0,"cards_obtained":["Parasite"]},{"damage_healed":0,"gold_gain":0,"player_choice":"Got Potions","damage_taken":0,"max_hp_gain":0,"max_hp_loss":0,"event_name":"Lab","floor":21,"gold_loss":0}],"is_beta":false,"boss_relics":[{"not_picked":["Runic Dome","Pandora\u0027s Box"],"picked":"Astrolabe"}],"items_purged_floors":[13,20],"is_endless":false,"potions_floor_spawned":[1,8,16,18,22],"killed_by":"Snake Plant","ascension_level":20}}