{"host":"4y6zclctjmj98pnk","time":1609238492,"event":{"mods":["Arknights The Spire","Aspiration","BaseMod","Best Route Mod","Better Third Choice","Challenge The Spire","Colored Map","GifTheSpireLib","Minty Spire (QoL Compilation)","Relic Stats","Replay The Spire","Spicy Shops","StSLib","UnlockEverythingMod"],"gold_per_floor":[119,96,22,22,22,55,72,72,72],"floor_reached":8,"playtime":257,"items_purged":[],"score":79,"play_id":"ba5cc4d0-ac89-489a-aab3-2e784e410a97","local_time":"20201229184132","is_ascension_mode":false,"campfire_choices":[],"circlet_count":0,"master_deck":["ats:Strike C","ats:Strike G","ats:Strike S","ats:Strike V","ats:Armor Crushing Shot","ats:Defend","ats:Defend","ats:Defend","ats:Defend","ats:Emotion Absorption","ats:Apocalypse","ats:Poison Spread","ats:Healing Drone"],"relics":["ats:Sanity","NeowsBlessing","aspiration:HiddenCompartment","PrismaticShard","ats:Originium","Bronze Scales"],"acts_visited":["Exordium"],"potions_floor_usage":[8,8],"damage_taken":[{"damage":0,"enemies":"Cultist","floor":1,"turns":1},{"damage":0,"enemies":"Lagavulin","floor":6,"turns":1},{"damage":0,"enemies":"Jaw Worm","floor":7,"turns":1},{"damage":174,"enemies":"3 Sentries","floor":8,"turns":5}],"seed_played":"-8414165182568857213","potions_obtained":[{"floor":5,"key":"AttackPotion"},{"floor":5,"key":"Reflective Coating"},{"floor":5,"key":"GamblersBrew"},{"floor":6,"key":"Regen Potion"}],"is_trial":false,"path_per_floor":["M","$","$","?","?","E","M","E"],"character_chosen":"DOCTOR_CLASS","items_purchased":["ats:Poison Spread","aspiration:HiddenCompartment"],"campfire_rested":0,"item_purchase_floors":[2,3],"current_hp_per_floor":[72,72,72,72,72,72,72,0,0],"gold":72,"neow_bonus":"THREE_ENEMY_KILL","is_daily":false,"chose_seed":false,"campfire_upgraded":0,"win_rate":0.0,"timestamp":1609238492,"path_taken":["M","?","$","?","?","E","?","E"],"items_purchased_type":["Card","Relic"],"build_version":"2020-12-22","purchased_purges":0,"victory":false,"max_hp_per_floor":[72,72,72,72,72,72,72,72,72],"relic_stats":{"counters":[4,8],"Bronze Scales":[18],"obtain_stats":[{"NeowsBlessing":0,"ats:Originium":6,"Bronze Scales":6,"ats:Sanity":0,"aspiration:HiddenCompartment":3,"PrismaticShard":4},{"NeowsBlessing":0,"ats:Originium":2,"Bronze Scales":2,"ats:Sanity":0,"aspiration:HiddenCompartment":1,"PrismaticShard":1},{"NeowsBlessing":0,"ats:Originium":2,"Bronze Scales":2,"ats:Sanity":0,"aspiration:HiddenCompartment":1,"PrismaticShard":1}]},"card_choices":[{"not_picked":["ats:Hammer On","ats:Flexible Camouflage"],"picked":"ats:Apocalypse","floor":1},{"not_picked":["Mind Blast","Double Tap"],"picked":"ats:Healing Drone","floor":6},{"not_picked":["Self Repair","Backflip","Dark Shackles"],"picked":"SKIP","floor":7}],"player_experience":283898,"relics_obtained":[{"floor":6,"key":"ats:Originium"},{"floor":6,"key":"Bronze Scales"}],"event_choices":[{"damage_healed":0,"gold_gain":0,"player_choice":"Got Potions","damage_taken":0,"max_hp_gain":0,"max_hp_loss":0,"event_name":"Lab","floor":5,"gold_loss":0}],"is_beta":false,"boss_relics":[],"items_purged_floors":[],"is_endless":false,"potions_floor_spawned":[6,7],"killed_by":"3 Sentries","ascension_level":0}}