{"host":"cdhs3rcdp0bmp3c4","time":1609262402,"event":{"mods":["BaseMod","Hermit","Minty Spire (QoL Compilation)","Relic Stats","Robot Space Explorer","StSLib","Td1madao Mod","The Construct","The Forsaken","The Hierophant","The Runesmith"],"gold_per_floor":[111,61,61,61,27,27,42,69,69,82,82,82],"floor_reached":11,"playtime":523,"items_purged":[],"score":78,"play_id":"13ac4ec9-69fe-4796-8ad1-09bd3fc406ec","local_time":"20201229112002","is_ascension_mode":true,"campfire_choices":[{"data":"RobotSpaceExplorer:MiniLasers","floor":6,"key":"SMITH"}],"circlet_count":0,"master_deck":["RobotSpaceExplorer:Strike","RobotSpaceExplorer:Strike","RobotSpaceExplorer:Strike","RobotSpaceExplorer:Defend","RobotSpaceExplorer:Defend","RobotSpaceExplorer:Defend","RobotSpaceExplorer:Scan","RobotSpaceExplorer:MiniLasers+1","Swift Strike","RobotSpaceExplorer:PowerCollector","RobotSpaceExplorer:Jetpack","RobotSpaceExplorer:LuckyStrike"],"relics":["RobotSpaceExplorer:RoboCore","Unceasing Top","Question Card"],"acts_visited":["Exordium"],"potions_floor_usage":[11],"damage_taken":[{"damage":3,"enemies":"Small Slimes","floor":1,"turns":4},{"damage":3,"enemies":"2 Louse","floor":7,"turns":2},{"damage":32,"enemies":"Gremlin Nob","floor":8,"turns":5},{"damage":0,"enemies":"Cultist","floor":10,"turns":3},{"damage":13,"enemies":"Lagavulin","floor":11,"turns":6}],"seed_played":"-6741998308915275359","potions_obtained":[{"floor":8,"key":"SneckoOil"}],"is_trial":false,"path_per_floor":["M","?","?","?","$","R","M","E","T","M","E"],"character_chosen":"RobotSpaceExplorer","items_purchased":["RobotSpaceExplorer:PowerCollector"],"campfire_rested":0,"item_purchase_floors":[5],"current_hp_per_floor":[72,72,65,65,65,65,62,30,30,30,17,17],"gold":82,"neow_bonus":"RANDOM_COLORLESS","is_daily":false,"chose_seed":false,"campfire_upgraded":1,"win_rate":0.0,"timestamp":1609262402,"path_taken":["M","?","?","?","$","R","M","E","T","M","E"],"items_purchased_type":["Card"],"build_version":"2020-12-22","purchased_purges":0,"victory":false,"max_hp_per_floor":[75,75,75,75,75,75,75,75,75,75,75,75],"relic_stats":{"counters":[5,20],"Question Card":1,"obtain_stats":[{"RobotSpaceExplorer:RoboCore":0,"Question Card":9,"Unceasing Top":8},{"RobotSpaceExplorer:RoboCore":0,"Question Card":3,"Unceasing Top":3},{"RobotSpaceExplorer:RoboCore":0,"Question Card":11,"Unceasing Top":11}],"Unceasing Top":[1]},"card_choices":[{"not_picked":["RobotSpaceExplorer:Counterblock","RobotSpaceExplorer:ShovelStrike","RobotSpaceExplorer:GlueShot"],"picked":"SKIP","floor":1},{"not_picked":["RobotSpaceExplorer:ImprovisedAttack","RobotSpaceExplorer:GearShield"],"picked":"RobotSpaceExplorer:Jetpack","floor":7},{"not_picked":["RobotSpaceExplorer:Electroshield","RobotSpaceExplorer:GearShield","RobotSpaceExplorer:ShovelStrike"],"picked":"SKIP","floor":8},{"not_picked":["RobotSpaceExplorer:GlueShot","RobotSpaceExplorer:SlimeMissile","RobotSpaceExplorer:SwiftStep"],"picked":"RobotSpaceExplorer:LuckyStrike","floor":10}],"player_experience":207699,"relics_obtained":[{"floor":8,"key":"Unceasing Top"},{"floor":9,"key":"Question Card"}],"event_choices":[{"cards_removed":["RobotSpaceExplorer:Defend"],"damage_healed":0,"gold_gain":0,"player_choice":"Card Removal","damage_taken":0,"max_hp_gain":0,"max_hp_loss":0,"event_name":"The Cleric","floor":2,"gold_loss":50},{"cards_removed":["RobotSpaceExplorer:Strike"],"damage_healed":0,"gold_gain":0,"player_choice":"Card Removal","damage_taken":7,"max_hp_gain":0,"max_hp_loss":0,"event_name":"Golden Wing","floor":3,"gold_loss":0},{"damage_healed":0,"gold_gain":0,"player_choice":"1 cards matched","damage_taken":0,"max_hp_gain":0,"max_hp_loss":0,"event_name":"Match and Keep!","floor":4,"gold_loss":0,"cards_obtained":["Swift Strike"]}],"is_beta":false,"boss_relics":[],"items_purged_floors":[],"is_endless":false,"potions_floor_spawned":[8],"killed_by":"Lagavulin","ascension_level":2}}