{"host":"l84l8xigz5v5foa2","time":1609222637,"event":{"mods":["2.2 Compatiblity","AchievementEnabler","BaseMod","Better Note","Better Vampires","Card Filter","Colored Map","DeckTracker","Downfall","Gremlin Skip","Highlight Path","Keyboard Shortcuts","Minty Spire (QoL Compilation)","Permanent Neow","Quick Restart","Relic Filter","Relic Stats","StSLib","SuperFastMode","Transform Curses","Unknown Chances"],"gold_per_floor":[99,117,217,217,229,242,269,20,39,69,69,94,19,19,33,134,134,134,147,161,161,178,191,217,217,102,102,102,102,102,131,150,254,254,254,266,104,154,164,164,187,187,240,90,101,116,2,21,35,35,35,63,63,63,63],"floor_reached":56,"playtime":4984,"items_purged":["champ:Strike","champ:Defend","champ:Defend"],"score":2103,"play_id":"8c93ab40-78b2-4df5-bdbb-1ce50a604c13","local_time":"20201229151717","is_ascension_mode":true,"campfire_choices":[{"data":"champ:Taunt","floor":1.0,"key":"SMITH"},{"data":"champ:Lariat","floor":13.0,"key":"SMITH"},{"data":"champ:HoldFirm","floor":18.0,"key":"SMITH"},{"data":"champ:Balance","floor":27.0,"key":"SMITH"},{"data":"champ:Improvising","floor":29.0,"key":"SMITH"},{"data":"champ:Duel","floor":35.0,"key":"SMITH"},{"floor":40,"key":"RECALL"},{"data":"champ:FocusedDefense","floor":44,"key":"SMITH"},{"data":"champ:Strike","floor":54,"key":"PURGE"}],"circlet_count":0,"master_deck":["AscendersBane","champ:Strike","champ:Strike","champ:Defend","champ:Execute","champ:Taunt+1","champ:Lariat+1","champ:Riposte","champ:EnchantSword","champ:Balance+1","champ:Duel+1","champ:Circumvent","champ:Improvising+1","champ:HoldFirm+1","champ:HoldFirm+1","champ:FocusedDefense+1","champ:DefensiveStyle+1","champ:EnchantCrown","champ:DefensiveShout+1","champ:ShieldThrow","champ:DefensiveStyle","champ:Circumvent+1"],"relics":["champ:ChampionCrown","Centennial Puzzle","Bag of Preparation","Tiny Chest","downfall:HeartBlessingBlue","sneckomod:SneckoTalon","Toy Ornithopter","CaptainsWheel","Nilry\u0027s Codex","Peace Pipe","Philosopher\u0027s Stone","Chemical X","Pocketwatch","Orichalcum","Gremlin Horn","FossilizedHelix","downfall:HeartBlessingRed","downfall:HeartBlessingGreen","Oddly Smooth Stone","Strawberry"],"acts_visited":["Exordium","TheCity","TheBeyond","TheEnding"],"potions_floor_usage":[47,47],"damage_taken":[{"damage":5.0,"enemies":"Small Slimes","floor":2.0,"turns":3.0},{"damage":5.0,"enemies":"Cultist","floor":5.0,"turns":3.0},{"damage":12.0,"enemies":"Jaw Worm","floor":6.0,"turns":4.0},{"damage":5.0,"enemies":"downfall:FleeingMerchant","floor":8.0,"turns":4.0},{"damage":15.0,"enemies":"3 Louse","floor":9.0,"turns":5.0},{"damage":34.0,"enemies":"3 Sentries","floor":10.0,"turns":4.0},{"damage":64.0,"enemies":"Gremlin Nob","floor":12.0,"turns":4.0},{"damage":10.0,"enemies":"Gremlin Gang","floor":15.0,"turns":5.0},{"damage":28.0,"enemies":"downfall:Watcher","floor":16.0,"turns":9.0},{"damage":15.0,"enemies":"3 Byrds","floor":19.0,"turns":6.0},{"damage":11.0,"enemies":"Shell Parasite","floor":20.0,"turns":7.0},{"damage":10.0,"enemies":"Shelled Parasite and Fungi","floor":22.0,"turns":9.0},{"damage":5.0,"enemies":"Snecko","floor":23.0,"turns":5.0},{"damage":5.0,"enemies":"downfall:FleeingMerchant","floor":26.0,"turns":4.0},{"damage":10.0,"enemies":"Slavers","floor":31.0,"turns":8.0},{"damage":27.0,"enemies":"Centurion and Healer","floor":32.0,"turns":4.0},{"damage":0.0,"enemies":"downfall:Ironclad","floor":33.0,"turns":10.0},{"damage":5.0,"enemies":"3 Darklings","floor":36.0,"turns":5.0},{"damage":59.0,"enemies":"downfall:FleeingMerchant","floor":37.0,"turns":4.0},{"damage":5,"enemies":"Mind Bloom Boss Battle","floor":38,"turns":10},{"damage":5,"enemies":"Orb Walker","floor":39,"turns":2},{"damage":10,"enemies":"2 Orb Walkers","floor":43,"turns":5},{"damage":1,"enemies":"4 Shapes","floor":45,"turns":6},{"damage":0,"enemies":"Jaw Worm Horde","floor":46,"turns":4},{"damage":0,"enemies":"downfall:FleeingMerchant","floor":47,"turns":3},{"damage":0,"enemies":"Maw","floor":48,"turns":6},{"damage":0,"enemies":"Transient","floor":49,"turns":5},{"damage":0,"enemies":"downfall:Defect","floor":50,"turns":6},{"damage":0,"enemies":"downfall:CharBossMerchant","floor":52,"turns":4},{"damage":0,"enemies":"downfall:NeowBoss","floor":55,"turns":18}],"seed_played":"-6232531090253020677","potions_obtained":[{"floor":5.0,"key":"champ:TechniquePotion"},{"floor":6.0,"key":"Strength Potion"},{"floor":9.0,"key":"AttackPotion"},{"floor":15.0,"key":"Weak Potion"},{"floor":19.0,"key":"Energy Potion"},{"floor":20.0,"key":"SpeedPotion"},{"floor":31.0,"key":"ColorlessPotion"},{"floor":32.0,"key":"Guardian:BlockOnCardUsePotion"},{"floor":36.0,"key":"ColorlessPotion"},{"floor":46,"key":"DistilledChaos"},{"floor":48,"key":"FearPotion"},{"floor":49,"key":"Fire Potion"}],"is_trial":false,"path_per_floor":["R","M","?","?","M","M","T","$","M","E","?","E","R","?","M","B",null,"R","M","M","?","M","M","T","T","$","R","?","R","?","E","M","B",null,"R","M","$","?","M","R","T","T","?","R","M","M","$","M","M","B",null,"E","$","R","B",null],"character_chosen":"THE_CHAMP","items_purchased":["champ:Balance","champ:Duel","Chemical X","champ:ShieldThrow","champ:DefensiveStyle","Oddly Smooth Stone"],"campfire_rested":0,"item_purchase_floors":[8,8,37,47,47,47],"current_hp_per_floor":[81,81,81,81,81,74,74,74,69,40,50,14,24,24,19,9,85,85,85,79,79,79,79,79,79,79,79,63,63,63,68,77,77,102,102,107,107,107,107,107,107,107,97,97,96,96,106,106,106,106,109,116,116,116,116],"gold":63,"neow_bonus":"RANDOM_COMMON_RELIC","is_daily":false,"chose_seed":false,"campfire_upgraded":7,"win_rate":0.0,"timestamp":1609222637,"path_taken":["R","M","?","?","M","M","T","$","?","E","?","E","R","?","M","BOSS","R","M","M","?","?","M","T","?","$","R","?","R","?","E","M","BOSS","R","M","$","?","M","R","T","?","?","R","M","M","$","?","M","BOSS","E","$","R","BOSS"],"items_purchased_type":["Card","Card","Relic","Card","Card","Relic"],"build_version":"2020-12-22","purchased_purges":3,"victory":true,"max_hp_per_floor":[90,90,90,90,90,90,90,90,90,90,100,100,110,110,110,110,110,110,110,110,110,110,110,110,110,110,110,110,110,110,110,110,110,110,110,110,110,110,110,110,110,110,110,110,110,110,110,110,110,110,110,117,117,117,117],"relic_stats":{"Peace Pipe":1,"Centennial Puzzle":[66],"Gremlin Horn":[9,9],"counters":[30,172],"Tiny Chest":2,"Bag of Preparation":[48],"Chemical X":[20],"Orichalcum":[6],"obtain_stats":[{"Gremlin Horn":42,"downfall:HeartBlessingRed":44,"Nilry\u0027s Codex":28,"Oddly Smooth Stone":47,"champ:ChampionCrown":0,"downfall:HeartBlessingGreen":44,"Bag of Preparation":10,"Orichalcum":41,"sneckomod:SneckoTalon":17,"Peace Pipe":31,"Centennial Puzzle":0,"CaptainsWheel":25,"downfall:HeartBlessingBlue":13,"Strawberry":52,"Tiny Chest":12,"Philosopher\u0027s Stone":34,"Chemical X":37,"Toy Ornithopter":24,"FossilizedHelix":43,"Pocketwatch":38},{"Gremlin Horn":21,"downfall:HeartBlessingRed":22,"Nilry\u0027s Codex":14,"Oddly Smooth Stone":25,"champ:ChampionCrown":0,"downfall:HeartBlessingGreen":22,"Bag of Preparation":6,"Orichalcum":21,"sneckomod:SneckoTalon":9,"Peace Pipe":15,"Centennial Puzzle":0,"CaptainsWheel":13,"downfall:HeartBlessingBlue":7,"Strawberry":29,"Tiny Chest":7,"Philosopher\u0027s Stone":17,"Chemical X":19,"Toy Ornithopter":13,"FossilizedHelix":22,"Pocketwatch":20},{"Gremlin Horn":115,"downfall:HeartBlessingRed":120,"Nilry\u0027s Codex":72,"Oddly Smooth Stone":133,"champ:ChampionCrown":0,"downfall:HeartBlessingGreen":120,"Bag of Preparation":23,"Orichalcum":115,"sneckomod:SneckoTalon":41,"Peace Pipe":80,"Centennial Puzzle":0,"CaptainsWheel":68,"downfall:HeartBlessingBlue":27,"Strawberry":154,"Tiny Chest":27,"Philosopher\u0027s Stone":94,"Chemical X":103,"Toy Ornithopter":68,"FossilizedHelix":120,"Pocketwatch":113}],"Toy Ornithopter":30,"Pocketwatch":[27]},"card_choices":[{"not_picked":["champ:EndlessRage","champ:Riposte"],"picked":"champ:Lariat","floor":2.0},{"not_picked":["champ:Balance","champ:EnGarde"],"picked":"champ:Riposte","floor":5.0},{"not_picked":["champ:DeathBlow","champ:TornadoPunch","champ:StanceDance"],"picked":"SKIP","floor":6.0},{"not_picked":["champ:StanceDance","champ:PerfectedStrike"],"picked":"champ:EnchantSword","floor":8.0},{"not_picked":["champ:Shatter","champ:CrookedStrike","champ:FocusedBerserking"],"picked":"SKIP","floor":9.0},{"not_picked":["champ:EnragedBash","champ:PerfectedStrike"],"picked":"champ:Circumvent","floor":10.0},{"not_picked":["champ:Backstep","champ:Riposte"],"picked":"champ:Improvising","floor":12.0},{"not_picked":["champ:BerserkersShout","champ:DefensiveShout","champ:PerfectedStrike"],"picked":"SKIP","floor":15.0},{"not_picked":["champ:Devastate","champ:CheapShot"],"picked":"champ:HoldFirm","floor":16.0},{"not_picked":["champ:BerserkersShout","champ:TornadoPunch","champ:RapidStrikes+1"],"picked":"SKIP","floor":19.0},{"not_picked":["champ:Circumvent","champ:BladeFlurry","champ:SteelEdge"],"picked":"SKIP","floor":20.0},{"not_picked":["champ:Lariat","champ:PreciseThrust","champ:FocusedBerserking"],"picked":"SKIP","floor":22.0},{"not_picked":["champ:FanOfKnives","champ:GladiatorsShout","champ:GutPunch+1"],"picked":"SKIP","floor":23.0},{"not_picked":["champ:PreciseThrust","champ:RageSigil","champ:TornadoPunch"],"picked":"SKIP","floor":26.0},{"not_picked":["champ:HoldFirm","champ:EnGarde"],"picked":"champ:FocusedDefense","floor":31.0},{"not_picked":["champ:FlashCut","champ:Control"],"picked":"champ:DefensiveStyle+1","floor":32.0},{"not_picked":["champ:ShieldSlam","champ:SwordThrow"],"picked":"champ:EnchantCrown","floor":33.0},{"not_picked":["champ:FlashCut","champ:StanceDance"],"picked":"champ:DefensiveShout+1","floor":36.0},{"not_picked":["champ:StrikeOfGenius","champ:StanceDance","champ:PerfectedStrike+1"],"picked":"SKIP","floor":37.0},{"not_picked":["champ:ShieldSigil","champ:EndlessRage","champ:RageSigil"],"picked":"SKIP","floor":39},{"not_picked":["champ:GutPunch+1","champ:Duel","champ:FocusedDefense"],"picked":"SKIP","floor":45},{"not_picked":["champ:Haymaker+1","champ:Aggression","champ:StanceDance"],"picked":"SKIP","floor":46},{"not_picked":["champ:FanOfKnives","champ:CrookedStrike","champ:DancingMaster"],"picked":"SKIP","floor":47},{"not_picked":["champ:Haymaker","champ:GladiatorsShout"],"picked":"champ:Circumvent+1","floor":48},{"not_picked":["champ:BerserkersShout+1","champ:RageSigil","champ:SkillfulDodge"],"picked":"SKIP","floor":49},{"not_picked":["champ:GutPunch","champ:BladeFlurry","champ:BerserkersShout"],"picked":"SKIP","floor":52}],"player_experience":2773768,"relics_obtained":[{"floor":10.0,"key":"Bag of Preparation"},{"floor":12.0,"key":"Tiny Chest"},{"floor":24.0,"key":"Toy Ornithopter"},{"floor":25.0,"key":"CaptainsWheel"},{"floor":28.0,"key":"Nilry\u0027s Codex"},{"floor":31.0,"key":"Peace Pipe"},{"floor":38,"key":"Pocketwatch"},{"floor":41,"key":"Orichalcum"},{"floor":42,"key":"Gremlin Horn"},{"floor":43,"key":"FossilizedHelix"},{"floor":52,"key":"Strawberry"}],"event_choices":[{"cards_removed":["champ:Defend"],"damage_healed":0.0,"max_hp_gain":0.0,"max_hp_loss":0.0,"gold_gain":0.0,"event_name":"Purifier","player_choice":"Purged","floor":4.0,"gold_loss":0.0,"damage_taken":0.0},{"damage_healed":0.0,"max_hp_gain":0.0,"max_hp_loss":0.0,"gold_gain":0.0,"event_name":"Duplicator","player_choice":"Copied","floor":21.0,"gold_loss":0.0,"damage_taken":0.0,"cards_obtained":["champ:HoldFirm"]},{"damage_healed":0.0,"max_hp_gain":0.0,"max_hp_loss":0.0,"gold_gain":0.0,"event_name":"Ghosts","player_choice":"Ignored","floor":30.0,"gold_loss":0.0,"damage_taken":0.0},{"damage_healed":0,"gold_gain":0,"player_choice":"Fight","damage_taken":0,"max_hp_gain":0,"max_hp_loss":0,"event_name":"Mysterious Sphere","floor":43,"gold_loss":0}],"is_beta":false,"boss_relics":[{"not_picked":["Fusion Hammer","Calling Bell"],"picked":"sneckomod:SneckoTalon"},{"not_picked":["Cursed Key","SlaversCollar"],"picked":"Philosopher\u0027s Stone"}],"items_purged_floors":[8,26,47],"is_endless":false,"potions_floor_spawned":[5,6,9,15,19,20,31,32,36,46,48,49],"ascension_level":12}}