{"host":"q6ma3hi3lrvu4bic","time":1609253090,"event":{"mods":["AchievementEnabler","Act Like it!","Bartender","BaseMod","Better Match","Better Sensory Stone","BetterRewards","CapriCore","Dio Mod","Gold Saver","Hermit","Hero for Fun","Hunter ??","Jorbs\u0027s Wanderer Trilogy","Luminous","Mad Scientist","Marisa????????","Melee Mod","Minty Spire (QoL Compilation)","Nova Terra(??·??)","Potionbrewer","Replay The Spire","SOS???????","Shade Mod","StSLib","Td1madao Mod","The Alterego","The Blackbeard","The Bladedancer","The Bug Knight","The Cursed","The Dragon Tamer","The Exalted","The Forsaken","The Hierophant","The Immortal","The Kombatant","The Marked","The Necromancer","The Runesmith","The Saiyan","The Servant 0.9.4","The Vixen","The Wild Card","TheHero","TheSwordswoman","Yakumo Yukari mod","Yuyuko"],"gold_per_floor":[962,992,552,552,552,552,552,585,585,660,660,689,706,719,96,96,96,194,194,204,219,219,219,219,219,193,193,193,193,210,229,229,229,229,325,325,344,344,354,372,372,372],"floor_reached":41,"playtime":3484,"items_purged":[],"score":445,"play_id":"5fcb417c-0a92-410f-8aa9-1601a3da296b","local_time":"20201229094450","is_ascension_mode":false,"campfire_choices":[{"floor":9,"key":"REST"},{"data":"alterego_mod:TrashNCrash","floor":17,"key":"SMITH"},{"floor":25,"key":"REST"},{"data":"alterego_mod:BigMeatyClaws","floor":29,"key":"SMITH"},{"floor":32,"key":"REST"},{"data":"alterego_mod:Mirror","floor":34,"key":"SMITH"}],"circlet_count":0,"master_deck":["alterego_mod:Strike+1","alterego_mod:Strike+1","alterego_mod:Strike+1","alterego_mod:Strike+1","alterego_mod:Defend+1","alterego_mod:Defend+1","alterego_mod:Defend+1","alterego_mod:Impale","alterego_mod:BigMeatyClaws+1","alterego_mod:BrynhildrsRune","alterego_mod:Cooking","alterego_mod:MaintainEyeContact","alterego_mod:RidiculouslyBig","Dramatic Entrance","alterego_mod:TrashNCrash+1","alterego_mod:Support","alterego_mod:Complex","alterego_mod:Birthday","alterego_mod:GoddessCore","alterego_mod:BiFurious","alterego_mod:Collar+1","alterego_mod:AlterEgo+1","alterego_mod:Punishment","alterego_mod:Cooking","alterego_mod:Mirror+1","alterego_mod:BoobPocket+1","alterego_mod:Mirror+1","alterego_mod:Palingenesis+1","alterego_mod:Undulate+1","alterego_mod:Collar+1","alterego_mod:1TonWallop+1"],"relics":["alterego_mod:MasochisticConstitution","Replay:Towering Pillar of Hats","PreservedInsect","Letter Opener","ReplayTheSpireMod:TigerMarble","Bromod:ArcanePulse","Golden Egg","Bromod:ArcanePistoleer","Replay:Bronze Core","alterego_mod:SomeoneToFightFor","Bromod:ArcaneNullifier","Molten Egg 2","CaptainsWheel","Silver_Glasses"],"acts_visited":["Exordium","TheCity","TheBeyond"],"potions_floor_usage":[1,7,18,20,35,35,35,39],"damage_taken":[{"damage":7,"enemies":"2 Louse","floor":1,"turns":2},{"damage":17,"enemies":"2 Louse","floor":7,"turns":6},{"damage":27,"enemies":"3 Sentries","floor":8,"turns":9},{"damage":18,"enemies":"HollowMod:MossKnight","floor":12,"turns":9},{"damage":0,"enemies":"Small Slimes","floor":13,"turns":3},{"damage":0,"enemies":"Jaw Worm","floor":14,"turns":3},{"damage":55,"enemies":"The Guardian","floor":18,"turns":6},{"damage":25,"enemies":"3 Byrds","floor":20,"turns":5},{"damage":18,"enemies":"Spheric Guardian","floor":21,"turns":5},{"damage":33,"enemies":"Snake Plant","floor":30,"turns":8},{"damage":7,"enemies":"Cultist and Chosen","floor":31,"turns":4},{"damage":39,"enemies":"Collector","floor":35,"turns":7},{"damage":67,"enemies":"3 Shapes","floor":37,"turns":6},{"damage":11,"enemies":"Orb Walker","floor":39,"turns":4},{"damage":30,"enemies":"Transient","floor":40,"turns":5},{"damage":13,"enemies":"4 Shapes","floor":41,"turns":1}],"seed_played":"-3532828163239158415","potions_obtained":[{"floor":0,"key":"Explosive Potion"},{"floor":0,"key":"Milkshake"},{"floor":0,"key":"potionbrewer:DiscountPotion"},{"floor":7,"key":"FearPotion"},{"floor":8,"key":"potionbrewer:AcidPotion"},{"floor":18,"key":"Milkshake"},{"floor":21,"key":"potionbrewer:CleansingPotion"},{"floor":31,"key":"PowerPotion"},{"floor":37,"key":"LiquidMemories"},{"floor":40,"key":"Strength Potion"}],"is_trial":false,"path_per_floor":["M","?","$","PTL","PTL","?","?","E","R","?","T","E","M","M","$","?","R","B",null,"M","M","?","?","?","R","$","T","T","R","M","M","R","?","R","B",null,"M","?","M","M","M"],"character_chosen":"The_Alterego","items_purchased":["alterego_mod:RidiculouslyBig","Dramatic Entrance","PreservedInsect","alterego_mod:TrashNCrash","alterego_mod:Support","Golden Egg","Bromod:ArcanePistoleer","alterego_mod:Collar","alterego_mod:Mirror"],"campfire_rested":3,"item_purchase_floors":[3,3,3,3,3,15,15,15,26],"current_hp_per_floor":[64,64,64,64,64,64,51,28,49,38,38,24,28,35,35,74,74,28,75,59,50,50,37,37,62,62,62,62,62,42,48,74,66,66,68,85,28,28,23,10,0,0],"gold":372,"neow_bonus":"THREE_SMALL_POTIONS","is_daily":false,"chose_seed":false,"campfire_upgraded":3,"win_rate":0.0,"timestamp":1609253090,"path_taken":["M","?","$","PTL","PTL","?","?","E","R","?","T","E","?","M","$","?","R","BOSS","M","M","?","?","?","R","?","?","T","R","M","?","R","?","R","BOSS","M","?","?","M","M"],"items_purchased_type":["Card","Card","Relic","Card","Card","Relic","Relic","Card","Card"],"build_version":"2020-12-22","purchased_purges":0,"victory":false,"max_hp_per_floor":[71,71,71,71,71,71,72,73,73,73,73,74,74,74,74,74,74,75,75,76,77,77,82,82,82,82,82,82,82,83,84,84,84,84,85,85,86,86,87,88,88,88],"card_choices":[{"not_picked":["alterego_mod:BreastValley","alterego_mod:BusterCard"],"picked":"alterego_mod:Cooking","floor":1},{"not_picked":["alterego_mod:Belts","alterego_mod:Swimsuit"],"picked":"alterego_mod:MaintainEyeContact","floor":2},{"not_picked":["alterego_mod:DiscoLights","alterego_mod:Lift"],"picked":"alterego_mod:Complex","floor":8},{"not_picked":["alterego_mod:PerceptionDisorder","alterego_mod:PresenceConcealment"],"picked":"alterego_mod:Birthday","floor":12},{"not_picked":["alterego_mod:1TonWallop","alterego_mod:SuperDuperMasochism"],"picked":"alterego_mod:GoddessCore","floor":13},{"not_picked":["alterego_mod:Complex","alterego_mod:Cycle"],"picked":"alterego_mod:BiFurious","floor":14},{"not_picked":["alterego_mod:InsideBaseball","alterego_mod:Valkyrie"],"picked":"alterego_mod:AlterEgo","floor":18},{"not_picked":["alterego_mod:SakuraLabyrinth","alterego_mod:Maid"],"picked":"alterego_mod:Punishment","floor":20},{"not_picked":["alterego_mod:Table","alterego_mod:Skirt"],"picked":"alterego_mod:Cooking","floor":21},{"not_picked":["alterego_mod:Rip","alterego_mod:MagicResistance"],"picked":"alterego_mod:BoobPocket+1","floor":30},{"not_picked":["alterego_mod:Stockings+1","alterego_mod:Cooking"],"picked":"alterego_mod:Mirror","floor":31},{"not_picked":["alterego_mod:Alter","alterego_mod:GIGAMILK"],"picked":"alterego_mod:Palingenesis","floor":35},{"not_picked":["alterego_mod:Birthday","alterego_mod:DestructionOfProperty"],"picked":"alterego_mod:Undulate+1","floor":37},{"not_picked":["alterego_mod:Complex+1","alterego_mod:IndependentAction+1"],"picked":"alterego_mod:Collar+1","floor":39},{"not_picked":["alterego_mod:Santa+1","alterego_mod:Undulate+1"],"picked":"alterego_mod:1TonWallop+1","floor":40}],"player_experience":45685,"relics_obtained":[{"floor":2,"key":"Replay:Towering Pillar of Hats"},{"floor":8,"key":"Letter Opener"},{"floor":11,"key":"ReplayTheSpireMod:TigerMarble"},{"floor":12,"key":"Bromod:ArcanePulse"},{"floor":27,"key":"Bromod:ArcaneNullifier"},{"floor":28,"key":"Molten Egg 2"}],"event_choices":[{"damage_healed":0,"gold_gain":0,"player_choice":"Ignored","damage_taken":0,"max_hp_gain":0,"max_hp_loss":0,"event_name":"Golden Wing","floor":6,"gold_loss":0},{"damage_healed":0,"gold_gain":75,"player_choice":"Gather Gold","damage_taken":11,"max_hp_gain":0,"max_hp_loss":0,"event_name":"World of Goop","floor":10,"gold_loss":0},{"damage_healed":39,"gold_gain":0,"player_choice":"Full Heal","damage_taken":0,"max_hp_gain":0,"max_hp_loss":0,"event_name":"Wheel of Change","floor":16,"gold_loss":0},{"damage_healed":0,"gold_gain":0,"player_choice":"Simplicity","damage_taken":0,"max_hp_gain":0,"max_hp_loss":0,"event_name":"Back to Basics","floor":22,"gold_loss":0,"cards_upgraded":["alterego_mod:Strike","alterego_mod:Strike","alterego_mod:Strike","alterego_mod:Strike","alterego_mod:Defend","alterego_mod:Defend","alterego_mod:Defend","alterego_mod:Defend"]},{"damage_healed":0,"gold_gain":0,"player_choice":"Shed Blood","damage_taken":19,"max_hp_gain":5,"max_hp_loss":0,"event_name":"Forgotten Altar","floor":23,"gold_loss":0},{"damage_healed":0,"gold_gain":0,"player_choice":"Choice 2","damage_taken":0,"relics_obtained":["alterego_mod:SomeoneToFightFor"],"max_hp_gain":0,"max_hp_loss":0,"event_name":"Secret Garden","floor":24,"gold_loss":0},{"damage_healed":0,"gold_gain":0,"player_choice":"CaptainsWheel","damage_taken":0,"relics_obtained":["CaptainsWheel"],"max_hp_gain":0,"max_hp_loss":0,"event_name":"blackbeard:ShipwreckEvent","floor":33,"gold_loss":0},{"cards_removed":["alterego_mod:Defend"],"damage_healed":0,"gold_gain":0,"player_choice":"Purged","damage_taken":0,"max_hp_gain":0,"max_hp_loss":0,"event_name":"Purifier","floor":38,"gold_loss":0}],"is_beta":false,"boss_relics":[{"not_picked":["Sozu","ReplayTheSpireMod:DimensionalGlitch"],"picked":"Replay:Bronze Core"},{"not_picked":["Bromod:ArcaneBarrier","Runic Pyramid"],"picked":"Silver_Glasses"}],"items_purged_floors":[],"is_endless":false,"potions_floor_spawned":[7,8,18,21,31,37,40],"killed_by":"4 Shapes","ascension_level":0}}