{"host":"m1168lp3vv5pgdep","time":1609284800,"event":{"mods":["Act Like it!","Aspiration","BaseMod","Better Altar","Better Match","Better Sensory Stone","Better Skull","Better Third Choice","Block Reminder","CCEM","Curses Come First","Elementarium","Gensokyo","GungeonMod","Hallownest","Hermit","Hubris","Menagerie","Minty Spire (QoL Compilation)","Pale of the Ancients","Permanent Neow","Quick Restart","Small Relic Pack","Spicy Shops","StSLib","The Bug Knight","The Forsaken","Wandering Minibosses","WarShipGirlsR/????R mod"],"gold_per_floor":[112,6,6,6,18,18,33,33,105,119,40,40,50,77,77,181,181,198,23,39,302,319,344,362,362,387,401,417,417,417],"floor_reached":29,"playtime":2563,"items_purged":["rmod:supriseattacks","rmod:strick"],"score":247,"play_id":"6b06fe2f-315e-4910-88e3-7928fc3d9a4e","local_time":"20201229233320","is_ascension_mode":false,"campfire_choices":[{"floor":6,"key":"RECALL"},{"data":"rmod:aviationdawn","floor":12,"key":"SMITH"},{"data":"rmod:fletcher","floor":15,"key":"SMITH"},{"floor":25,"key":"REST"}],"circlet_count":0,"master_deck":["rmod:strick","rmod:strick","rmod:strick","rmod:defend","rmod:defend","rmod:defend","rmod:defend","rmod:basicallowance","rmod:maingunfire","rmod:firesupport","rmod:supportescort","rmod:generalist","rmod:fletcherpendant","rmod:aviationdawn+1","rmod:mineteam","rmod:fletcher+1","rmod:abidefaith","rmod:salvage","rmod:fletcherpendant","rmod:luckystar","rmod:generalist","rmod:fletcherpendant","rmod:firesupport"],"relics":["rmod:firstchargereward","hubris:FunFungus","relicPack:OneForAll","DemoMod:MonsterBlood","aspiration:RitualDagger","CCEMRelics:Barrel","DemoMod:WeirdEgg"],"acts_visited":["Gensokyo:Gensokyo","Hallownest:CityofTears"],"potions_floor_usage":[16,18,20,23,27,29,29],"damage_taken":[{"damage":0,"enemies":"Gensokyo:3_Fairies","floor":1,"turns":6},{"damage":6,"enemies":"Gensokyo:Gryphon","floor":5,"turns":5},{"damage":5,"enemies":"Gensokyo:Python","floor":7,"turns":4},{"damage":3,"enemies":"Gensokyo:Kitsune","floor":10,"turns":4},{"damage":0,"enemies":"Gensokyo:LivingMonolith","floor":13,"turns":3},{"damage":16,"enemies":"Gensokyo:Cirno","floor":14,"turns":5},{"damage":16,"enemies":"Gensokyo:Yukari","floor":16,"turns":10},{"damage":59,"enemies":"Hallownest:Guard_and_Sentry","floor":18,"turns":5},{"damage":67,"enemies":"Hallownest:2_Mistakes","floor":20,"turns":8},{"damage":24,"enemies":"Hallownest:Warrior_and_Youth","floor":22,"turns":5},{"damage":50,"enemies":"Hallownest:eliteSoulWarrior","floor":23,"turns":5},{"damage":12,"enemies":"Hallownest:monsterShrumalOgre","floor":24,"turns":4},{"damage":39,"enemies":"Hallownest:2_Flukemon","floor":27,"turns":7},{"damage":23,"enemies":"Hallownest:Warrior_and_Youth","floor":28,"turns":5},{"damage":19,"enemies":"Hallownest:Master_and_Novice","floor":29,"turns":2}],"seed_played":"3953355015320050927","potions_obtained":[{"floor":10,"key":"AttackPotion"},{"floor":14,"key":"GamblersBrew"},{"floor":16,"key":"ColorlessPotion"},{"floor":20,"key":"Weak Potion"},{"floor":22,"key":"LiquidMemories"},{"floor":23,"key":"CultistPotion"},{"floor":28,"key":"Ancient Potion"}],"is_trial":false,"path_per_floor":["M","COS","?","?","M","R","M","$","T","M","$","R","M","E","R","B",null,"M","$","M","?","M","E","M","R","T","M","M","M"],"character_chosen":"PRAEFECT","items_purchased":["rmod:mineteam"],"campfire_rested":1,"item_purchase_floors":[11],"current_hp_per_floor":[61,61,61,61,56,56,52,52,52,50,50,50,52,43,43,82,82,24,24,56,56,42,11,11,35,35,23,14,0,0],"gold":417,"neow_bonus":"ONE_RARE_RELIC","is_daily":false,"chose_seed":false,"campfire_upgraded":2,"win_rate":0.0,"timestamp":1609284800,"path_taken":["M","COS","?","?","?","R","M","$","T","M","?","R","M","E","R","BOSS","M","$","?","?","M","E","M","R","T","M","M","M"],"items_purchased_type":["Card"],"build_version":"2020-12-22","purchased_purges":2,"victory":false,"max_hp_per_floor":[75,75,75,75,75,75,75,75,75,75,75,75,75,82,82,82,82,82,82,82,82,82,82,82,82,82,82,82,82,82],"card_choices":[{"not_picked":["rmod:diamondstrike","rmod:ammunitionsupply"],"picked":"rmod:firesupport","floor":1},{"not_picked":[],"picked":"rmod:supportescort","floor":4},{"not_picked":["rmod:chargemoney","rmod:supportescort"],"picked":"rmod:generalist","floor":5},{"not_picked":["rmod:garrisonisland","rmod:aviationdawn"],"picked":"rmod:fletcherpendant","floor":7},{"not_picked":["rmod:steelsupply","rmod:intelligenceanalysis"],"picked":"rmod:aviationdawn","floor":10},{"not_picked":["rmod:firesupport","rmod:tearstotiara"],"picked":"rmod:supriseattacks","floor":13},{"not_picked":["rmod:sl","rmod:fletcherpendant"],"picked":"rmod:fletcher","floor":14},{"not_picked":["rmod:expeditionaryescort","rmod:stealaluminum"],"picked":"rmod:abidefaith","floor":16},{"not_picked":["rmod:luckystar","rmod:launchingtorpedo","rmod:slowdown"],"picked":"SKIP","floor":18},{"not_picked":["rmod:circuitoustactics","rmod:firesupport+1"],"picked":"rmod:salvage","floor":20},{"not_picked":["rmod:victimresponsibility","rmod:tearstotiara"],"picked":"rmod:luckystar","floor":22},{"not_picked":["rmod:circuitoustactics","rmod:chargemoney+1"],"picked":"rmod:generalist","floor":23},{"not_picked":["rmod:rockthrower","rmod:tearstotiara","rmod:wolves"],"picked":"SKIP","floor":24},{"not_picked":["rmod:bulid","rmod:intelligenceanalysis+1","rmod:victimresponsibility"],"picked":"SKIP","floor":27},{"not_picked":["rmod:tearstotiara","rmod:launchingtorpedo"],"picked":"rmod:firesupport","floor":28}],"player_experience":227551,"relics_obtained":[{"floor":14,"key":"DemoMod:MonsterBlood"},{"floor":23,"key":"CCEMRelics:Barrel"},{"floor":26,"key":"DemoMod:WeirdEgg"}],"event_choices":[],"is_beta":false,"boss_relics":[{"not_picked":["Ectoplasm","Busted Crown"],"picked":"aspiration:RitualDagger"}],"items_purged_floors":[19,19],"is_endless":false,"potions_floor_spawned":[10,14,16,20,22,23,28],"killed_by":"Hallownest:Master_and_Novice","ascension_level":0}}