{"host":"vfg9szunmpjwj08o","time":1609278117,"event":{"mods":["Act Like it!","BaseMod","Challenge The Spire","Colored Map","Colored Powertips","Minty Spire (QoL Compilation)","StSLib","Waifu the Spire"],"gold_per_floor":[116,266,276,201,3,36,46,77,77,77,77,77],"floor_reached":11,"playtime":222,"items_purged":[],"score":207,"play_id":"f73b038e-4909-410d-aa6a-88138d7923e0","local_time":"20201229224157","is_ascension_mode":true,"campfire_choices":[{"data":"Zap","floor":10,"key":"SMITH"}],"circlet_count":0,"master_deck":["AscendersBane","Strike_B","Strike_B","Strike_B","Strike_B","Defend_B","Defend_B","Defend_B","Defend_B","Zap+1","Dualcast","Defragment","Recycle","Coolheaded","FTL","Blizzard","Coolheaded"],"relics":["Cracked Core","NeowsBlessing","Membership Card","Boot","MealTicket"],"acts_visited":["Exordium"],"potions_floor_usage":[],"damage_taken":[{"damage":0,"enemies":"Small Slimes","floor":1,"turns":1},{"damage":0,"enemies":"Jaw Worm","floor":3,"turns":1},{"damage":0,"enemies":"3 Sentries","floor":6,"turns":2},{"damage":1,"enemies":"Cultist","floor":7,"turns":3},{"damage":30,"enemies":"Lagavulin","floor":8,"turns":6},{"damage":35,"enemies":"Gremlin Nob","floor":11,"turns":3}],"seed_played":"2962652895865980496","potions_obtained":[],"is_trial":false,"path_per_floor":["M","?","M","?","$","E","M","E","T","R","E"],"character_chosen":"DEFECT","items_purchased":["Membership Card","Coolheaded"],"campfire_rested":0,"item_purchase_floors":[5,5],"current_hp_per_floor":[64,64,64,64,64,64,63,33,33,33,0,0],"gold":77,"neow_bonus":"THREE_ENEMY_KILL","is_daily":false,"chose_seed":false,"campfire_upgraded":1,"win_rate":0.0,"timestamp":1609278117,"path_taken":["M","?","M","?","$","E","M","E","T","R","E"],"items_purchased_type":["Relic","Card"],"build_version":"2020-12-22","purchased_purges":0,"victory":false,"max_hp_per_floor":[71,71,71,71,71,71,71,71,71,71,71,71],"card_choices":[{"not_picked":["Leap","Steam"],"picked":"Defragment","floor":1},{"not_picked":["Sweeping Beam","Stack"],"picked":"Recycle","floor":3},{"not_picked":["Beam Cell","Static Discharge"],"picked":"FTL","floor":6},{"not_picked":["Barrage","Redo"],"picked":"Blizzard","floor":7},{"not_picked":["Gash","Aggregate"],"picked":"Coolheaded","floor":8}],"player_experience":1016051,"relics_obtained":[{"floor":6,"key":"Boot"},{"floor":9,"key":"MealTicket"}],"event_choices":[{"damage_healed":0,"gold_gain":150,"player_choice":"AGREE","damage_taken":0,"max_hp_gain":0,"max_hp_loss":0,"event_name":"Liars Game","floor":2,"gold_loss":0,"cards_obtained":["Doubt"]},{"cards_removed":["Doubt"],"damage_healed":0,"gold_gain":0,"player_choice":"Card Removal","damage_taken":0,"max_hp_gain":0,"max_hp_loss":0,"event_name":"The Cleric","floor":4,"gold_loss":75}],"is_beta":false,"boss_relics":[],"items_purged_floors":[],"is_endless":false,"potions_floor_spawned":[],"killed_by":"Gremlin Nob","ascension_level":19}}