{"host":"8by3m8mve9y2rhh4","time":1609206158,"event":{"mods":["BaseMod","Minty Spire (QoL Compilation)","Quick Restart"],"gold_per_floor":[112,123,123,73,87,114,114,134,134,165,165,340,360,389,389,491,491,503,184,184,203,222,257,257,257,257],"floor_reached":25,"playtime":909,"items_purged":["Strike_R"],"score":279,"play_id":"9aebc158-930f-4f9e-aac7-0f2c9ff79b98","local_time":"20201229014238","is_ascension_mode":true,"campfire_choices":[{"data":"Armaments","floor":7,"key":"SMITH"},{"floor":11,"key":"RECALL"},{"floor":15,"key":"REST"},{"floor":24,"key":"REST"}],"circlet_count":0,"master_deck":["Strike_R","Strike_R","Strike_R+1","Defend_R","Defend_R","Defend_R","Defend_R+1","Bash","Swift Strike","Armaments+1","Iron Wave","Spot Weakness","Clothesline","Juggernaut","Doubt","Iron Wave","Berserk+1","Rampage","Shrug It Off","Shrug It Off+1"],"relics":["Burning Blood","Orichalcum","Ornamental Fan","Ice Cream","Gremlin Horn","SlaversCollar","HornCleat","Bottled Lightning"],"acts_visited":["Exordium","TheCity"],"potions_floor_usage":[6,16,18,18,22,22,23],"damage_taken":[{"damage":0,"enemies":"Small Slimes","floor":1,"turns":2},{"damage":2,"enemies":"2 Louse","floor":2,"turns":3},{"damage":1,"enemies":"Cultist","floor":5,"turns":3},{"damage":0,"enemies":"3 Sentries","floor":6,"turns":9},{"damage":2,"enemies":"Large Slime","floor":8,"turns":6},{"damage":13,"enemies":"Gremlin Nob","floor":10,"turns":4},{"damage":13,"enemies":"2 Fungi Beasts","floor":13,"turns":4},{"damage":11,"enemies":"3 Sentries","floor":14,"turns":8},{"damage":20,"enemies":"The Guardian","floor":16,"turns":9},{"damage":33,"enemies":"3 Byrds","floor":18,"turns":6},{"damage":22,"enemies":"Chosen","floor":21,"turns":5},{"damage":0,"enemies":"Snake Plant","floor":22,"turns":5},{"damage":27,"enemies":"Slavers","floor":23,"turns":6},{"damage":46,"enemies":"3 Cultists","floor":25,"turns":5}],"seed_played":"2974846295310942261","potions_obtained":[{"floor":2,"key":"HeartOfIron"},{"floor":6,"key":"LiquidMemories"},{"floor":10,"key":"Weak Potion"},{"floor":14,"key":"Weak Potion"},{"floor":16,"key":"SneckoOil"},{"floor":18,"key":"HeartOfIron"},{"floor":21,"key":"DistilledChaos"}],"is_trial":false,"path_per_floor":["M","M","?","?","M","E","R","M","T","E","R","?","M","E","R","B",null,"M","$","?","M","M","E","R","M"],"character_chosen":"IRONCLAD","items_purchased":["HornCleat"],"campfire_rested":2,"item_purchase_floors":[19],"current_hp_per_floor":[80,80,64,64,69,75,75,79,79,72,72,72,65,60,80,66,80,53,53,53,37,43,22,46,0,0],"gold":257,"neow_bonus":"RANDOM_COLORLESS","is_daily":false,"chose_seed":false,"campfire_upgraded":1,"win_rate":0.0,"timestamp":1609206158,"path_taken":["M","M","?","?","M","E","R","M","T","E","R","?","M","E","R","BOSS","M","$","?","M","M","E","R","M"],"items_purchased_type":["Relic"],"build_version":"2020-12-22","purchased_purges":1,"victory":false,"max_hp_per_floor":[80,80,80,80,80,80,80,80,80,80,80,80,80,80,80,80,80,80,80,80,80,80,80,80,80,80],"card_choices":[{"not_picked":["Madness","Mind Blast"],"picked":"Swift Strike","floor":0},{"not_picked":["Clash","Anger"],"picked":"Armaments","floor":1},{"not_picked":["Offering","Anger","Burning Pact"],"picked":"SKIP","floor":2},{"not_picked":["Offering","Anger","Burning Pact"],"picked":"SKIP","floor":2},{"not_picked":["Clothesline","Shrug It Off"],"picked":"Iron Wave","floor":5},{"not_picked":["Bloodletting","Blood for Blood"],"picked":"Spot Weakness","floor":6},{"not_picked":["Clash","Ghostly Armor"],"picked":"Clothesline","floor":8},{"not_picked":["Perfected Strike","Pummel"],"picked":"Juggernaut","floor":10},{"not_picked":["Rupture","Sword Boomerang"],"picked":"Iron Wave","floor":13},{"not_picked":["Flex","True Grit","Corruption"],"picked":"SKIP","floor":14},{"not_picked":["Fiend Fire","Immolate"],"picked":"Berserk","floor":16},{"not_picked":["Anger+1","Reckless Charge","Clash"],"picked":"SKIP","floor":18},{"not_picked":["Body Slam","Wild Strike"],"picked":"Rampage","floor":21},{"not_picked":["Anger+1","Clothesline"],"picked":"Shrug It Off","floor":22},{"not_picked":["Armaments","Heavy Blade"],"picked":"Shrug It Off+1","floor":23}],"player_experience":617283,"relics_obtained":[{"floor":6,"key":"Orichalcum"},{"floor":9,"key":"Ornamental Fan"},{"floor":10,"key":"Ice Cream"},{"floor":14,"key":"Gremlin Horn"},{"floor":23,"key":"Bottled Lightning"}],"event_choices":[{"damage_healed":0,"gold_gain":0,"player_choice":"Entered Light","damage_taken":16,"max_hp_gain":0,"max_hp_loss":0,"event_name":"Shining Light","floor":3,"gold_loss":0,"cards_upgraded":["Defend_R","Strike_R"]},{"cards_removed":["Strike_R"],"damage_healed":0,"gold_gain":0,"player_choice":"Card Removal","damage_taken":0,"max_hp_gain":0,"max_hp_loss":0,"event_name":"The Cleric","floor":4,"gold_loss":50},{"damage_healed":0,"gold_gain":175,"player_choice":"AGREE","damage_taken":0,"max_hp_gain":0,"max_hp_loss":0,"event_name":"Liars Game","floor":12,"gold_loss":0,"cards_obtained":["Doubt"]},{"damage_healed":0,"gold_gain":0,"player_choice":"Upgraded","damage_taken":0,"max_hp_gain":0,"max_hp_loss":0,"event_name":"Upgrade Shrine","floor":20,"gold_loss":0,"cards_upgraded":["Berserk"]}],"is_beta":false,"boss_relics":[{"not_picked":["Runic Pyramid","Cursed Key"],"picked":"SlaversCollar"}],"items_purged_floors":[19],"is_endless":false,"potions_floor_spawned":[2,6,10,14,16,18,21],"killed_by":"3 Cultists","ascension_level":1}}