{"host":"hdafziggwnbzqpcb","time":1609226906,"event":{"mods":["BaseMod","Better Vampires","Colored Map","Colored Powertips","Curses Come First","Duelist Mod","GifTheSpireLib","Hero for Fun","Minty Spire (QoL Compilation)","Quick Restart","Rare Cards Sparkle","Relic Stats","Spicy Shops","StSLib","The Bug Knight","The Cursed","The Marked","The Senshi","The Wild Card","TheHero"],"gold_per_floor":[116,41,141,154,54,80,104,132,168,180,209,233,245,257,269,378,390,421,433,250,278,278,278],"floor_reached":22,"playtime":1327,"items_purged":["theSenshi:SailorBlock","theSenshi:SailorBlock","theSenshi:SailorKick"],"score":202,"play_id":"a3a3871d-0d66-4186-b933-c8023f76b655","local_time":"20201228232826","is_ascension_mode":true,"campfire_choices":[{"floor":10.0,"key":"REST"},{"data":"theSenshi:MoonPrismPowerMakeUp","floor":13.0,"key":"SMITH"},{"data":"theSenshi:RoseThrow","floor":15.0,"key":"SMITH"}],"circlet_count":0,"master_deck":["theSenshi:SailorKick","theSenshi:SailorKick","theSenshi:SailorBlock","theSenshi:SailorBlock","theSenshi:RoseThrow+1","theSenshi:MoonPrismPowerMakeUp+1","theSenshi:SteeledNerves","theSenshi:MoonPunch","theSenshi:MoonTiaraMagic","theSenshi:SilverCrystal","theSenshi:LateForSchool"],"relics":["theSenshi:TransformationBroochRelic","theSenshi:EternalTiareRelic","MawBank","Lantern","SlaversCollar","Red Mask"],"acts_visited":["Exordium","TheCity"],"potions_floor_usage":[],"damage_taken":[{"damage":0.0,"enemies":"Jaw Worm","floor":1.0,"turns":3.0},{"damage":0.0,"enemies":"Cultist","floor":4.0,"turns":3.0},{"damage":27.0,"enemies":"3 Sentries","floor":6.0,"turns":7.0},{"damage":0.0,"enemies":"2 Louse","floor":7.0,"turns":2.0},{"damage":15.0,"enemies":"Exordium Wildlife","floor":8.0,"turns":3.0},{"damage":0.0,"enemies":"2 Fungi Beasts","floor":11.0,"turns":2.0},{"damage":0.0,"enemies":"Blue Slaver","floor":12.0,"turns":1.0},{"damage":22.0,"enemies":"Hexaghost","floor":16.0,"turns":9.0},{"damage":41.0,"enemies":"Shell Parasite","floor":18.0,"turns":5.0},{"damage":53,"enemies":"Masked Bandits","floor":21,"turns":5},{"damage":6,"enemies":"3 Byrds","floor":22,"turns":2}],"seed_played":"-6506762717098130311","potions_obtained":[{"floor":6.0,"key":"DistilledChaos"},{"floor":7.0,"key":"Swift Potion"},{"floor":8.0,"key":"Fire Potion"}],"is_trial":false,"path_per_floor":["M","$","?","M","$","E","M","M","T","R","M","M","R","?","R","B",null,"M","?","$","?","M"],"character_chosen":"THE_SENSHI","items_purchased":["theSenshi:LateForSchool"],"campfire_rested":1,"item_purchase_floors":[20],"current_hp_per_floor":[54,54,54,54,54,27,27,12,12,34,34,34,34,34,34,12,75,34,59,59,6,0,0],"gold":278,"neow_bonus":"ONE_RARE_RELIC","is_daily":false,"chose_seed":false,"campfire_upgraded":2,"win_rate":0.0,"timestamp":1609226906,"path_taken":["M","$","?","?","?","E","M","M","T","R","M","?","R","?","R","BOSS","M","?","$","?","M"],"items_purchased_type":["Card"],"build_version":"2020-12-22","purchased_purges":3,"victory":false,"max_hp_per_floor":[75,75,75,75,75,75,75,75,75,75,75,75,75,75,75,75,75,75,75,75,75,75,75],"relic_stats":{"counters":[11,42],"MawBank":168,"obtain_stats":[{"SlaversCollar":17,"Lantern":9,"theSenshi:TransformationBroochRelic":0,"Red Mask":21,"MawBank":6,"theSenshi:EternalTiareRelic":0},{"SlaversCollar":8,"Lantern":5,"theSenshi:TransformationBroochRelic":0,"Red Mask":10,"MawBank":3,"theSenshi:EternalTiareRelic":0},{"SlaversCollar":30,"Lantern":18,"theSenshi:TransformationBroochRelic":0,"Red Mask":40,"MawBank":13,"theSenshi:EternalTiareRelic":0}]},"card_choices":[{"not_picked":["theSenshi:MoonKick","theSenshi:KlutzyLuck","theSenshi:SailorJupiterAssists"],"picked":"SKIP","floor":1.0},{"not_picked":["theSenshi:MoonTiaraMagic","theSenshi:SailorMercuryAssists"],"picked":"theSenshi:SteeledNerves","floor":4.0},{"not_picked":["theSenshi:SailorStarMakerAssists","theSenshi:YouCanTalk"],"picked":"theSenshi:MoonPunch","floor":6.0},{"not_picked":["theSenshi:SailorPlanetAttack","theSenshi:MoonsReflection"],"picked":"theSenshi:MoonTiaraMagic","floor":7.0},{"not_picked":["theSenshi:OdangoHead","theSenshi:SupersonicWaves","theSenshi:SailorVenusAssists"],"picked":"SKIP","floor":8.0},{"not_picked":["theSenshi:SaturnsMystery","theSenshi:SailorV","theSenshi:SupersonicWaves"],"picked":"SKIP","floor":11.0},{"not_picked":["theSenshi:SupersonicWaves","theSenshi:TallSilhouette","theSenshi:JupitersPower"],"picked":"SKIP","floor":12.0},{"not_picked":["theSenshi:SailorSaturnAssists","theSenshi:GlimpseOfThePast"],"picked":"theSenshi:SilverCrystal","floor":16.0},{"not_picked":["theSenshi:OdangoHead","theSenshi:EncouragingSpeech","theSenshi:MoonsReflection"],"picked":"SKIP","floor":18.0}],"player_experience":681182,"relics_obtained":[{"floor":6.0,"key":"MawBank"},{"floor":9.0,"key":"Lantern"},{"floor":21,"key":"Red Mask"}],"event_choices":[{"damage_healed":0.0,"max_hp_gain":0.0,"max_hp_loss":0.0,"gold_gain":100.0,"event_name":"Golden Shrine","player_choice":"Pray","floor":3.0,"gold_loss":0.0,"damage_taken":0.0},{"cards_removed":["theSenshi:SailorKick"],"damage_healed":0.0,"max_hp_gain":0.0,"max_hp_loss":0.0,"gold_gain":0.0,"event_name":"Living Wall","player_choice":"Forget","floor":14.0,"gold_loss":0.0,"damage_taken":0.0},{"damage_healed":25,"gold_gain":0,"player_choice":"Heal","damage_taken":0,"max_hp_gain":0,"max_hp_loss":0,"event_name":"The Library","floor":19,"gold_loss":0},{"damage_healed":0,"gold_gain":0,"player_choice":"Fought Bandits","damage_taken":0,"max_hp_gain":0,"max_hp_loss":0,"event_name":"Masked Bandits","floor":21,"gold_loss":0}],"is_beta":false,"boss_relics":[{"not_picked":["Busted Crown","Calling Bell"],"picked":"SlaversCollar"}],"items_purged_floors":[2,5,20],"is_endless":false,"potions_floor_spawned":[6,7,8,11],"killed_by":"3 Byrds","ascension_level":2}}