{"host":"h5acbxt0wmjo1kpm","time":1609227322,"event":{"mods":["2.2 Compatiblity","Act Like it!","AlwaysNeverKeys","Aspiration","Bartender","BaseMod","Better Third Choice","Colored Map","Elementarium","Gensokyo","GifTheSpireLib","Hallownest","Marisa????????","Minty Spire (QoL Compilation)","Permanent Neow","Potionbrewer","Relic Filter","Replay The Spire","Robot Space Explorer","RumiaBox-????????","Shade Mod","Spicy Shops","StSLib","Strawberry Spire","The Blackbeard","The Dragon Tamer","The Forsaken","The Gatherer","The Problem Sleuth","The Servant 0.9.4","Wandering Minibosses","vexMod"],"gold_per_floor":[114,129,37,137,150,176,176,176,176],"floor_reached":8,"playtime":335,"items_purged":[],"score":91,"play_id":"dd493c73-1762-4d7b-81f9-7a1d00e8dba9","local_time":"20201228233522","is_ascension_mode":true,"campfire_choices":[{"floor":7,"key":"REST"}],"circlet_count":0,"master_deck":["AscendersBane","Strike_B","Strike_B","Strike_B","Strike_B","Defend_B","Defend_B","Defend_B","Defend_B","Zap","Dualcast","strawberrySpire:DataDump","Mirror Shield","Streamline","Ball Lightning","Self Repair"],"relics":["aspiration:PoetsPen_weak","strawberrySpire:BonfireDress"],"acts_visited":["Gensokyo:Gensokyo"],"potions_floor_usage":[6],"damage_taken":[{"damage":16,"enemies":"Gensokyo:3_Fairies","floor":1,"turns":4},{"damage":8,"enemies":"Gensokyo:2_Kodama","floor":2,"turns":3},{"damage":8,"enemies":"Gensokyo:Python","floor":5,"turns":5},{"damage":17,"enemies":"Gensokyo:Cirno","floor":6,"turns":5},{"damage":40,"enemies":"Gensokyo:Aya","floor":8,"turns":5}],"seed_played":"-7954474607798439749","potions_obtained":[{"floor":5,"key":"Adrenaline Potion"},{"floor":6,"key":"potionbrewer:ToxicPotion"}],"is_trial":false,"path_per_floor":["M","M","$","?","M","E","R","E"],"character_chosen":"DEFECT","items_purchased":["Streamline"],"campfire_rested":1,"item_purchase_floors":[3],"current_hp_per_floor":[48,40,40,40,32,15,36,0,0],"gold":176,"neow_bonus":"BOSS_RELIC","is_daily":false,"chose_seed":false,"campfire_upgraded":0,"win_rate":0.0,"timestamp":1609227322,"path_taken":["M","M","$","?","M","E","R","E"],"items_purchased_type":["Card"],"build_version":"2020-12-22","purchased_purges":0,"victory":false,"max_hp_per_floor":[71,71,71,71,71,71,71,71,71],"card_choices":[{"not_picked":["strawberrySpire:NeonFlight","Rebound"],"picked":"strawberrySpire:DataDump","floor":1},{"not_picked":["Chaos","Conserve Battery"],"picked":"Mirror Shield","floor":2},{"not_picked":["strawberrySpire:GearCrunch","Turbo"],"picked":"Ball Lightning","floor":5},{"not_picked":["Force Field","Machine Learning"],"picked":"Self Repair","floor":6}],"player_experience":1982275,"relics_obtained":[{"floor":6,"key":"strawberrySpire:BonfireDress"}],"event_choices":[],"is_beta":false,"boss_relics":[],"items_purged_floors":[],"is_endless":false,"potions_floor_spawned":[5,6],"killed_by":"Gensokyo:Aya","ascension_level":15}}