{"host":"kmq7aw60w430zvtx","time":1609264347,"event":{"mods":["BaseMod","Downfall","GifTheSpireLib","Hermit","Hubris","Minty Spire (QoL Compilation)","Replay The Spire","StSLib","The Construct","The Cursed","The Hierophant","The Jungle","The Necromancer","The Runesmith"],"gold_per_floor":[119,186,186,202,221,250,250,72,147,147,164,164,42,42,42,144,144,154,154,168,168,168],"floor_reached":21,"playtime":912,"items_purged":["Strike_B"],"score":177,"play_id":"b6257931-6bd8-4c3d-8316-0376e7dd7a62","local_time":"20201229185227","is_ascension_mode":false,"campfire_choices":[{"floor":7,"key":"REST"},{"data":"Metamorphosis","floor":10,"key":"SMITH"},{"floor":12,"key":"RECALL"},{"floor":15,"key":"REST"}],"circlet_count":0,"master_deck":["Strike_B","Strike_B","Strike_B","Defend_B","Defend_B","Defend_B","Defend_B","Zap","Dualcast","Beam Cell","Sweeping Beam","Go for the Eyes","Beam Cell","Gash","Metamorphosis+1","White Noise","Conserve Battery","Creative AI","Redo","ReplayGash","Go for the Eyes+1"],"relics":["Cracked Core","Mirror","Blue Candle","hubris:Towel","hubris:VirtuousBlindfold"],"acts_visited":["Exordium","TheCity"],"potions_floor_usage":[6,21],"damage_taken":[{"damage":0,"enemies":"Small Slimes","floor":1,"turns":4},{"damage":3,"enemies":"Jaw Worm","floor":4,"turns":3},{"damage":7,"enemies":"2 Louse","floor":5,"turns":3},{"damage":41,"enemies":"Lagavulin","floor":6,"turns":6},{"damage":8,"enemies":"Red Slaver","floor":11,"turns":3},{"damage":45,"enemies":"Fading Forest","floor":16,"turns":11},{"damage":32,"enemies":"3 Byrds","floor":18,"turns":5},{"damage":31,"enemies":"2 Thieves","floor":20,"turns":4},{"damage":30,"enemies":"3 Cultists","floor":21,"turns":3}],"seed_played":"9125248372192332149","potions_obtained":[{"floor":2,"key":"DistilledChaos"},{"floor":11,"key":"EssenceOfDarkness"},{"floor":16,"key":"Elixir"},{"floor":18,"key":"GamblersBrew"}],"is_trial":false,"path_per_floor":["M","?","?","M","M","E","R","$","T","R","M","R","$","?","R","B",null,"M","?","M","M"],"character_chosen":"DEFECT","items_purchased":["Metamorphosis","Conserve Battery"],"campfire_rested":2,"item_purchase_floors":[8,13],"current_hp_per_floor":[75,45,85,82,75,34,59,59,59,59,51,51,51,51,76,41,85,53,53,22,0,0],"gold":168,"neow_bonus":"ONE_RANDOM_RARE_CARD","is_daily":false,"chose_seed":false,"campfire_upgraded":1,"win_rate":0.0,"timestamp":1609264347,"path_taken":["M","?","?","?","M","E","R","?","T","R","M","R","$","?","R","BOSS","M","?","M","M"],"items_purchased_type":["Card","Card"],"build_version":"2020-12-22","purchased_purges":1,"victory":false,"max_hp_per_floor":[75,75,85,85,85,85,85,85,85,85,85,85,85,85,85,85,85,85,85,85,85,85],"card_choices":[{"not_picked":["Streamline","Panic Button"],"picked":"Beam Cell","floor":1},{"not_picked":["Steam","Lockon"],"picked":"Sweeping Beam","floor":2},{"not_picked":["Panic Button","Skim"],"picked":"Go for the Eyes","floor":4},{"not_picked":["Sweeping Beam","hubris:PowerSurge"],"picked":"Beam Cell","floor":5},{"not_picked":["Steam","ReplayTheSpireMod:GoodbyeWorld"],"picked":"Gash","floor":6},{"not_picked":["Hologram","Stack"],"picked":"White Noise","floor":11},{"not_picked":["hubris:DoWhile","ReplayTheSpireMod:Fabricate Wheel"],"picked":"Creative AI","floor":16},{"not_picked":["Hologram","Steam"],"picked":"Redo","floor":18},{"not_picked":["Panic Button","Steam"],"picked":"Go for the Eyes+1","floor":20}],"player_experience":264667,"relics_obtained":[{"floor":2,"key":"Mirror"},{"floor":6,"key":"Blue Candle"}],"event_choices":[{"cards_removed":["Amplify"],"damage_healed":30,"gold_gain":0,"player_choice":"Offered Rare","damage_taken":0,"max_hp_gain":10,"max_hp_loss":0,"event_name":"Bonfire Elementals","floor":3,"gold_loss":0}],"is_beta":false,"boss_relics":[{"not_picked":["hubris:Backtick","Philosopher\u0027s Stone"],"picked":"hubris:VirtuousBlindfold"}],"items_purged_floors":[13],"is_endless":false,"potions_floor_spawned":[11,16,18],"killed_by":"3 Cultists","ascension_level":0}}