{"host":"sav7uxregyirlf69","time":1609247664,"event":{"mods":["AchievementEnabler","BaseMod","Colored Map","DeckTracker","Keyboard Shortcuts","Minty Spire (QoL Compilation)","READ ME - Guardian Mod","StSLib","SuperFastMode"],"gold_per_floor":[111,111,124,124,138,167,186,68,68,68,86,86,106,125,125,203,203,223,223,223,223,223],"floor_reached":21,"playtime":410,"items_purged":["Strike_G"],"score":362,"play_id":"fa28b29d-6108-42b9-b80a-9096d8c00ae6","local_time":"20201229221424","is_ascension_mode":true,"campfire_choices":[{"floor":10.0,"key":"REST"},{"data":"Noxious Fumes","floor":15,"key":"SMITH"}],"circlet_count":0,"master_deck":["AscendersBane","Strike_G","Strike_G","Defend_G","Defend_G","Defend_G","Defend_G","Survivor","Neutralize","Dagger Throw","Flying Knee","Infinite Blades","Noxious Fumes+1","Backstab","Backflip","Caltrops","Crippling Poison","Terror","Phantasmal Killer","Accuracy","Blade Dance"],"relics":["Ring of the Snake","Bird Faced Urn","Prayer Wheel","Cursed Key"],"acts_visited":["Exordium","TheCity"],"potions_floor_usage":[14,21,21],"damage_taken":[{"damage":4.0,"enemies":"Small Slimes","floor":1.0,"turns":4.0},{"damage":3.0,"enemies":"Cultist","floor":3.0,"turns":5.0},{"damage":9.0,"enemies":"2 Louse","floor":5.0,"turns":3.0},{"damage":39.0,"enemies":"Gremlin Nob","floor":6.0,"turns":5.0},{"damage":1.0,"enemies":"2 Fungi Beasts","floor":7.0,"turns":6.0},{"damage":6.0,"enemies":"Looter","floor":11.0,"turns":4.0},{"damage":7.0,"enemies":"Large Slime","floor":13.0,"turns":6.0},{"damage":16,"enemies":"Exordium Thugs","floor":14,"turns":5},{"damage":12,"enemies":"Hexaghost","floor":16,"turns":9},{"damage":27,"enemies":"Spheric Guardian","floor":18,"turns":5},{"damage":21,"enemies":"Masked Bandits","floor":21,"turns":3}],"seed_played":"-6652588717870338285","potions_obtained":[{"floor":3.0,"key":"Dexterity Potion"},{"floor":13.0,"key":"DuplicationPotion"},{"floor":14,"key":"Swift Potion"}],"is_trial":false,"path_per_floor":["M","?","M","?","M","E","M","$","T","R","M","?","M","M","R","B",null,"M","?","?","?"],"character_chosen":"THE_SILENT","items_purchased":["Backstab"],"campfire_rested":1,"item_purchase_floors":[8],"current_hp_per_floor":[55,55,52,52,43,4,5,5,5,23,21,21,18,8,8,2,46,25,9,9,0,0],"gold":223,"neow_bonus":"REMOVE_TWO","is_daily":false,"chose_seed":false,"campfire_upgraded":1,"win_rate":0.0,"timestamp":1609247664,"path_taken":["M","?","M","?","M","E","?","$","T","R","?","?","M","M","R","BOSS","M","?","?","?"],"items_purchased_type":["Card"],"build_version":"2020-12-22","purchased_purges":1,"victory":false,"max_hp_per_floor":[60,60,60,60,60,60,60,60,60,60,60,60,60,60,60,60,60,60,65,65,65,65],"card_choices":[{"not_picked":["Backflip","Deflect","Prepared"],"picked":"SKIP","floor":1.0},{"not_picked":["Riddle With Holes","Poisoned Stab"],"picked":"Dagger Throw","floor":3.0},{"not_picked":["Quick Slash","Bane"],"picked":"Flying Knee","floor":5.0},{"not_picked":["Deflect","Heel Hook"],"picked":"Infinite Blades","floor":6.0},{"not_picked":["Poisoned Stab","Dagger Throw"],"picked":"Noxious Fumes","floor":7.0},{"not_picked":["Cloak And Dagger","Dagger Throw"],"picked":"Backflip","floor":11.0},{"not_picked":["Acrobatics","Cloak And Dagger","Slice"],"picked":"SKIP","floor":11.0},{"not_picked":["Envenom","Skewer"],"picked":"Caltrops","floor":13.0},{"not_picked":["Backstab","Crippling Poison","Cloak And Dagger"],"picked":"SKIP","floor":13.0},{"not_picked":["Backstab","Cloak And Dagger"],"picked":"Crippling Poison","floor":13.0},{"not_picked":["Calculated Gamble","Blade Dance"],"picked":"Terror","floor":14},{"not_picked":["Slice","Cloak And Dagger","Backstab"],"picked":"SKIP","floor":14},{"not_picked":["Grand Finale","Envenom"],"picked":"Phantasmal Killer","floor":16},{"not_picked":["Poisoned Stab","Skewer"],"picked":"Accuracy","floor":18},{"not_picked":["Deflect","Choke"],"picked":"Blade Dance","floor":18}],"player_experience":1054779,"relics_obtained":[{"floor":6.0,"key":"Bird Faced Urn"},{"floor":9.0,"key":"Prayer Wheel"}],"event_choices":[{"damage_healed":0.0,"max_hp_gain":0.0,"max_hp_loss":0.0,"gold_gain":0.0,"event_name":"Liars Game","player_choice":"Ignored","floor":2.0,"gold_loss":0.0,"damage_taken":0.0},{"cards_removed":["Strike_G"],"damage_healed":0.0,"max_hp_gain":0.0,"max_hp_loss":0.0,"gold_gain":0.0,"event_name":"Bonfire Elementals","player_choice":"Offered Basic","floor":4.0,"gold_loss":0.0,"damage_taken":0.0},{"damage_healed":0.0,"max_hp_gain":0.0,"max_hp_loss":0.0,"gold_gain":0.0,"event_name":"Shining Light","player_choice":"Ignored","floor":12.0,"gold_loss":0.0,"damage_taken":0.0},{"damage_healed":0,"gold_gain":0,"player_choice":"Shed Blood","damage_taken":21,"max_hp_gain":5,"max_hp_loss":0,"event_name":"Forgotten Altar","floor":19,"gold_loss":0},{"damage_healed":0,"gold_gain":0,"player_choice":"Ignored","damage_taken":0,"max_hp_gain":0,"max_hp_loss":0,"event_name":"Vampires","floor":20,"gold_loss":0},{"damage_healed":0,"gold_gain":0,"player_choice":"Fought Bandits","damage_taken":0,"max_hp_gain":0,"max_hp_loss":0,"event_name":"Masked Bandits","floor":21,"gold_loss":0}],"is_beta":false,"boss_relics":[{"not_picked":["Calling Bell","Runic Dome"],"picked":"Cursed Key"}],"items_purged_floors":[8],"is_endless":false,"potions_floor_spawned":[3,13,14,16],"killed_by":"Masked Bandits","ascension_level":20}}