{"host":"ds1yr10zonoc6w4a","time":1609235541,"event":{"mods":["2.2 Compatiblity","AchievementEnabler","Act Like it!","BaseMod","Downfall","Elementarium","Gensokyo","Infinite Spire","Jorbs\u0027s Wanderer Trilogy","Koishi","Menagerie","Minty Spire (QoL Compilation)","Pale of the Ancients","StSLib","The Animator","Wandering Minibosses","vexMod","??????REMEMod"],"gold_per_floor":[114,114,114,133,148,148,190,190,190,220,236,277,291,360,360,463,463,479,479,479,1145,1160,1193,1193,1223,1223,1342,1342,1374,1374,823,823,859,859],"floor_reached":33,"playtime":3942,"items_purged":["Pain"],"score":628,"play_id":"fcbc8caa-6d12-4195-9255-ea925b7c888b","local_time":"20201229025221","is_ascension_mode":true,"campfire_choices":[{"data":"animator:Geryuganshoop","floor":6,"key":"SMITH"},{"data":"animator:AcuraAkari","floor":15,"key":"SMITH"},{"data":"animator:Geryuganshoop","floor":30,"key":"SMITH"},{"floor":32,"key":"RECALL"}],"circlet_count":0,"master_deck":["AscendersBane","animator:Strike_GoblinSlayer","animator:Defend_GoblinSlayer","animator:LizardPriest","animator:DwarfShaman","animator:Fredrika","animator:LizardPriest","animator:AcuraAkari+1","Clumsy","animator:Geryuganshoop+1","animator:AcuraTooru","animator:Priestess","animator:Geryuganshoop+1","animator:NarberalGamma","animator:Rena","animator:Melzalgald","animator:AcuraShin","animator:Guren+1","animator:Konayuki+1","animator:Witch+1","animator:Togame","Gensokyo:AllTheWorldsEvil","animator:Yuuichirou","animator:Entoma+2","animator:CowGirl","animator:AcuraTooru","animator:Ara","Gensokyo:TurboGranny","Gensokyo:RustyChest","Gensokyo:Shovel","Gensokyo:BlemishedSteel","Gensokyo:DepletedGenerator"],"relics":["animator:LivingPicture","animator:TheMissingPiece","REME_ComplimentaryCards","animator:PurgingStone","Gensokyo:NagashiBinaDoll","infinitespire:EmpoweringShard","Gensokyo:LunaticRedEyes","Oddly Smooth Stone","REME_HandOfSuture","vexMod:ScavengeHelm","Astrolabe","Gensokyo:ChorusOfJoy","Happy Flower","vexMod:RockOfEvil","infinitespire:BottledMercury","Tiny Chest","Lantern","REME_ArchaeologicalTools","wanderingMiniBosses:CarrionFlame","Gensokyo:ConquerorOfFear","Toolbox"],"acts_visited":["Gensokyo:Gensokyo","Gensokyo:Gensokyoer"],"potions_floor_usage":[4,7,16,23,25,29,33],"damage_taken":[{"damage":3,"enemies":"Gensokyo:Python","floor":1,"turns":5},{"damage":0,"enemies":"Gensokyo:2_Kodama","floor":4,"turns":6},{"damage":0,"enemies":"Gensokyo:3_Fairies","floor":5,"turns":4},{"damage":0,"enemies":"Gensokyo:Aya","floor":7,"turns":4},{"damage":1,"enemies":"Gensokyo:Cirno","floor":10,"turns":7},{"damage":1,"enemies":"Gensokyo:CorruptedTreant","floor":11,"turns":2},{"damage":1,"enemies":"Gensokyo:Mamizou","floor":12,"turns":8},{"damage":1,"enemies":"Gensokyo:3_Kodama","floor":13,"turns":3},{"damage":3,"enemies":"Gensokyo:Kokoro","floor":16,"turns":10},{"damage":2,"enemies":"Gensokyo:AngelMirror","floor":18,"turns":4},{"damage":0,"enemies":"Gensokyo:2_Gloops","floor":22,"turns":5},{"damage":5,"enemies":"Gensokyo:Reisen","floor":23,"turns":4},{"damage":0,"enemies":"Gensokyo:Tenshi","floor":25,"turns":3},{"damage":0,"enemies":"Gensokyo:Slime_Group","floor":27,"turns":3},{"damage":0,"enemies":"Gensokyo:Monolith_and_Dog","floor":29,"turns":2},{"damage":63,"enemies":"Gensokyo:Eternal_Rivals","floor":33,"turns":4}],"seed_played":"-381591557497428213","potions_obtained":[{"floor":1,"key":"animator:FalseLifePotion"},{"floor":5,"key":"Energy Potion"},{"floor":12,"key":"animator:FalseLifePotion"},{"floor":25,"key":"champ:CounterPotion"},{"floor":27,"key":"ColorlessPotion"},{"floor":29,"key":"REME_GoldPotion"}],"is_trial":false,"path_per_floor":["M","?","?","M","M","R","E","?","T","E","M","E","M","T","R","B",null,"M","?","?","AVR","M","E","?","E","T","M","?","M","R","COS","R","B"],"character_chosen":"THE_ANIMATOR","items_purchased":[],"campfire_rested":0,"item_purchase_floors":[],"current_hp_per_floor":[56,30,30,30,30,30,30,30,30,29,28,27,26,26,26,23,55,53,53,53,53,53,48,48,49,49,51,51,54,54,54,54,0,0],"gold":859,"neow_bonus":"THREE_CARDS","is_daily":false,"chose_seed":false,"campfire_upgraded":3,"win_rate":0.0,"timestamp":1609235541,"path_taken":["M","?","?","?","M","R","E","?","T","E","M","E","M","?","R","BOSS","M","?","?","AVR","?","E","?","E","T","M","?","M","R","COS","R","BOSS"],"items_purchased_type":[],"build_version":"2020-12-22","purchased_purges":1,"victory":false,"max_hp_per_floor":[66,66,66,66,66,66,66,66,66,66,66,66,66,66,66,66,66,66,66,66,66,66,66,61,62,62,64,64,67,67,67,67,67,67],"card_choices":[{"not_picked":["animator:Melzalgald","animator:Genos"],"picked":"animator:LizardPriest","floor":0},{"not_picked":["animator:Berserker","animator:KrulTepes"],"picked":"animator:AcuraAkari","floor":1},{"not_picked":["animator:Priestess","animator:Yoichi"],"picked":"animator:Geryuganshoop","floor":4},{"not_picked":["animator:LizardPriest","animator:Ara"],"picked":"animator:AcuraTooru","floor":5},{"not_picked":["animator:LizardPriest","animator:DwarfShaman"],"picked":"animator:Priestess","floor":7},{"not_picked":["animator:Laby","animator:Alexander"],"picked":"animator:Geryuganshoop","floor":10},{"not_picked":["animator:Caster","animator:EmiyaShirou"],"picked":"animator:NarberalGamma","floor":11},{"not_picked":["animator:Saber","animator:Kaijin"],"picked":"animator:Rena","floor":12},{"not_picked":["animator:Tatsumaki","animator:Genos"],"picked":"animator:Melzalgald","floor":13},{"not_picked":["animator:Albedo","animator:Elesis"],"picked":"animator:AcuraShin","floor":16},{"not_picked":["animator:Entoma","animator:UneriGinkaku"],"picked":"animator:Togame","floor":18},{"not_picked":["animator:Hakurou","animator:Archer"],"picked":"animator:Yuuichirou","floor":22},{"not_picked":["animator:Raven","animator:Albedo"],"picked":"animator:Entoma","floor":23},{"not_picked":["animator:DwarfShaman","animator:Priestess"],"picked":"animator:CowGirl","floor":25},{"not_picked":["animator:Ain","animator:Lancer"],"picked":"animator:AcuraTooru","floor":27},{"not_picked":["animator:UneriGinkaku","animator:SwordMaiden"],"picked":"animator:Ara","floor":29}],"player_experience":601864,"relics_obtained":[{"floor":7,"key":"infinitespire:EmpoweringShard"},{"floor":9,"key":"Oddly Smooth Stone"},{"floor":10,"key":"REME_HandOfSuture"},{"floor":12,"key":"vexMod:ScavengeHelm"},{"floor":23,"key":"infinitespire:BottledMercury"},{"floor":25,"key":"Lantern"},{"floor":26,"key":"REME_ArchaeologicalTools"},{"floor":27,"key":"wanderingMiniBosses:CarrionFlame"},{"floor":29,"key":"Gensokyo:ConquerorOfFear"}],"event_choices":[],"is_beta":false,"boss_relics":[{"not_picked":["SacredBark","vexMod:FluxCapacitor"],"picked":"Astrolabe"}],"items_purged_floors":[21],"is_endless":false,"potions_floor_spawned":[1,5,12,25,27,29],"killed_by":"Gensokyo:Eternal_Rivals","ascension_level":12}}