{"host":"rmsq46plbpwfbxcc","time":1609249164,"event":{"mods":["AchievementEnabler","BaseMod","Colored Map","DeckTracker","Minty Spire (QoL Compilation)","Permanent Neow","SuperFastMode"],"gold_per_floor":[110,121,133,133,58,58,133,154,180,180,180,180,219,237,237,336,336,355,405,30,49,49,87,87,105,105,105,105,130,180,216,216,312,312,333,35,0,0,14,14,14,14,14,53,78,121,121,186,186,186],"floor_reached":51,"playtime":2171,"items_purged":["Injury","Strike_G","Strike_G"],"score":1549,"play_id":"038a75a6-4479-44d1-812b-4c579b0d1268","local_time":"20201229223924","is_ascension_mode":true,"campfire_choices":[{"data":"Neutralize","floor":6.0,"key":"SMITH"},{"data":"Malaise","floor":10.0,"key":"SMITH"},{"data":"Dagger Throw","floor":12.0,"key":"SMITH"},{"data":"Survivor","floor":15.0,"key":"SMITH"},{"data":"After Image","floor":24.0,"key":"SMITH"},{"data":"Blade Dance","floor":28.0,"key":"SMITH"},{"data":"Burst","floor":32.0,"key":"SMITH"},{"data":"Adrenaline","floor":40,"key":"SMITH"},{"data":"Acrobatics","floor":42,"key":"SMITH"},{"data":"Finisher","floor":49,"key":"SMITH"}],"circlet_count":0,"master_deck":["AscendersBane","Strike_G","Defend_G+1","Defend_G","Survivor+1","Neutralize+1","Dagger Throw+1","Malaise+1","Backflip","After Image+1","Escape Plan","Burst+1","Tactician+1","Blade Dance+1","Acrobatics+1","Dash+1","Adrenaline+1","Escape Plan","Footwork+1","Finisher+1"],"relics":["Coffee Dripper","Golden Idol","Vajra","Regal Pillow","Black Star","Ornamental Fan","War Paint","Unceasing Top","Ice Cream","Frozen Egg 2","Empty Cage","Pen Nib","Red Mask","Darkstone Periapt","Art of War","Anchor","Bronze Scales","The Courier","Turnip","StoneCalendar"],"acts_visited":["Exordium","TheCity","TheBeyond"],"potions_floor_usage":[48,50],"damage_taken":[{"damage":0.0,"enemies":"Cultist","floor":1.0,"turns":4.0},{"damage":0.0,"enemies":"2 Louse","floor":2.0,"turns":3.0},{"damage":4.0,"enemies":"Small Slimes","floor":3.0,"turns":4.0},{"damage":0.0,"enemies":"Looter","floor":8.0,"turns":3.0},{"damage":4.0,"enemies":"Lagavulin","floor":13.0,"turns":9.0},{"damage":1.0,"enemies":"Blue Slaver","floor":14.0,"turns":4.0},{"damage":2.0,"enemies":"Hexaghost","floor":16.0,"turns":13.0},{"damage":11.0,"enemies":"3 Byrds","floor":18.0,"turns":10.0},{"damage":23.0,"enemies":"Chosen","floor":21.0,"turns":10.0},{"damage":4.0,"enemies":"Book of Stabbing","floor":23.0,"turns":12.0},{"damage":0.0,"enemies":"3 Cultists","floor":25.0,"turns":8.0},{"damage":0.0,"enemies":"Centurion and Healer","floor":29.0,"turns":5.0},{"damage":5.0,"enemies":"Slavers","floor":31.0,"turns":7.0},{"damage":0.0,"enemies":"Collector","floor":33.0,"turns":19.0},{"damage":0.0,"enemies":"Orb Walker","floor":35.0,"turns":3.0},{"damage":0,"enemies":"3 Darklings","floor":39,"turns":6},{"damage":0,"enemies":"Giant Head","floor":44,"turns":9},{"damage":0,"enemies":"Maw","floor":45,"turns":8},{"damage":28,"enemies":"Nemesis","floor":46,"turns":13},{"damage":2,"enemies":"2 Orb Walkers","floor":48,"turns":7},{"damage":15,"enemies":"Donu and Deca","floor":50,"turns":10}],"seed_played":"1172114672976591627","potions_obtained":[{"floor":2.0,"key":"DuplicationPotion"},{"floor":8.0,"key":"Strength Potion"},{"floor":14.0,"key":"FearPotion"},{"floor":23.0,"key":"DistilledChaos"},{"floor":25.0,"key":"GamblersBrew"},{"floor":31.0,"key":"EssenceOfSteel"},{"floor":39,"key":"Energy Potion"},{"floor":48,"key":"Dexterity Potion"}],"is_trial":false,"path_per_floor":["M","M","M","?","$","R","?","M","T","R","?","R","E","M","R","B",null,"M","?","$","M","?","E","R","M","T","?","R","M","?","E","R","B",null,"M","$","?","T","M","R","$","R","T","E","M","E","?","?","R","B",null],"character_chosen":"THE_SILENT","items_purchased":["Ornamental Fan","Pen Nib"],"campfire_rested":0,"item_purchase_floors":[20,36],"current_hp_per_floor":[59,59,55,55,55,55,44,44,44,44,49,49,45,44,44,42,64,53,53,53,30,30,26,26,26,26,26,26,26,26,21,21,21,59,59,59,59,59,59,59,59,59,59,59,59,31,31,29,29,14],"gold":186,"neow_bonus":"BOSS_RELIC","is_daily":false,"chose_seed":false,"campfire_upgraded":10,"win_rate":0.0,"timestamp":1609249164,"path_taken":["M","?","M","?","$","R","?","M","T","R","?","R","E","M","R","BOSS","M","?","$","M","?","E","R","M","T","?","R","M","?","E","R","BOSS","M","$","?","?","M","R","$","R","T","E","M","E","?","?","R","BOSS"],"items_purchased_type":["Relic","Relic"],"build_version":"2020-12-22","purchased_purges":3,"victory":true,"max_hp_per_floor":[66,66,66,66,66,66,66,66,66,66,71,71,71,71,71,71,71,71,71,71,71,71,71,71,71,71,71,71,71,71,71,71,71,71,71,71,71,71,71,71,71,71,71,71,71,71,71,71,71,71],"card_choices":[{"not_picked":["Underhanded Strike","Quick Slash"],"picked":"Dagger Throw","floor":1.0},{"not_picked":["Outmaneuver","Quick Slash","Slice"],"picked":"SKIP","floor":2.0},{"not_picked":["Deadly Poison","Flying Knee","Sucker Punch"],"picked":"SKIP","floor":3.0},{"not_picked":["Caltrops","Backflip"],"picked":"Malaise","floor":8.0},{"not_picked":["Bouncing Flask","Slice"],"picked":"Backflip","floor":13.0},{"not_picked":["Acrobatics","Prepared","Deflect"],"picked":"SKIP","floor":14.0},{"not_picked":["A Thousand Cuts","Doppelganger"],"picked":"After Image","floor":16.0},{"not_picked":["Distraction","Dagger Spray"],"picked":"Escape Plan","floor":18.0},{"not_picked":["Heel Hook","Caltrops","Sucker Punch"],"picked":"SKIP","floor":21.0},{"not_picked":["Concentrate","Distraction"],"picked":"Blade Dance","floor":23.0},{"not_picked":["Underhanded Strike","Outmaneuver+1"],"picked":"Acrobatics","floor":25.0},{"not_picked":["Caltrops","Outmaneuver"],"picked":"Dash+1","floor":29.0},{"not_picked":["Bane+1","Reflex","Blade Dance"],"picked":"SKIP","floor":31.0},{"not_picked":["Venomology","Glass Knife"],"picked":"Adrenaline","floor":33.0},{"not_picked":["Acrobatics+1","Dagger Spray+1","All Out Attack"],"picked":"SKIP","floor":35.0},{"not_picked":["Deadly Poison","Concentrate","Backstab"],"picked":"SKIP","floor":39},{"not_picked":["Deflect","Bane"],"picked":"Escape Plan","floor":44},{"not_picked":["Blade Dance","Acrobatics+1"],"picked":"Footwork+1","floor":45},{"not_picked":["Poisoned Stab+1","Sucker Punch","Quick Slash"],"picked":"SKIP","floor":46},{"not_picked":["Riddle With Holes+1","Terror+1"],"picked":"Finisher","floor":48}],"player_experience":1402944,"relics_obtained":[{"floor":9.0,"key":"Vajra"},{"floor":13.0,"key":"Regal Pillow"},{"floor":23.0,"key":"War Paint"},{"floor":23.0,"key":"Unceasing Top"},{"floor":26.0,"key":"Ice Cream"},{"floor":31.0,"key":"Frozen Egg 2"},{"floor":38.0,"key":"Darkstone Periapt"},{"floor":43,"key":"Art of War"},{"floor":44,"key":"Anchor"},{"floor":44,"key":"Bronze Scales"},{"floor":46,"key":"The Courier"},{"floor":46,"key":"Turnip"},{"floor":48,"key":"StoneCalendar"}],"event_choices":[{"damage_healed":0.0,"max_hp_gain":0.0,"max_hp_loss":0.0,"gold_gain":0.0,"event_name":"Golden Idol","player_choice":"Take Wound","floor":4.0,"gold_loss":0.0,"damage_taken":0.0,"relics_obtained":["Golden Idol"],"cards_obtained":["Injury"]},{"damage_healed":0.0,"max_hp_gain":0.0,"max_hp_loss":0.0,"gold_gain":75.0,"event_name":"World of Goop","player_choice":"Gather Gold","floor":7.0,"gold_loss":0.0,"damage_taken":11.0},{"damage_healed":0.0,"max_hp_gain":5.0,"max_hp_loss":0.0,"gold_gain":0.0,"event_name":"Big Fish","player_choice":"Donut","floor":11.0,"gold_loss":0.0,"damage_taken":0.0},{"damage_healed":0.0,"max_hp_gain":0.0,"max_hp_loss":0.0,"gold_gain":50.0,"event_name":"Nest","player_choice":"Stole From Cult","floor":19.0,"gold_loss":0.0,"damage_taken":0.0},{"damage_healed":0.0,"max_hp_gain":0.0,"max_hp_loss":0.0,"gold_gain":0.0,"cards_transformed":["Strike_G","Defend_G"],"event_name":"Drug Dealer","player_choice":"Became Test Subject","floor":22.0,"gold_loss":0.0,"damage_taken":0.0,"cards_obtained":["Burst","Tactician"]},{"damage_healed":0.0,"max_hp_gain":0.0,"max_hp_loss":0.0,"gold_gain":0.0,"event_name":"Cursed Tome","player_choice":"Ignored","floor":27.0,"gold_loss":0.0,"damage_taken":0.0},{"damage_healed":0.0,"max_hp_gain":0.0,"max_hp_loss":0.0,"gold_gain":50.0,"event_name":"Golden Shrine","player_choice":"Pray","floor":30.0,"gold_loss":0.0,"damage_taken":0.0},{"damage_healed":0.0,"max_hp_gain":0.0,"max_hp_loss":0.0,"gold_gain":0.0,"event_name":"Tomb of Lord Red Mask","player_choice":"Paid","floor":37.0,"gold_loss":35.0,"damage_taken":0.0,"relics_obtained":["Red Mask"]},{"cards_removed":["Strike_G"],"damage_healed":0,"gold_gain":0,"player_choice":"Removed Attack","damage_taken":0,"max_hp_gain":0,"max_hp_loss":0,"event_name":"Falling","floor":47,"gold_loss":0},{"damage_healed":0,"gold_gain":0,"player_choice":"Fight","damage_taken":0,"max_hp_gain":0,"max_hp_loss":0,"event_name":"Mysterious Sphere","floor":48,"gold_loss":0}],"is_beta":false,"boss_relics":[{"not_picked":["Runic Pyramid","Tiny House"],"picked":"Black Star"},{"not_picked":["Cursed Key","SlaversCollar"],"picked":"Empty Cage"}],"items_purged_floors":[5,20,36],"is_endless":false,"potions_floor_spawned":[2,8,14,23,25,31,39,48],"ascension_level":18}}