{"host":"m3herrhkesxm9ooc","time":1609240269,"event":{"mods":["BaseMod","Hermit","Minty Spire (QoL Compilation)","StSLib","The Hierophant"],"gold_per_floor":[114,128,128,141,141,141,160,191,191,220,185,0,0,14,14,90,90,102,129,129,129,149,149,178,178,231,251,264,264,282,42,42,115,115,130,1129,1351,332,332,366,384,4,4,4,4,4],"floor_reached":45,"playtime":3875,"items_purged":[],"score":964,"play_id":"7bd7b2e8-465b-4669-aa36-cae591a7bb87","local_time":"20201229201109","is_ascension_mode":true,"campfire_choices":[{"data":"hermit:CursedWeapon","floor":6.0,"key":"SMITH"},{"floor":13.0,"key":"REST"},{"data":"hermit:ShadowCloak","floor":15.0,"key":"SMITH"},{"floor":23,"key":"REST"},{"floor":25,"key":"REST"},{"floor":29,"key":"REST"},{"floor":32,"key":"REST"}],"circlet_count":0,"master_deck":["AscendersBane","hermit:Strike_Hermit","hermit:Strike_Hermit","hermit:Strike_Hermit","hermit:Strike_Hermit","hermit:Defend_Hermit","hermit:Defend_Hermit","hermit:Defend_Hermit","hermit:Defend_Hermit","hermit:Snapshot","hermit:Covet","hermit:CursedWeapon+1","hermit:NoHoldsBarred+1","hermit:LoneWolf","hermit:GhostlyPresence","hermit:Midnight","hermit:ShadowCloak+1","hermit:Headshot","hermit:GoldenBullet","hermit:RoundhouseKick","hermit:LowProfile","hermit:WideOpen","hermit:FatalDesire","hermit:Headshot","hermit:Glare+1","hermit:Malice","hermit:SprayPray","hermit:BigShot","hermit:FromBeyond","CurseOfTheBell","hermit:HeroicBravado","hermit:Maintenance","hermit:Brawl","hermit:Ricochet","hermit:Glare","hermit:TakeAim","hermit:BodyArmor"],"relics":["hermit:Momento","hermit:RedScarf","Sundial","Mummified Hand","SacredBark","Red Mask","MutagenicStrength","Nloth\u0027s Gift","MealTicket","Smiling Mask","Happy Flower","Calling Bell","Omamori","Pantograph","Lizard Tail","Du-Vu Doll","Darkstone Periapt","Lee\u0027s Waffle","Potion Belt","Blue Candle","The Courier"],"acts_visited":["Exordium","TheCity","TheBeyond"],"potions_floor_usage":[16,24,33,40,40,45],"damage_taken":[{"damage":0.0,"enemies":"Small Slimes","floor":1.0,"turns":1.0},{"damage":0.0,"enemies":"Cultist","floor":2.0,"turns":1.0},{"damage":0.0,"enemies":"Jaw Worm","floor":4.0,"turns":1.0},{"damage":2.0,"enemies":"Looter","floor":7.0,"turns":1.0},{"damage":20.0,"enemies":"Gremlin Nob","floor":8.0,"turns":3.0},{"damage":22.0,"enemies":"Lagavulin","floor":10.0,"turns":3.0},{"damage":2.0,"enemies":"Exordium Wildlife","floor":14.0,"turns":1.0},{"damage":18,"enemies":"Slime Boss","floor":16,"turns":7},{"damage":8,"enemies":"Chosen","floor":18,"turns":3},{"damage":13,"enemies":"Masked Bandits","floor":19,"turns":3},{"damage":11,"enemies":"3 Byrds","floor":22,"turns":5},{"damage":53,"enemies":"Gremlin Leader","floor":24,"turns":10},{"damage":10,"enemies":"Cultist and Chosen","floor":27,"turns":4},{"damage":2,"enemies":"Snake Plant","floor":28,"turns":1},{"damage":2,"enemies":"3 Cultists","floor":30,"turns":2},{"damage":86,"enemies":"Champ","floor":33,"turns":10},{"damage":2,"enemies":"Orb Walker","floor":35,"turns":2},{"damage":71,"enemies":"Giant Head","floor":40,"turns":9},{"damage":27,"enemies":"3 Shapes","floor":41,"turns":3},{"damage":33,"enemies":"Reptomancer","floor":45,"turns":6}],"seed_played":"-5264632164783840525","potions_obtained":[{"floor":7.0,"key":"Fire Potion"},{"floor":8.0,"key":"hermit:BlackBile"},{"floor":10.0,"key":"EssenceOfSteel"},{"floor":14.0,"key":"FairyPotion"},{"floor":16,"key":"SpeedPotion"},{"floor":27,"key":"FearPotion"},{"floor":40,"key":"SkillPotion"}],"is_trial":false,"path_per_floor":["M","M","?","M","?","R","M","E","T","E","?","$","R","M","R","B",null,"M","?","?","?","M","R","E","R","T","M","M","R","M","$","R","B",null,"M","?","?","$","?","E","M","$","T","?","E"],"character_chosen":"HERMIT","items_purchased":["hermit:ShadowCloak","hermit:Headshot","PowerPotion","Happy Flower","hermit:BigShot","Du-Vu Doll","Darkstone Periapt","Lee\u0027s Waffle","hermit:Maintenance","Dexterity Potion","Fire Potion","hermit:Brawl","Blue Candle","hermit:TakeAim","hermit:BodyArmor"],"campfire_rested":5,"item_purchase_floors":[12,12,12,31,31,38,38,38,38,38,38,38,42,42,42],"current_hp_per_floor":[64,64,71,71,71,71,69,49,49,27,44,44,65,63,63,45,65,57,44,44,44,33,54,1,22,22,12,10,31,29,44,65,27,60,58,58,58,78,74,3,14,29,29,29,0,0],"gold":4,"neow_bonus":"THREE_ENEMY_KILL","is_daily":false,"chose_seed":false,"campfire_upgraded":2,"win_rate":0.0,"timestamp":1609240269,"path_taken":["M","M","?","?","?","R","M","E","T","E","?","?","R","M","R","BOSS","M","?","?","?","M","R","E","R","T","M","M","R","?","?","R","BOSS","M","?","?","$","?","E","M","?","T","?","E"],"items_purchased_type":["Card","Card","Potion","Relic","Card","Relic","Relic","Relic","Card","Potion","Potion","Card","Relic","Card","Card"],"build_version":"2020-12-22","purchased_purges":0,"victory":false,"max_hp_per_floor":[71,71,71,71,71,71,71,71,71,71,71,71,71,71,71,71,71,71,71,71,71,71,71,71,71,71,71,71,71,71,71,71,71,71,71,71,71,78,74,74,74,74,74,74,74,74],"card_choices":[{"not_picked":["hermit:Misfire","hermit:ItchyTrigger"],"picked":"hermit:CursedWeapon","floor":1.0},{"not_picked":["hermit:TrackingShot","hermit:Scavenge"],"picked":"hermit:Determination","floor":2.0},{"not_picked":["hermit:ItchyTrigger","hermit:LowProfile"],"picked":"hermit:NoHoldsBarred","floor":4.0},{"not_picked":["hermit:Glare","hermit:Desperado"],"picked":"hermit:LoneWolf","floor":7.0},{"not_picked":["hermit:Midnight","hermit:CalledShot"],"picked":"hermit:GhostlyPresence","floor":8.0},{"not_picked":["hermit:Dissolve","hermit:Quickdraw"],"picked":"hermit:Midnight","floor":10.0},{"not_picked":["hermit:Cheat","hermit:LowProfile"],"picked":"hermit:GoldenBullet","floor":14.0},{"not_picked":["hermit:Gambit","hermit:HighNoon"],"picked":"hermit:RoundhouseKick","floor":16},{"not_picked":["hermit:SprayPray","hermit:ItchyTrigger"],"picked":"hermit:LowProfile","floor":18},{"not_picked":["hermit:LowProfile","hermit:DeadMansHand"],"picked":"hermit:WideOpen","floor":19},{"not_picked":["hermit:Feint","hermit:SprayPray"],"picked":"hermit:FatalDesire","floor":22},{"not_picked":["hermit:HoleUp","hermit:Purgatory"],"picked":"hermit:Headshot","floor":24},{"not_picked":["hermit:CalledShot","hermit:Manifest"],"picked":"hermit:Glare+1","floor":27},{"not_picked":["hermit:Scavenge","hermit:Misfire"],"picked":"hermit:Malice","floor":28},{"not_picked":["hermit:Desperado","hermit:HoleUp"],"picked":"hermit:SprayPray","floor":30},{"not_picked":["hermit:BlackWind","hermit:OverwhelmingPower"],"picked":"hermit:FromBeyond","floor":33},{"not_picked":["hermit:LoneWolf","hermit:Misfire"],"picked":"hermit:HeroicBravado","floor":35},{"not_picked":["hermit:LowProfile","hermit:Roulette"],"picked":"hermit:Ricochet","floor":40},{"not_picked":["hermit:Snipe","hermit:CursedWeapon+1"],"picked":"hermit:Glare","floor":41}],"player_experience":661121,"relics_obtained":[{"floor":8.0,"key":"hermit:RedScarf"},{"floor":9.0,"key":"Sundial"},{"floor":10.0,"key":"Mummified Hand"},{"floor":19,"key":"Red Mask"},{"floor":24,"key":"MealTicket"},{"floor":26,"key":"Smiling Mask"},{"floor":34,"key":"Omamori"},{"floor":34,"key":"Pantograph"},{"floor":34,"key":"Lizard Tail"},{"floor":40,"key":"Potion Belt"},{"floor":43,"key":"The Courier"}],"event_choices":[{"cards_removed":["hermit:Determination"],"damage_healed":7.0,"max_hp_gain":0.0,"max_hp_loss":0.0,"gold_gain":0.0,"event_name":"Bonfire Elementals","player_choice":"Offered Uncommon","floor":3.0,"gold_loss":0.0,"damage_taken":0.0},{"damage_healed":0.0,"max_hp_gain":0.0,"max_hp_loss":0.0,"gold_gain":0.0,"event_name":"Living Wall","player_choice":"Grow","floor":5.0,"gold_loss":0.0,"damage_taken":0.0,"cards_upgraded":["hermit:NoHoldsBarred"]},{"damage_healed":17.0,"max_hp_gain":0.0,"max_hp_loss":0.0,"gold_gain":0.0,"event_name":"The Cleric","player_choice":"Healed","floor":11.0,"gold_loss":35.0,"damage_taken":0.0},{"damage_healed":0,"gold_gain":0,"player_choice":"Fought Bandits","damage_taken":0,"max_hp_gain":0,"max_hp_loss":0,"event_name":"Masked Bandits","floor":19,"gold_loss":0},{"damage_healed":0,"gold_gain":0,"player_choice":"Inject Mutagens","damage_taken":0,"relics_obtained":["MutagenicStrength"],"max_hp_gain":0,"max_hp_loss":0,"event_name":"Drug Dealer","floor":20,"gold_loss":0},{"damage_healed":0,"gold_gain":0,"player_choice":"Traded Relic","damage_taken":0,"relics_obtained":["Nloth\u0027s Gift"],"max_hp_gain":0,"max_hp_loss":0,"event_name":"N\u0027loth","floor":21,"relics_lost":["NeowsBlessing"],"gold_loss":0},{"damage_healed":0,"gold_gain":999,"player_choice":"Gold","damage_taken":0,"max_hp_gain":0,"max_hp_loss":0,"event_name":"MindBloom","floor":36,"gold_loss":0,"cards_obtained":["Normality","Normality"]},{"damage_healed":0,"gold_gain":222,"player_choice":"Wore Mask","damage_taken":0,"max_hp_gain":0,"max_hp_loss":0,"event_name":"Tomb of Lord Red Mask","floor":37,"gold_loss":0},{"damage_healed":0,"gold_gain":0,"player_choice":"Max HP","damage_taken":0,"max_hp_gain":0,"max_hp_loss":4,"event_name":"Winding Halls","floor":39,"gold_loss":0},{"damage_healed":0,"gold_gain":0,"player_choice":"Ignored","damage_taken":0,"max_hp_gain":0,"max_hp_loss":0,"event_name":"Transmorgrifier","floor":44,"gold_loss":0}],"is_beta":false,"boss_relics":[{"not_picked":["hermit:DentedPlate","Fusion Hammer"],"picked":"SacredBark"},{"not_picked":["hermit:ClaspedLocket","Runic Pyramid"],"picked":"Calling Bell"}],"items_purged_floors":[],"is_endless":false,"potions_floor_spawned":[7,8,10,14,16,27,28,30,40],"killed_by":"Reptomancer","ascension_level":16}}