{"host":"2xqcnyceei4ojw3j","time":1609269158,"event":{"mods":["2.2 Compatiblity","AchievementEnabler","AlwaysNeverKeys","Aspiration","BaseMod","Better Note","Better Sensory Stone","Better Third Choice","BetterRewards","Custom Start","Hermit","Hubris","Infinite Spire","Jedi Mod","Marisa????????","Minty Spire (QoL Compilation)","Quick Restart","Small Relic Pack","Spicy Shops","StSLib","The Kombatant","The Problem Sleuth","Yakumo Yukari mod"],"gold_per_floor":[132,132,144,63,30,61,61,61,61,93,93,122,122,122,122,174,174,144,344,0,0,11,44,44,62,62,62,62],"floor_reached":27,"playtime":1764,"items_purged":[],"score":272,"play_id":"a56d9c19-e4d2-433d-9bcf-a917fcd3dc7c","local_time":"20201229171238","is_ascension_mode":false,"campfire_choices":[{"floor":7,"key":"REST"},{"floor":11,"key":"REST"},{"data":"Worldmountain_purple","floor":15,"key":"SMITH"},{"data":"MeetDecomposer_purple","floor":24,"key":"SMITH"}],"circlet_count":0,"master_deck":["AT_purpleEX","AT_purpleEX","AT_purpleEX","AT_purpleEX","Defend_purpleEX","Defend_purpleEX","Defend_purpleEX","Defend_purpleEX","Observe_purple_1","Observe_purple_2+1","Boundary_DreamRealityDamnation_purple","DimensionStaggered_purple","ExternalForce_HighSpeedFlying_purple","Mirror_FormAndEmptin_purple","Worldmountain_purple+1","Mirror_FormAndEmptin_purple","Human_Monster_Realm_purple","PurpleNeedle_purple+1","MeetDecomposer_purple+1","SfantasyHide_purple"],"relics":["Boundary_crack","Memoryfragments_purpleEX","hubris:Icosahedron","infinitespire:BottledMercury","hubris:BottledRain","aspiration:ChemicalBlood","jedi:cryingmask","hubris:EmptyBottle","White Beast Statue","Lantern","hubris:TinFlute"],"acts_visited":["Exordium","TheCity"],"potions_floor_usage":[6,12,12,16,18,23,23,23,23,23,23,25,25,25,25,25,25,27,27],"damage_taken":[{"damage":1,"enemies":"2 Louse","floor":1,"turns":3},{"damage":7,"enemies":"Small Slimes","floor":3,"turns":5},{"damage":1,"enemies":"Cultist","floor":5,"turns":4},{"damage":29,"enemies":"3 Sentries","floor":6,"turns":5},{"damage":46,"enemies":"Lagavulin","floor":10,"turns":7},{"damage":39,"enemies":"3 Sentries","floor":12,"turns":3},{"damage":24,"enemies":"Slime Boss","floor":16,"turns":9},{"damage":13,"enemies":"2 Thieves","floor":18,"turns":2},{"damage":26,"enemies":"Spheric Guardian","floor":22,"turns":5},{"damage":14,"enemies":"Slavers","floor":23,"turns":3},{"damage":21,"enemies":"Chosen and Byrds","floor":25,"turns":7},{"damage":21,"enemies":"Book of Stabbing","floor":27,"turns":4}],"seed_played":"4837433269563894663","potions_obtained":[{"floor":1,"key":"LiquidBronze"},{"floor":3,"key":"LiquidMemories"},{"floor":10,"key":"jedi:StrikingPotion"},{"floor":22,"key":"Dexterity Potion"},{"floor":23,"key":"ColorlessPotion"},{"floor":25,"key":"SpeedPotion"}],"is_trial":false,"path_per_floor":["M","?","M","$","M","E","R","?","T","E","R","E","?","$","R","B",null,"M","?","?","T","M","E","R","M","T","E"],"character_chosen":"Youkari","items_purchased":["ExternalForce_HighSpeedFlying_purple"],"campfire_rested":2,"item_purchase_floors":[4],"current_hp_per_floor":[77,77,72,72,74,50,73,73,73,32,55,41,41,41,41,22,77,66,66,66,66,45,37,37,20,20,0,0],"gold":62,"neow_bonus":"TEN_PERCENT_HP_BONUS","is_daily":false,"chose_seed":false,"campfire_upgraded":2,"win_rate":0.0,"timestamp":1609269158,"path_taken":["M","?","M","$","M","E","R","?","T","E","R","E","?","$","R","BOSS","M","?","?","?","M","E","R","?","T","E"],"items_purchased_type":["Card"],"build_version":"2020-12-22","purchased_purges":0,"victory":false,"max_hp_per_floor":[77,77,77,77,77,77,77,77,77,77,77,77,77,77,77,77,77,77,77,77,77,77,77,77,77,77,77,77],"card_choices":[{"not_picked":["OmniscientAndOmnipotent_Monster_purple","Realm_recovery_purpleEX"],"picked":"Boundary_DreamRealityDamnation_purple","floor":1},{"not_picked":["Realm_recovery_purpleEX","Worldmountain_purple"],"picked":"DimensionStaggered_purple","floor":3},{"not_picked":["Boundary_LightAndDark_purple","DimensionStaggered_purple"],"picked":"Mirror_FormAndEmptin_purple","floor":5},{"not_picked":["Boundary_ObjectiveBoundary_purple","WorldDissolvedintheRealm_purple","Charmbait_purple"],"picked":"SKIP","floor":6},{"not_picked":["StateErode_purple","Photoelasticity_Doppler_Effect_purple"],"picked":"Worldmountain_purple","floor":10},{"not_picked":["Umbrella_purple","Price_of_realm_purpleEX"],"picked":"Mirror_FormAndEmptin_purple","floor":12},{"not_picked":["Mirror_TwoAndThreeElementRealm_purple","Know_ledgeAbilityRealm_purple"],"picked":"Human_Monster_Realm_purple","floor":16},{"not_picked":["MNeedle_purple","StateDuplicate_purple+1"],"picked":"PurpleNeedle_purple+1","floor":22},{"not_picked":["SharpContractionReality_purple","Extrememeaning_purpleEX"],"picked":"MeetDecomposer_purple","floor":23},{"not_picked":["Bait_HighSpeedFlying_purple+1","Worldmountain_purple"],"picked":"SfantasyHide_purple","floor":25}],"player_experience":150034,"relics_obtained":[{"floor":6,"key":"infinitespire:BottledMercury"},{"floor":9,"key":"hubris:BottledRain"},{"floor":10,"key":"aspiration:ChemicalBlood"},{"floor":12,"key":"jedi:cryingmask"},{"floor":21,"key":"White Beast Statue"},{"floor":23,"key":"Lantern"},{"floor":26,"key":"hubris:TinFlute"}],"event_choices":[{"damage_healed":0,"gold_gain":0,"player_choice":"Grow","damage_taken":0,"max_hp_gain":0,"max_hp_loss":0,"event_name":"Living Wall","floor":13,"gold_loss":0,"cards_upgraded":["Observe_purple_2"]},{"damage_healed":0,"gold_gain":250,"player_choice":"Bet on Owner","damage_taken":0,"max_hp_gain":0,"max_hp_loss":0,"event_name":"The Joust","floor":19,"gold_loss":50}],"is_beta":false,"boss_relics":[{"not_picked":["hubris:CrackedHourglass","Coffee Dripper","jedi:battlestandard"]}],"items_purged_floors":[],"is_endless":false,"potions_floor_spawned":[1,3,10,18,22,23,25],"killed_by":"Book of Stabbing","ascension_level":0}}