{"host":"2se5dq1do2gp0x9k","time":1609228398,"event":{"mods":["AchievementEnabler","BaseMod","Block Reminder","Colored Map","Colored Powertips","Minty Spire (QoL Compilation)","Relic Stats","StSLib","SuperFastMode"],"gold_per_floor":[115,129,129,145,145,172,172,192,192,192,202,218,218,246,246,320,320,333,333,248,221,57,57,57,57],"floor_reached":24,"playtime":724,"items_purged":[],"score":412,"play_id":"26366901-7e54-404f-9d19-d5e57d2a6e68","local_time":"20201228235318","is_ascension_mode":true,"campfire_choices":[{"data":"Blood for Blood","floor":7.0,"key":"SMITH"},{"data":"Disarm","floor":10.0,"key":"SMITH"},{"data":"Rupture","floor":13.0,"key":"SMITH"},{"floor":15.0,"key":"REST"},{"data":"Berserk","floor":23.0,"key":"SMITH"}],"circlet_count":0,"master_deck":["AscendersBane","Strike_R","Defend_R","Defend_R","Defend_R","Defend_R","Bash","Blood for Blood+1","Shrug It Off","Pommel Strike","Disarm+1","Rupture+1","Brutality","Reaper","Sword Boomerang","RitualDagger","Pummel","Berserk+1"],"relics":["Burning Blood","NeowsBlessing","Nunchaku","Paper Frog","Thread and Needle","Empty Cage","Oddly Smooth Stone"],"acts_visited":["Exordium","TheCity"],"potions_floor_usage":[24],"damage_taken":[{"damage":0.0,"enemies":"2 Louse","floor":1.0,"turns":1.0},{"damage":0.0,"enemies":"Small Slimes","floor":2.0,"turns":2.0},{"damage":0.0,"enemies":"Cultist","floor":4.0,"turns":1.0},{"damage":19.0,"enemies":"3 Sentries","floor":6.0,"turns":11.0},{"damage":13.0,"enemies":"3 Louse","floor":8.0,"turns":5.0},{"damage":10.0,"enemies":"Blue Slaver","floor":11.0,"turns":6.0},{"damage":7.0,"enemies":"2 Fungi Beasts","floor":12.0,"turns":4.0},{"damage":34.0,"enemies":"Gremlin Nob","floor":14.0,"turns":4.0},{"damage":11.0,"enemies":"The Guardian","floor":16.0,"turns":9.0},{"damage":15.0,"enemies":"Shell Parasite","floor":18.0,"turns":8.0},{"damage":16.0,"enemies":"2 Thieves","floor":21.0,"turns":4.0},{"damage":57,"enemies":"Book of Stabbing","floor":24,"turns":5}],"seed_played":"-212620446223007030","potions_obtained":[{"floor":2.0,"key":"SkillPotion"},{"floor":4.0,"key":"Block Potion"},{"floor":8.0,"key":"Fruit Juice"},{"floor":14.0,"key":"AttackPotion"}],"is_trial":false,"path_per_floor":["M","M","?","M","?","E","R","M","T","R","M","M","R","E","R","B",null,"M","?","?","M","$","R","E"],"character_chosen":"IRONCLAD","items_purchased":["Berserk"],"campfire_rested":1,"item_purchase_floors":[22],"current_hp_per_floor":[74,75,68,74,74,61,61,54,54,54,50,49,49,21,43,38,66,62,56,56,52,52,52,0,0],"gold":57,"neow_bonus":"THREE_ENEMY_KILL","is_daily":false,"chose_seed":false,"campfire_upgraded":4,"win_rate":0.0,"timestamp":1609228398,"path_taken":["M","M","?","M","?","E","R","?","T","R","M","M","R","E","R","BOSS","M","?","?","M","?","R","E"],"items_purchased_type":["Card"],"build_version":"2020-12-22","purchased_purges":0,"victory":false,"max_hp_per_floor":[75,75,75,75,75,75,75,75,75,75,75,75,75,75,75,75,75,75,75,75,75,75,75,80,80],"relic_stats":{"Nunchaku":[5],"counters":[12,60],"obtain_stats":[{"Nunchaku":6,"NeowsBlessing":0,"Oddly Smooth Stone":20,"Thread and Needle":14,"Empty Cage":17,"Burning Blood":0,"Paper Frog":9},{"Nunchaku":4,"NeowsBlessing":0,"Oddly Smooth Stone":10,"Thread and Needle":8,"Empty Cage":9,"Burning Blood":0,"Paper Frog":5},{"Nunchaku":15,"NeowsBlessing":0,"Oddly Smooth Stone":51,"Thread and Needle":34,"Empty Cage":43,"Burning Blood":0,"Paper Frog":20}],"Burning Blood":61},"card_choices":[{"not_picked":["Warcry","Intimidate"],"picked":"Blood for Blood","floor":1.0},{"not_picked":["Ghostly Armor","Dropkick"],"picked":"Shrug It Off","floor":2.0},{"not_picked":["Body Slam","Havoc"],"picked":"Pommel Strike","floor":4.0},{"not_picked":["Twin Strike","Heavy Blade"],"picked":"Disarm","floor":6.0},{"not_picked":["Anger","Heavy Blade"],"picked":"Rupture","floor":8.0},{"not_picked":["Warcry","Cleave"],"picked":"Brutality","floor":11.0},{"not_picked":["Havoc","Cleave","Warcry"],"picked":"SKIP","floor":12.0},{"not_picked":["Evolve","Perfected Strike","Iron Wave"],"picked":"SKIP","floor":14.0},{"not_picked":["Offering","Brutality"],"picked":"Reaper","floor":16.0},{"not_picked":["Twin Strike","Flex"],"picked":"Sword Boomerang","floor":18.0},{"not_picked":["Wild Strike","Body Slam+1"],"picked":"Pummel","floor":21.0}],"player_experience":3651945,"relics_obtained":[{"floor":6.0,"key":"Nunchaku"},{"floor":9.0,"key":"Paper Frog"},{"floor":14.0,"key":"Thread and Needle"}],"event_choices":[{"cards_removed":["Strike_R"],"damage_healed":0.0,"max_hp_gain":0.0,"max_hp_loss":0.0,"gold_gain":0.0,"event_name":"Golden Wing","player_choice":"Card Removal","floor":3.0,"gold_loss":0.0,"damage_taken":7.0},{"cards_removed":["Strike_R"],"damage_healed":0.0,"max_hp_gain":0.0,"max_hp_loss":0.0,"gold_gain":0.0,"event_name":"Bonfire Elementals","player_choice":"Offered Basic","floor":5.0,"gold_loss":0.0,"damage_taken":0.0},{"damage_healed":0.0,"max_hp_gain":0.0,"max_hp_loss":0.0,"gold_gain":0.0,"event_name":"Nest","player_choice":"Joined the Cult","floor":19.0,"gold_loss":0.0,"damage_taken":6.0,"cards_obtained":["RitualDagger"]},{"damage_healed":0.0,"max_hp_gain":0.0,"max_hp_loss":0.0,"gold_gain":0.0,"event_name":"Addict","player_choice":"Obtained Relic","floor":20.0,"gold_loss":85.0,"damage_taken":0.0,"relics_obtained":["Oddly Smooth Stone"]}],"is_beta":false,"boss_relics":[{"not_picked":["Black Blood","Velvet Choker"],"picked":"Empty Cage"}],"items_purged_floors":[],"is_endless":false,"potions_floor_spawned":[2,4,8,14],"killed_by":"Book of Stabbing","ascension_level":20}}