{"host":"4cz9gr89nglr7k8k","time":1609203356,"event":{"mods":["BaseMod","Minty Spire (QoL Compilation)","Relic Stats","Slay-I"],"gold_per_floor":[119,131,131,131,9,9,26,61,131,464,464,491,491,506,506,577,577,587,587,8,23,38,70,88,88,166,5,5,18,18,29,29,101,101,112,112,112,112,122,122,154,0,0,0,0,0,0,13,13,13],"floor_reached":51,"playtime":2615,"items_purged":[],"score":1364,"play_id":"6885d2a2-066b-4725-8255-3013317bb200","local_time":"20201229015556","is_ascension_mode":true,"campfire_choices":[{"floor":6,"key":"REST"},{"floor":11,"key":"REST"},{"floor":13,"key":"REST"},{"floor":15,"key":"REST"},{"floor":25,"key":"REST"},{"floor":32,"key":"REST"},{"floor":40,"key":"REST"},{"floor":44,"key":"REST"},{"data":"Defragment","floor":49,"key":"SMITH"}],"circlet_count":0,"master_deck":["AscendersBane","Strike_B+1","Strike_B+1","Strike_B+1","Strike_B+1","Defend_B+1","Defend_B+1","Defend_B+1","Defend_B+1","Zap","Dualcast","Sunder","Auto Shields","Genetic Algorithm","Defragment+1","Glacier","Tempest","Go for the Eyes","Static Discharge","Ball Lightning","Rainbow","Stack","Genetic Algorithm","BootSequence","BootSequence","Auto Shields+1","Conserve Battery","Reboot","Go for the Eyes+1","Static Discharge","Gash","Rainbow","Beam Cell+1","Stack","Chill","Decay","Mind Blast","Cold Snap","Cold Snap","Parasite","Clumsy","White Noise","White Noise"],"relics":["Runic Pyramid","Art of War","Pantograph","Shuriken","Old Coin","Pear","Cursed Key","Calipers","DollysMirror","Tiny Chest","Question Card","Omamori","SlaversCollar","Cables","Bag of Preparation","Red Mask","Prayer Wheel","Kunai"],"acts_visited":["Exordium","TheCity","TheBeyond"],"potions_floor_usage":[12,16,16],"damage_taken":[{"damage":7,"enemies":"Cultist","floor":1,"turns":4},{"damage":12,"enemies":"Jaw Worm","floor":2,"turns":2},{"damage":0,"enemies":"Small Slimes","floor":7,"turns":3},{"damage":14,"enemies":"3 Sentries","floor":8,"turns":11},{"damage":6,"enemies":"Lagavulin","floor":10,"turns":9},{"damage":40,"enemies":"Gremlin Nob","floor":12,"turns":6},{"damage":1,"enemies":"Red Slaver","floor":14,"turns":4},{"damage":3,"enemies":"Slime Boss","floor":16,"turns":10},{"damage":14,"enemies":"Shell Parasite","floor":18,"turns":3},{"damage":0,"enemies":"Chosen","floor":21,"turns":5},{"damage":1,"enemies":"Centurion and Healer","floor":22,"turns":7},{"damage":7,"enemies":"Gremlin Leader","floor":23,"turns":9},{"damage":13,"enemies":"Shelled Parasite and Fungi","floor":24,"turns":7},{"damage":25,"enemies":"Chosen and Byrds","floor":29,"turns":7},{"damage":8,"enemies":"3 Cultists","floor":31,"turns":6},{"damage":56,"enemies":"Collector","floor":33,"turns":12},{"damage":11,"enemies":"Orb Walker","floor":35,"turns":5},{"damage":35,"enemies":"3 Darklings","floor":39,"turns":10},{"damage":4,"enemies":"Nemesis","floor":41,"turns":11},{"damage":0,"enemies":"Jaw Worm Horde","floor":48,"turns":6},{"damage":66,"enemies":"Donu and Deca","floor":50,"turns":15}],"seed_played":"-9026738381913186196","potions_obtained":[{"floor":1,"key":"PotionOfCapacity"},{"floor":2,"key":"Regen Potion"},{"floor":14,"key":"Weak Potion"},{"floor":16,"key":"SpeedPotion"},{"floor":29,"key":"SmokeBomb"},{"floor":35,"key":"FairyPotion"}],"is_trial":false,"path_per_floor":["M","M","?","?","$","R","M","E","T","E","R","E","R","M","R","B",null,"M","?","$","M","M","E","M","R","T","$","?","M","?","M","R","B",null,"M","?","T","?","M","R","E","?","T","R","?","$","T","M","R","B",null],"character_chosen":"DEFECT","items_purchased":["Genetic Algorithm","Defragment","Calipers","BootSequence","DollysMirror","Omamori"],"campfire_rested":8,"item_purchase_floors":[5,5,20,20,20,27],"current_hp_per_floor":[57,45,40,19,19,40,40,26,26,20,41,25,49,48,72,78,80,66,66,66,66,65,58,45,69,69,69,69,44,44,36,60,25,67,56,56,56,56,21,45,41,41,41,65,65,65,65,65,65,15],"gold":13,"neow_bonus":"BOSS_RELIC","is_daily":false,"chose_seed":false,"campfire_upgraded":1,"win_rate":0.0,"timestamp":1609203356,"path_taken":["M","M","?","?","$","R","M","E","T","E","R","E","R","M","R","BOSS","M","?","$","?","M","E","M","R","T","$","?","M","?","M","R","BOSS","M","?","?","?","M","R","E","?","T","R","?","$","?","M","R","BOSS"],"items_purchased_type":["Card","Card","Relic","Card","Relic","Relic"],"build_version":"2020-12-22","purchased_purges":0,"victory":true,"max_hp_per_floor":[71,71,71,71,71,71,71,71,71,71,71,81,81,81,81,81,81,81,81,81,81,81,81,81,81,81,81,81,81,81,81,81,81,81,81,81,81,81,81,81,81,81,81,81,81,81,81,81,81,81],"relic_stats":{"counters":[21,152],"Shuriken":[25],"Pantograph":46,"Tiny Chest":2,"Prayer Wheel":1,"Art of War":[39],"Bag of Preparation":[4],"Kunai":[8],"Cursed Key":4,"Question Card":9,"obtain_stats":[{"Pear":12,"Calipers":20,"Omamori":27,"Bag of Preparation":41,"Cursed Key":17,"Question Card":26,"Old Coin":10,"Cables":37,"SlaversCollar":34,"Shuriken":9,"DollysMirror":20,"Pantograph":8,"Tiny Chest":23,"Prayer Wheel":43,"Art of War":3,"Red Mask":42,"Kunai":47,"Cracked Core":0,"Runic Pyramid":0},{"Pear":6,"Calipers":9,"Omamori":13,"Bag of Preparation":19,"Cursed Key":8,"Question Card":13,"Old Coin":5,"Cables":17,"SlaversCollar":16,"Shuriken":4,"DollysMirror":9,"Pantograph":4,"Tiny Chest":12,"Prayer Wheel":19,"Art of War":2,"Red Mask":19,"Kunai":19,"Cracked Core":0,"Runic Pyramid":0},{"Pear":35,"Calipers":52,"Omamori":80,"Bag of Preparation":131,"Cursed Key":49,"Question Card":80,"Old Coin":29,"Cables":110,"SlaversCollar":105,"Shuriken":20,"DollysMirror":52,"Pantograph":20,"Tiny Chest":73,"Prayer Wheel":131,"Art of War":6,"Red Mask":131,"Kunai":131,"Cracked Core":0,"Runic Pyramid":0}],"Cables":[38,19,17,2,0]},"card_choices":[{"not_picked":["Melter","Sweeping Beam"],"picked":"Sunder","floor":1},{"not_picked":["BootSequence","Cold Snap"],"picked":"Auto Shields","floor":2},{"not_picked":["Compile Driver","Darkness"],"picked":"Glacier","floor":7},{"not_picked":["Static Discharge","Reinforced Body"],"picked":"Tempest","floor":8},{"not_picked":["Undo","Streamline"],"picked":"Go for the Eyes","floor":10},{"not_picked":["Chaos","Fusion"],"picked":"Static Discharge","floor":12},{"not_picked":["Compile Driver","Hologram"],"picked":"Ball Lightning","floor":14},{"not_picked":["Multi-Cast","Core Surge"],"picked":"Rainbow","floor":16},{"not_picked":["Hologram","Sweeping Beam"],"picked":"Stack","floor":18},{"not_picked":["Heatsinks+1","Go for the Eyes"],"picked":"Auto Shields+1","floor":21},{"not_picked":["Skim","Fusion+1"],"picked":"Conserve Battery","floor":22},{"not_picked":["Hologram","Stack"],"picked":"Reboot","floor":23},{"not_picked":["Loop","FTL"],"picked":"Go for the Eyes+1","floor":24},{"not_picked":["Cold Snap","Stack","Redo"],"picked":"Static Discharge","floor":29},{"not_picked":["Coolheaded","Conserve Battery","Sweeping Beam"],"picked":"Gash","floor":31},{"not_picked":["All For One","Core Surge","Reboot"],"picked":"Rainbow","floor":33},{"not_picked":["Force Field","Barrage+1","Steam+1"],"picked":"Beam Cell+1","floor":35},{"not_picked":["Violence","Forethought","Jack Of All Trades"],"picked":"Mind Blast","floor":38},{"not_picked":["Hologram","Barrage+1","Lockon"],"picked":"Cold Snap","floor":39},{"not_picked":["Hologram","Consume","Ball Lightning"],"picked":"Cold Snap","floor":41},{"not_picked":["Barrage","Go for the Eyes","Stack"],"picked":"White Noise","floor":48},{"not_picked":["Sunder","Beam Cell+1","Redo","White Noise"],"picked":"SKIP","floor":48},{"not_picked":["Sunder","Beam Cell+1","Redo"],"picked":"White Noise","floor":48}],"player_experience":1465354,"relics_obtained":[{"floor":8,"key":"Pantograph"},{"floor":9,"key":"Shuriken"},{"floor":10,"key":"Old Coin"},{"floor":12,"key":"Pear"},{"floor":23,"key":"Tiny Chest"},{"floor":26,"key":"Question Card"},{"floor":37,"key":"Cables"},{"floor":41,"key":"Bag of Preparation"},{"floor":43,"key":"Prayer Wheel"},{"floor":47,"key":"Kunai"}],"event_choices":[{"damage_healed":0,"gold_gain":0,"player_choice":"Success","damage_taken":5,"relics_obtained":["Art of War"],"max_hp_gain":0,"max_hp_loss":0,"event_name":"Scrap Ooze","floor":3,"gold_loss":0},{"damage_healed":0,"gold_gain":0,"player_choice":"Entered Light","damage_taken":21,"max_hp_gain":0,"max_hp_loss":0,"event_name":"Shining Light","floor":4,"gold_loss":0,"cards_upgraded":["Strike_B","Defend_B"]},{"damage_healed":0,"gold_gain":0,"player_choice":"Copied","damage_taken":0,"max_hp_gain":0,"max_hp_loss":0,"event_name":"Duplicator","floor":19,"gold_loss":0,"cards_obtained":["Genetic Algorithm"]},{"damage_healed":0,"gold_gain":0,"player_choice":"Simplicity","damage_taken":0,"max_hp_gain":0,"max_hp_loss":0,"event_name":"Back to Basics","floor":28,"gold_loss":0,"cards_upgraded":["Strike_B","Strike_B","Strike_B","Defend_B","Defend_B","Defend_B"]},{"damage_healed":0,"gold_gain":0,"cards_transformed":["Pain"],"player_choice":"Transformed","damage_taken":0,"max_hp_gain":0,"max_hp_loss":0,"event_name":"Transmorgrifier","floor":30,"gold_loss":0,"cards_obtained":["Writhe"]},{"damage_healed":0,"gold_gain":0,"player_choice":"3 cards matched","damage_taken":0,"max_hp_gain":0,"max_hp_loss":0,"event_name":"Match and Keep!","floor":36,"gold_loss":0,"cards_obtained":["Regret","Stack","Chill"]},{"damage_healed":0,"gold_gain":0,"player_choice":"Memory 1","damage_taken":0,"max_hp_gain":0,"max_hp_loss":0,"event_name":"SensoryStone","floor":38,"gold_loss":0},{"damage_healed":0,"gold_gain":0,"player_choice":"Paid","damage_taken":0,"relics_obtained":["Red Mask"],"max_hp_gain":0,"max_hp_loss":0,"event_name":"Tomb of Lord Red Mask","floor":42,"gold_loss":154},{"damage_healed":0,"gold_gain":0,"player_choice":"Ignored","damage_taken":0,"max_hp_gain":0,"max_hp_loss":0,"event_name":"Mysterious Sphere","floor":45,"gold_loss":0}],"is_beta":false,"boss_relics":[{"not_picked":["Tiny House","Philosopher\u0027s Stone"],"picked":"Cursed Key"},{"not_picked":["Sozu","Calling Bell"],"picked":"SlaversCollar"}],"items_purged_floors":[],"is_endless":false,"potions_floor_spawned":[1,2,8,14,16,29,31,35,39,41],"ascension_level":19}}