{"host":"i09pxcjttd31eh4q","time":1609218257,"event":{"mods":["AchievementEnabler","BaseMod","Colored Map","Keyboard Shortcuts","Minty Spire (QoL Compilation)","StSLib","SuperFastMode"],"gold_per_floor":[112,126,126,126,145,145,177,177,224,255,255,266,60,78,78,152,152,168,183,193,83,83,83,83,83,83,83,100,0,13,13,13,87,87,103,103,103,103,103,128,156,168,206,230,25,25,25,44,44,44,44,44,44,44,78,78,78],"floor_reached":56,"playtime":1331,"items_purged":["Strike_G","Strike_G"],"score":1766,"play_id":"e603502c-d076-420e-a748-b49cdafc1819","local_time":"20201229140417","is_ascension_mode":true,"campfire_choices":[{"data":"Crippling Poison","floor":6.0,"key":"SMITH"},{"data":"Tactician","floor":8.0,"key":"SMITH"},{"data":"Deadly Poison","floor":11.0,"key":"SMITH"},{"floor":15.0,"key":"REST"},{"data":"Catalyst","floor":23.0,"key":"SMITH"},{"data":"Catalyst","floor":25.0,"key":"SMITH"},{"data":"Corpse Explosion","floor":27.0,"key":"SMITH"},{"data":"Calculated Gamble","floor":32.0,"key":"SMITH"},{"data":"Venomology","floor":42.0,"key":"SMITH"},{"data":"Apotheosis","floor":46.0,"key":"SMITH"},{"floor":49.0,"key":"RECALL"},{"data":"Footwork","floor":53.0,"key":"SMITH"}],"circlet_count":0,"master_deck":["AscendersBane","Strike_G+1","Defend_G","Defend_G","Defend_G","Defend_G","Defend_G","Survivor","Neutralize","Noxious Fumes+1","Crippling Poison+1","Tactician+1","Deadly Poison+1","Poisoned Stab+1","Catalyst+1","Footwork+1","Catalyst+1","Corpse Explosion+1","Crippling Poison+1","Acrobatics","Calculated Gamble+1","PiercingWail","Acrobatics+1","Venomology+1","Deflect+1","Backflip","Finesse","Backflip+1","Footwork+1","Apotheosis+1"],"relics":["Ring of the Snake","NeowsBlessing","Pen Nib","Toy Ornithopter","Prayer Wheel","HoveringKite","Thread and Needle","Philosopher\u0027s Stone","MawBank","Whetstone","The Specimen"],"acts_visited":["Exordium","TheCity","TheBeyond","TheEnding"],"potions_floor_usage":[],"damage_taken":[{"damage":0.0,"enemies":"Cultist","floor":1.0,"turns":1.0},{"damage":0.0,"enemies":"Small Slimes","floor":2.0,"turns":1.0},{"damage":0.0,"enemies":"2 Louse","floor":5.0,"turns":1.0},{"damage":50.0,"enemies":"Gremlin Nob","floor":7.0,"turns":5.0},{"damage":9.0,"enemies":"3 Sentries","floor":10.0,"turns":5.0},{"damage":19.0,"enemies":"Exordium Thugs","floor":12.0,"turns":4.0},{"damage":4.0,"enemies":"3 Louse","floor":14.0,"turns":2.0},{"damage":9.0,"enemies":"Slime Boss","floor":16.0,"turns":9.0},{"damage":22.0,"enemies":"2 Thieves","floor":18.0,"turns":3.0},{"damage":3.0,"enemies":"Spheric Guardian","floor":19.0,"turns":3.0},{"damage":17.0,"enemies":"Snake Plant","floor":20.0,"turns":4.0},{"damage":0.0,"enemies":"3 Cultists","floor":28.0,"turns":3.0},{"damage":4.0,"enemies":"Snecko","floor":30.0,"turns":3.0},{"damage":12.0,"enemies":"Automaton","floor":33.0,"turns":5.0},{"damage":11.0,"enemies":"Orb Walker","floor":35.0,"turns":3.0},{"damage":15.0,"enemies":"Nemesis","floor":40.0,"turns":5.0},{"damage":0.0,"enemies":"3 Shapes","floor":41.0,"turns":3.0},{"damage":2.0,"enemies":"Writhing Mass","floor":44.0,"turns":3.0},{"damage":0.0,"enemies":"Spire Growth","floor":48.0,"turns":3.0},{"damage":17.0,"enemies":"Awakened One","floor":50.0,"turns":14.0},{"damage":4.0,"enemies":"Donu and Deca","floor":51.0,"turns":6.0},{"damage":47.0,"enemies":"Shield and Spear","floor":55.0,"turns":6.0},{"damage":46,"enemies":"The Heart","floor":56,"turns":2}],"seed_played":"-261089390024099903","potions_obtained":[{"floor":5.0,"key":"Regen Potion"},{"floor":7.0,"key":"FairyPotion"},{"floor":12.0,"key":"DistilledChaos"},{"floor":16.0,"key":"SmokeBomb"},{"floor":18.0,"key":"Regen Potion"},{"floor":20.0,"key":"Weak Potion"},{"floor":28.0,"key":"Energy Potion"},{"floor":35.0,"key":"CultistPotion"},{"floor":40.0,"key":"Block Potion"},{"floor":55.0,"key":"SpeedPotion"}],"is_trial":false,"path_per_floor":["M","M","?","?","M","R","E","R","T","E","R","M","$","M","R","B",null,"M","M","M","?","$","R","?","R","T","R","M","$","M","?","R","B",null,"M","?","T","?","?","E","M","R","T","M","$","R","$","M","R","B","B",null,"R","$","E","B"],"character_chosen":"THE_SILENT","items_purchased":["Footwork","Block Potion","Apotheosis"],"campfire_rested":1,"item_purchase_floors":[13,13,45],"current_hp_per_floor":[59,59,59,52,52,52,2,2,2,13,13,19,19,15,34,35,58,36,50,33,33,33,33,33,33,33,33,33,33,29,29,29,22,55,44,44,44,39,39,34,34,34,34,37,37,37,37,42,42,35,36,56,56,56,14,0,0],"gold":78,"neow_bonus":"THREE_ENEMY_KILL","is_daily":false,"chose_seed":false,"campfire_upgraded":10,"win_rate":0.0,"timestamp":1609218257,"path_taken":["M","?","?","?","M","R","E","R","T","E","R","M","$","M","R","BOSS","M","M","M","?","?","R","?","R","T","R","M","$","?","?","R","BOSS","M","?","?","?","?","E","M","R","T","M","$","R","?","M","R","BOSS","BOSS","R","$","E","BOSS"],"items_purchased_type":["Card","Potion","Card"],"build_version":"2020-12-22","purchased_purges":2,"victory":false,"max_hp_per_floor":[66,66,66,66,66,66,66,66,66,66,66,66,66,66,66,66,66,66,66,66,66,66,66,66,66,66,66,66,66,66,66,66,66,66,66,66,66,66,63,63,63,63,63,63,63,63,63,63,63,63,63,63,63,63,63,63,63],"card_choices":[{"not_picked":["Deflect","Acrobatics"],"picked":"Noxious Fumes","floor":1.0},{"not_picked":["Heel Hook","Poisoned Stab"],"picked":"Crippling Poison","floor":2.0},{"not_picked":["Dodge and Roll","Accuracy"],"picked":"Tactician","floor":5.0},{"not_picked":["Dodge and Roll","Slice","Sucker Punch"],"picked":"SKIP","floor":7.0},{"not_picked":["Choke","Tactician"],"picked":"Deadly Poison","floor":10.0},{"not_picked":["Predator","Outmaneuver"],"picked":"Poisoned Stab","floor":12.0},{"not_picked":["Underhanded Strike","Terror"],"picked":"Catalyst","floor":12.0},{"not_picked":["Outmaneuver","Deadly Poison"],"picked":"Catalyst","floor":14.0},{"not_picked":["Bane","Concentrate","Deadly Poison"],"picked":"SKIP","floor":14.0},{"not_picked":["Malaise","Grand Finale"],"picked":"Corpse Explosion","floor":16.0},{"not_picked":["Deflect","Flying Knee","Masterful Stab"],"picked":"SKIP","floor":18.0},{"not_picked":["Sucker Punch","Flying Knee","Heel Hook"],"picked":"SKIP","floor":18.0},{"not_picked":["Outmaneuver","Dodge and Roll","Blur+1"],"picked":"SKIP","floor":19.0},{"not_picked":["Accuracy","Heel Hook","Blade Dance"],"picked":"SKIP","floor":19.0},{"not_picked":["Outmaneuver","Dodge and Roll","Blur+1"],"picked":"SKIP","floor":19.0},{"not_picked":["Accuracy","Heel Hook","Blade Dance"],"picked":"SKIP","floor":19.0},{"not_picked":["Heel Hook","Dodge and Roll","Blade Dance"],"picked":"SKIP","floor":20.0},{"not_picked":["Blade Dance","Dodge and Roll","Quick Slash"],"picked":"SKIP","floor":20.0},{"not_picked":["Deflect","Envenom"],"picked":"Acrobatics","floor":28.0},{"not_picked":["Underhanded Strike","Masterful Stab"],"picked":"Calculated Gamble","floor":28.0},{"not_picked":["Endless Agony","Crippling Poison"],"picked":"PiercingWail","floor":30.0},{"not_picked":["Well Laid Plans","Eviscerate"],"picked":"Acrobatics+1","floor":30.0},{"not_picked":["Wraith Form v2","Doppelganger"],"picked":"Venomology","floor":33.0},{"not_picked":["Riddle With Holes","Deadly Poison"],"picked":"Deflect+1","floor":35.0},{"not_picked":["Choke","Acrobatics+1"],"picked":"Backflip","floor":35.0},{"not_picked":["Magnetism","Dark Shackles"],"picked":"Finesse","floor":38.0},{"not_picked":["Deflect","Accuracy","Outmaneuver+1"],"picked":"SKIP","floor":40.0},{"not_picked":["Flechettes","Crippling Poison+1"],"picked":"Backflip+1","floor":41.0},{"not_picked":["Sucker Punch","Blade Dance+1","Backstab"],"picked":"SKIP","floor":41.0},{"not_picked":["Sucker Punch","Backstab"],"picked":"Footwork","floor":44.0},{"not_picked":["Flechettes+1","Sucker Punch","Wraith Form v2"],"picked":"SKIP","floor":44.0},{"not_picked":["Acrobatics","Predator","Dagger Spray"],"picked":"SKIP","floor":48.0},{"not_picked":["Terror","Predator","Dagger Throw"],"picked":"SKIP","floor":48.0},{"not_picked":["Acrobatics","Predator","Dagger Spray"],"picked":"SKIP","floor":48.0},{"not_picked":["Terror","Predator","Dagger Throw"],"picked":"SKIP","floor":48.0},{"not_picked":["Dagger Spray","Masterful Stab+1","Quick Slash+1"],"picked":"SKIP","floor":55.0}],"player_experience":786357,"relics_obtained":[{"floor":7.0,"key":"Pen Nib"},{"floor":9.0,"key":"Toy Ornithopter"},{"floor":10.0,"key":"Prayer Wheel"},{"floor":26.0,"key":"Thread and Needle"},{"floor":40.0,"key":"MawBank"},{"floor":43.0,"key":"Whetstone"},{"floor":55.0,"key":"The Specimen"}],"event_choices":[{"damage_healed":0.0,"max_hp_gain":0.0,"max_hp_loss":0.0,"gold_gain":0.0,"event_name":"Living Wall","player_choice":"Grow","floor":3.0,"gold_loss":0.0,"damage_taken":0.0,"cards_upgraded":["Noxious Fumes"]},{"cards_removed":["Strike_G"],"damage_healed":0.0,"max_hp_gain":0.0,"max_hp_loss":0.0,"gold_gain":0.0,"event_name":"Golden Wing","player_choice":"Card Removal","floor":4.0,"gold_loss":0.0,"damage_taken":7.0},{"cards_removed":["Strike_G"],"damage_healed":0.0,"max_hp_gain":0.0,"max_hp_loss":0.0,"gold_gain":0.0,"event_name":"Designer","player_choice":"Upgrade and Remove","floor":21.0,"gold_loss":110.0,"damage_taken":0.0,"cards_upgraded":["Footwork"]},{"damage_healed":0.0,"max_hp_gain":0.0,"max_hp_loss":0.0,"gold_gain":0.0,"event_name":"Duplicator","player_choice":"Copied","floor":24.0,"gold_loss":0.0,"damage_taken":0.0,"cards_obtained":["Crippling Poison"]},{"damage_healed":0.0,"max_hp_gain":0.0,"max_hp_loss":0.0,"gold_gain":0.0,"event_name":"Cursed Tome","player_choice":"Ignored","floor":31.0,"gold_loss":0.0,"damage_taken":0.0},{"damage_healed":0.0,"max_hp_gain":0.0,"max_hp_loss":0.0,"gold_gain":0.0,"event_name":"Mysterious Sphere","player_choice":"Ignored","floor":36.0,"gold_loss":0.0,"damage_taken":0.0},{"damage_healed":0.0,"max_hp_gain":0.0,"max_hp_loss":0.0,"gold_gain":0.0,"event_name":"SensoryStone","player_choice":"Memory 2","floor":38.0,"gold_loss":0.0,"damage_taken":5.0},{"damage_healed":0.0,"max_hp_gain":0.0,"max_hp_loss":3.0,"gold_gain":0.0,"event_name":"Winding Halls","player_choice":"Max HP","floor":39.0,"gold_loss":0.0,"damage_taken":0.0}],"is_beta":false,"boss_relics":[{"not_picked":["WristBlade","Sozu"],"picked":"HoveringKite"},{"not_picked":["Snecko Eye","Cursed Key"],"picked":"Philosopher\u0027s Stone"}],"items_purged_floors":[13,29],"is_endless":false,"potions_floor_spawned":[5,7,12,16,18,20,28,35,40,44,55],"killed_by":"The Heart","ascension_level":20}}