{"host":"h1l2j95f0ioyx0nx","time":1609235402,"event":{"mods":["BaseMod","BetterRewards","Gold Saver","Minty Spire (QoL Compilation)","Spicy Shops","StSLib","The Dragon Tamer","The Hierophant","The Poker Player"],"gold_per_floor":[1121,1137,1137,1150,29,29,304,304,304,316,331,331,406,439,439,539,539,554,554,554,571,590,590,619,619,619,619,633,653,39,51,51,149,149,241,241,335,1,94,94,203,203,226,226,312,432,517,517,517,517,517,517,60,163,163,163,163],"floor_reached":55,"playtime":6108,"items_purged":["Regret"],"score":842,"play_id":"6112453e-13b9-425f-8aed-1a9f302191ea","local_time":"20201229185002","is_ascension_mode":false,"metric_token":607,"campfire_choices":[{"floor":6,"key":"RECALL"},{"data":"DTMod:LightShield","floor":8,"key":"SMITH"},{"data":"DTMod:MagiciansMark","floor":12,"key":"SMITH"},{"floor":15,"key":"REST"},{"data":"DTMod:Harmonize","floor":23,"key":"SMITH"},{"floor":25,"key":"REST"},{"floor":27,"key":"REST"},{"floor":32,"key":"REST"},{"data":"DTMod:SealedStrike","floor":40,"key":"SMITH"},{"data":"DTMod:SealedStrike+1","floor":42,"key":"SMITH"},{"data":"DTMod:SealedStrike+2","floor":44,"key":"SMITH"},{"data":"DTMod:SealedStrike+3","floor":49,"key":"SMITH"},{"data":"DTMod:SealedStrike+4","floor":52,"key":"SMITH"}],"dtmod_dragon_data":[0,50,3,4,14,1],"circlet_count":0,"master_deck":["DTMod:Strike+1","DTMod:Strike+1","DTMod:Strike+1","DTMod:Strike+1","DTMod:DoubleHit+1","DTMod:TargetDefense+1","DTMod:TargetDefense+1","DTMod:TargetDefense+1","DTMod:TargetDefense+1","DTMod:SwitchingTactic+1","DTMod:QuickFly+1","DTMod:Training+1","DTMod:TauntingStrike+1","DTMod:TagTeam+1","DTMod:DragonDance+1","DTMod:LightShield+1","DTMod:MagiciansMark+1","DTMod:Cover+1","DTMod:Astonish+1","DTMod:Harmonize+1","DTMod:Observe+1","DTMod:MagiciansMark+1","DTMod:BurningEnergy+1","DTMod:DragonDance+1","DTMod:MasterPlan+1","DTMod:BurningForce+1","DTMod:Conduct+1","DTMod:HeadStart+1","DTMod:SealedStrike+5","DTMod:Observe+1","Madness+1","Madness+1","DTMod:DarkBreath+1","DTMod:Hide+1","DTMod:TauntingStrike+1","DTMod:Weaken+1","Parasite","DTMod:SneakAttack+1","DTMod:DeepFocus+1","DTMod:Shift+1","Mayhem+1","Trip+1","Secret Technique+1","DTMod:TagTeam+1","DTMod:QuickFly","DTMod:BurningEnergy+1"],"relics":["DTMod:MagicStone","Boot","Sling","Frozen Eye","Lizard Tail","Pocketwatch","Toxic Egg 2","SacredBark","DTMod:DragonFood","Bronze Scales","Eternal Feather","Potion Belt","StoneCalendar","Toolbox","MealTicket","Nunchaku","Toy Ornithopter","Strawberry","Girya","Thread and Needle","Anchor"],"acts_visited":["Exordium","TheCity","TheBeyond","TheEnding"],"potions_floor_usage":[16,16,33,46,46,47,50,55],"damage_taken":[{"damage":0,"enemies":"Small Slimes","floor":1,"turns":3},{"damage":0,"enemies":"2 Louse","floor":2,"turns":2},{"damage":0,"enemies":"Cultist","floor":4,"turns":3},{"damage":2,"enemies":"2 Fungi Beasts","floor":10,"turns":4},{"damage":0,"enemies":"Looter","floor":11,"turns":3},{"damage":19,"enemies":"Lagavulin","floor":14,"turns":6},{"damage":13,"enemies":"Slime Boss","floor":16,"turns":9},{"damage":0,"enemies":"Chosen","floor":18,"turns":4},{"damage":0,"enemies":"Spheric Guardian","floor":21,"turns":4},{"damage":0,"enemies":"3 Cultists","floor":22,"turns":7},{"damage":45,"enemies":"Book of Stabbing","floor":24,"turns":6},{"damage":22,"enemies":"Sentry and Sphere","floor":28,"turns":5},{"damage":27,"enemies":"Centurion and Healer","floor":29,"turns":5},{"damage":0,"enemies":"Snake Plant","floor":31,"turns":4},{"damage":0,"enemies":"Champ","floor":33,"turns":7},{"damage":0,"enemies":"3 Shapes","floor":35,"turns":4},{"damage":10,"enemies":"3 Darklings","floor":37,"turns":7},{"damage":7,"enemies":"Transient","floor":39,"turns":5},{"damage":0,"enemies":"Nemesis","floor":41,"turns":7},{"damage":0,"enemies":"Writhing Mass","floor":45,"turns":3},{"damage":19,"enemies":"2 Orb Walkers","floor":46,"turns":7},{"damage":0,"enemies":"Spire Growth","floor":47,"turns":4},{"damage":36,"enemies":"Donu and Deca","floor":50,"turns":7},{"damage":5,"enemies":"Shield and Spear","floor":54,"turns":5},{"damage":126,"enemies":"The Heart","floor":55,"turns":9}],"seed_played":"5040378917552588439","potions_obtained":[{"floor":2,"key":"Weak Potion"},{"floor":11,"key":"SneckoOil"},{"floor":14,"key":"ColorlessPotion"},{"floor":16,"key":"CultistPotion"},{"floor":18,"key":"Ancient Potion"},{"floor":31,"key":"AttackPotion"},{"floor":33,"key":"EssenceOfSteel"},{"floor":35,"key":"ColorlessPotion"},{"floor":45,"key":"LiquidMemories"}],"is_trial":false,"path_per_floor":["M","M","?","M","$","R","?","R","T","M","M","R","?","E","R","B",null,"M","?","?","M","M","R","E","R","T","R","M","M","$","M","R","B",null,"M","?","M","$","M","R","E","R","T","R","M","?","M","?","R","B",null,"R","$","E","B"],"character_chosen":"THE_DT","items_purchased":["Boot","Sling","Frozen Eye","Lizard Tail","Pocketwatch","DTMod:TagTeam","DTMod:DragonDance","DTMod:LightShield","Potion Belt","StoneCalendar","Toolbox","MealTicket","Nunchaku","DTMod:Hide+1","Thread and Needle","DistilledChaos","DTMod:TagTeam+1","DTMod:QuickFly"],"campfire_rested":4,"item_purchase_floors":[5,5,5,5,5,5,5,5,30,30,30,38,38,38,53,53,53,53],"current_hp_per_floor":[49,49,54,54,54,54,54,54,54,52,52,52,41,22,38,25,54,54,54,54,54,54,54,9,25,25,54,32,5,5,5,36,36,54,54,47,44,44,44,54,54,54,61,61,61,52,61,51,61,25,61,61,61,56,0,0,0],"gold":163,"neow_bonus":"TEN_PERCENT_HP_BONUS","is_daily":false,"chose_seed":false,"campfire_upgraded":8,"win_rate":0.0,"timestamp":1609235402,"path_taken":["M","M","?","M","$","R","?","R","T","M","?","R","?","E","R","BOSS","M","?","?","M","M","R","E","R","T","R","M","?","$","M","R","BOSS","M","?","M","$","M","R","E","R","T","R","M","?","M","?","R","BOSS","R","$","E","BOSS"],"items_purchased_type":["Relic","Relic","Relic","Relic","Relic","Card","Card","Card","Relic","Relic","Relic","Relic","Relic","Card","Relic","Potion","Card","Card"],"build_version":"2020-12-22","purchased_purges":1,"victory":false,"max_hp_per_floor":[49,49,54,54,54,54,54,54,54,54,54,54,54,54,54,54,54,54,54,54,54,54,54,54,54,54,54,54,54,54,54,54,54,54,54,54,54,54,54,54,54,54,61,61,61,61,61,61,61,61,61,61,61,61,61,61,61],"card_choices":[{"not_picked":["DTMod:CleansingStrike","DTMod:Feint"],"picked":"DTMod:QuickFly","floor":1},{"not_picked":["DTMod:ForkedFire","DTMod:LowKick"],"picked":"DTMod:Training","floor":2},{"not_picked":["DTMod:Punisher","DTMod:BlazingStrike"],"picked":"DTMod:TauntingStrike","floor":4},{"not_picked":["DTMod:BreakAttack","DTMod:Inferno"],"picked":"DTMod:MagiciansMark","floor":10},{"not_picked":["DTMod:MaximumCharge","DTMod:DragonDance"],"picked":"DTMod:Cover","floor":11},{"not_picked":["DTMod:Punisher","DTMod:BlazingStrike"],"picked":"DTMod:Astonish","floor":14},{"not_picked":["DTMod:Safeguard","DTMod:HeadStart+1"],"picked":"DTMod:Harmonize","floor":16},{"not_picked":["DTMod:ForkedFire+1","DTMod:BizarreTactic+1"],"picked":"DTMod:Observe+1","floor":18},{"not_picked":["DTMod:Feint","DTMod:Training+1"],"picked":"DTMod:BurningEnergy+1","floor":21},{"not_picked":["DTMod:MagicField+1","DTMod:Weaken+1"],"picked":"DTMod:DragonDance+1","floor":22},{"not_picked":["DTMod:Observe+1","DTMod:RecklessFlurry"],"picked":"DTMod:MasterPlan+1","floor":24},{"not_picked":["DTMod:DragonDance","DTMod:Punisher+1"],"picked":"DTMod:BurningForce","floor":28},{"not_picked":["DTMod:CleansingStrike","DTMod:BizarreTactic+1"],"picked":"DTMod:Conduct+1","floor":29},{"not_picked":["DTMod:BizarreTactic+1","DTMod:MagicField+1"],"picked":"DTMod:HeadStart+1","floor":31},{"not_picked":["DTMod:FierySynthesis","DTMod:Outburst+1"],"picked":"DTMod:SealedStrike","floor":33},{"not_picked":["DTMod:Weaken+1","DTMod:Cover+1"],"picked":"DTMod:Observe+1","floor":35},{"not_picked":["DTMod:Punisher","DTMod:Astonish+1"],"picked":"DTMod:DarkBreath+1","floor":37},{"not_picked":["DTMod:Hide+1","DTMod:CleansingStrike"],"picked":"DTMod:TauntingStrike+1","floor":39},{"not_picked":["DTMod:MasterPlan+1","DTMod:Dissolve"],"picked":"DTMod:Weaken+1","floor":41},{"not_picked":["DTMod:FlameSlash","DTMod:BlazingStrike"],"picked":"DTMod:SneakAttack+1","floor":45},{"not_picked":["DTMod:FlameSlash","DTMod:TagTeam+1"],"picked":"DTMod:DeepFocus+1","floor":46},{"not_picked":["DTMod:BizarreTactic+1","DTMod:Cover+1"],"picked":"DTMod:Shift+1","floor":47},{"not_picked":["Deep Breath+1","Secret Technique+1"],"picked":"Mayhem","floor":48},{"not_picked":["Purity+1","Dramatic Entrance"],"picked":"Trip+1","floor":48},{"not_picked":["HandOfGreed","Finesse+1"],"picked":"Secret Technique+1","floor":48},{"not_picked":["DTMod:ShieldDrain+1","DTMod:DarkBreath"],"picked":"DTMod:BurningEnergy+1","floor":54}],"player_experience":92360,"relics_obtained":[{"floor":14,"key":"Toxic Egg 2"},{"floor":24,"key":"Bronze Scales"},{"floor":26,"key":"Eternal Feather"},{"floor":41,"key":"Toy Ornithopter"},{"floor":43,"key":"Strawberry"},{"floor":46,"key":"Girya"},{"floor":54,"key":"Anchor"}],"event_choices":[{"damage_healed":0,"gold_gain":0,"player_choice":"Donut","damage_taken":0,"max_hp_gain":5,"max_hp_loss":0,"event_name":"Big Fish","floor":3,"gold_loss":0},{"damage_healed":0,"gold_gain":275,"player_choice":"Desecrate","damage_taken":0,"max_hp_gain":0,"max_hp_loss":0,"event_name":"Golden Shrine","floor":7,"gold_loss":0,"cards_obtained":["Regret"]},{"damage_healed":0,"gold_gain":75,"player_choice":"Gather Gold","damage_taken":11,"max_hp_gain":0,"max_hp_loss":0,"event_name":"World of Goop","floor":13,"gold_loss":0},{"damage_healed":0,"gold_gain":0,"player_choice":"Opened","damage_taken":0,"relics_obtained":["DTMod:DragonFood"],"max_hp_gain":0,"max_hp_loss":0,"event_name":"The Mausoleum","floor":19,"gold_loss":0},{"damage_healed":0,"gold_gain":0,"player_choice":"Copied","damage_taken":0,"max_hp_gain":0,"max_hp_loss":0,"event_name":"Duplicator","floor":20,"gold_loss":0,"cards_obtained":["DTMod:MagiciansMark"]},{"damage_healed":0,"gold_gain":0,"player_choice":"Embrace Madness","damage_taken":7,"max_hp_gain":0,"max_hp_loss":0,"event_name":"Winding Halls","floor":36,"gold_loss":0,"cards_obtained":["Madness","Madness"]},{"damage_healed":0,"gold_gain":0,"player_choice":"Fight","damage_taken":0,"max_hp_gain":0,"max_hp_loss":0,"event_name":"Mysterious Sphere","floor":46,"gold_loss":0},{"damage_healed":0,"gold_gain":0,"player_choice":"Memory 3","damage_taken":10,"max_hp_gain":0,"max_hp_loss":0,"event_name":"SensoryStone","floor":48,"gold_loss":0}],"is_beta":false,"boss_relics":[{"not_picked":["Runic Dome","Snecko Eye"],"picked":"SacredBark"},{"not_picked":["DTMod:TheChair","Philosopher\u0027s Stone"],"picked":"DTMod:MagicStone"}],"items_purged_floors":[38],"is_endless":false,"potions_floor_spawned":[2,11,14,16,18,28,31,33,35,39,45],"killed_by":"The Heart","ascension_level":0}}