{"host":"qxeepl7ydvsgmfdb","time":1609226619,"event":{"mods":["AchievementEnabler","BaseMod","Colored Powertips","Minty Spire (QoL Compilation)","Quick Restart","slay the spire mod where everything is the same but ironclad has a cowboy hat"],"gold_per_floor":[110,128,194,194,23,49,49,68,68,68,86,86,4,20,20,121,121,135,135,234,252,22,22,57,68,68,88,88,108,108,124,124,124,124],"floor_reached":33,"playtime":852,"items_purged":["Regret"],"score":365,"play_id":"782aa533-aa1d-4d64-bbb0-e153ed7510a2","local_time":"20201229022339","is_ascension_mode":true,"campfire_choices":[{"data":"Zap","floor":12.0,"key":"SMITH"},{"data":"Defragment","floor":15.0,"key":"SMITH"},{"data":"Dramatic Entrance","floor":23.0,"key":"SMITH"},{"floor":32.0,"key":"REST"}],"circlet_count":0,"master_deck":["Strike_B+1","Strike_B+1","Defend_B+1","Defend_B+1","Defend_B+1","Zap+1","Dualcast","Melter","Electrodynamics","Capacitor","Defragment","Chaos","Defragment+1","Auto Shields","Dramatic Entrance+1","Self Repair","Redo","Lockon+1","Redo+1"],"relics":["Cracked Core","NeowsBlessing","Gambling Chip","War Paint","Sundial","Empty Cage","Lee\u0027s Waffle","Ancient Tea Set","Pocketwatch"],"acts_visited":["Exordium","TheCity"],"potions_floor_usage":[33,33,33],"damage_taken":[{"damage":0.0,"enemies":"Small Slimes","floor":1.0,"turns":1.0},{"damage":0.0,"enemies":"2 Louse","floor":2.0,"turns":1.0},{"damage":0.0,"enemies":"3 Sentries","floor":6.0,"turns":1.0},{"damage":0.0,"enemies":"Jaw Worm","floor":8.0,"turns":3.0},{"damage":12.0,"enemies":"Looter","floor":11.0,"turns":3.0},{"damage":14.0,"enemies":"Exordium Thugs","floor":14.0,"turns":3.0},{"damage":25.0,"enemies":"Hexaghost","floor":16.0,"turns":7.0},{"damage":41.0,"enemies":"2 Thieves","floor":18.0,"turns":4.0},{"damage":24.0,"enemies":"Shell Parasite","floor":21.0,"turns":4.0},{"damage":13.0,"enemies":"Slavers","floor":24.0,"turns":3.0},{"damage":10.0,"enemies":"Sentry and Sphere","floor":25.0,"turns":3.0},{"damage":27.0,"enemies":"Snecko","floor":27.0,"turns":5.0},{"damage":19.0,"enemies":"Chosen and Byrds","floor":29.0,"turns":4.0},{"damage":23.0,"enemies":"Centurion and Healer","floor":31.0,"turns":4.0},{"damage":54,"enemies":"Collector","floor":33,"turns":5}],"seed_played":"-7972000208532042970","potions_obtained":[{"floor":2.0,"key":"LiquidMemories"},{"floor":8.0,"key":"Block Potion"},{"floor":16.0,"key":"FearPotion"},{"floor":18.0,"key":"SpeedPotion"},{"floor":21.0,"key":"ColorlessPotion"},{"floor":29.0,"key":"FearPotion"},{"floor":31.0,"key":"PowerPotion"}],"is_trial":false,"path_per_floor":["M","M","?","?","$","E","$","M","T","?","M","R","$","M","R","B",null,"M","?","?","M","$","R","E","M","T","M","?","M","$","M","R","B"],"character_chosen":"DEFECT","items_purchased":["Fruit Juice","Chaos","Lee\u0027s Waffle","Dramatic Entrance"],"campfire_rested":1,"item_purchase_floors":[5,13,22,22],"current_hp_per_floor":[75,75,75,75,80,80,80,80,80,80,68,68,68,54,54,29,67,26,26,26,2,87,87,74,64,64,44,44,32,32,16,42,0,0],"gold":124,"neow_bonus":"THREE_ENEMY_KILL","is_daily":false,"chose_seed":false,"campfire_upgraded":3,"win_rate":0.0,"timestamp":1609226619,"path_taken":["M","M","?","?","?","E","$","M","T","?","?","R","$","?","R","BOSS","M","?","?","M","$","R","E","?","T","M","?","M","?","?","R","BOSS"],"items_purchased_type":["Potion","Card","Relic","Card"],"build_version":"2020-12-22","purchased_purges":1,"victory":false,"max_hp_per_floor":[75,75,75,75,80,80,80,80,80,80,80,80,80,80,80,80,80,80,80,80,80,87,87,87,87,87,87,87,87,87,87,87,87,87],"card_choices":[{"not_picked":["Streamline","Go for the Eyes","Hologram"],"picked":"SKIP","floor":1.0},{"not_picked":["Leap","Cold Snap"],"picked":"Melter","floor":2.0},{"not_picked":["FTL","Barrage"],"picked":"Electrodynamics","floor":6.0},{"not_picked":["Coolheaded","Gash"],"picked":"Capacitor","floor":8.0},{"not_picked":["Gash","Hologram"],"picked":"Defragment","floor":11.0},{"not_picked":["Hologram","Blizzard"],"picked":"Defragment","floor":14.0},{"not_picked":["FTL+1","Barrage","Rip and Tear"],"picked":"SKIP","floor":18.0},{"not_picked":["Hello World","Defragment"],"picked":"Auto Shields","floor":21.0},{"not_picked":["Hello World","Conserve Battery+1"],"picked":"Self Repair","floor":24.0},{"not_picked":["Rip and Tear","Hologram"],"picked":"Redo","floor":25.0},{"not_picked":["Beam Cell+1","Blizzard","Buffer"],"picked":"SKIP","floor":27.0},{"not_picked":["Doom and Gloom","Compile Driver+1"],"picked":"Lockon+1","floor":29.0},{"not_picked":["Steam+1","Hologram"],"picked":"Redo+1","floor":31.0}],"player_experience":421019,"relics_obtained":[{"floor":6.0,"key":"War Paint"},{"floor":9.0,"key":"Sundial"},{"floor":24.0,"key":"Ancient Tea Set"},{"floor":26.0,"key":"Pocketwatch"}],"event_choices":[{"damage_healed":0.0,"max_hp_gain":0.0,"max_hp_loss":0.0,"gold_gain":66.0,"event_name":"Golden Wing","player_choice":"Gained Gold","floor":3.0,"gold_loss":0.0,"damage_taken":0.0},{"damage_healed":0.0,"max_hp_gain":0.0,"max_hp_loss":0.0,"gold_gain":0.0,"event_name":"Big Fish","player_choice":"Box","floor":4.0,"gold_loss":0.0,"damage_taken":0.0,"relics_obtained":["Gambling Chip"],"cards_obtained":["Regret"]},{"cards_removed":["Strike_B"],"damage_healed":0.0,"max_hp_gain":0.0,"max_hp_loss":0.0,"gold_gain":0.0,"event_name":"Bonfire Elementals","player_choice":"Offered Basic","floor":10.0,"gold_loss":0.0,"damage_taken":0.0},{"damage_healed":0.0,"max_hp_gain":0.0,"max_hp_loss":0.0,"gold_gain":0.0,"event_name":"Vampires","player_choice":"Ignored","floor":19.0,"gold_loss":0.0,"damage_taken":0.0},{"damage_healed":0.0,"max_hp_gain":0.0,"max_hp_loss":0.0,"gold_gain":99.0,"event_name":"Nest","player_choice":"Stole From Cult","floor":20.0,"gold_loss":0.0,"damage_taken":0.0},{"damage_healed":0.0,"max_hp_gain":0.0,"max_hp_loss":0.0,"gold_gain":0.0,"event_name":"Back to Basics","player_choice":"Simplicity","floor":28.0,"gold_loss":0.0,"damage_taken":0.0,"cards_upgraded":["Strike_B","Strike_B","Defend_B"]}],"is_beta":false,"boss_relics":[{"not_picked":["Cursed Key","Fusion Hammer"],"picked":"Empty Cage"}],"items_purged_floors":[5],"is_endless":false,"potions_floor_spawned":[2,8,16,18,21,29,31],"killed_by":"Collector","ascension_level":5}}