{"host":"xgnmnr8f8w1a0eo3","time":1609270825,"event":{"mods":["BaseMod","Downfall","Highlight Path","Minty Spire (QoL Compilation)","Permanent Neow","Relic Stats","StSLib","everything is the same but u backflip on backflip"],"gold_per_floor":[349,369,383,394,413,413,413,588,599,287,303,336,336,363,375,480,480,480,492,767,779,164,192,192,192,192,192,192],"floor_reached":26,"playtime":3087,"items_purged":["Regret","Regret"],"score":380,"play_id":"7fb37a48-b168-4be2-9ccd-fe56e011c168","local_time":"20201229144025","is_ascension_mode":true,"campfire_choices":[{"data":"hexamod:Float","floor":1.0,"key":"SMITH"},{"data":"hexamod:GhostOfSpireFuture","floor":13.0,"key":"SMITH"},{"data":"hexamod:GhostOfSpireFuture","floor":18.0,"key":"SMITH"},{"floor":25.0,"key":"REST"}],"circlet_count":0,"master_deck":["hexamod:Strike","hexamod:Strike","hexamod:Strike+1","hexamod:Strike","hexamod:Defend","hexamod:Defend","hexamod:Defend","hexamod:Defend+1","hexamod:Sear","hexamod:Float+1","hexamod:ShieldOfDarkness","hexamod:ShieldOfDarkness","hexamod:FastForward+1","hexamod:GhostOfSpireFuture+1","hexamod:GhostOfSpireFuture+1","hexamod:ThermalTransfer","hexamod:AdvancingGuard","hexamod:SwordOfDarkness","hexamod:DynamicBlow","hexamod:ApocalypseNow","hexamod:TimeWarp","hexamod:AdvancingGuard"],"relics":["hexamod:SpiritBrand","Mango","WingedGreaves","Tiny Chest","Empty Cage","Mummified Hand","Gremlin Horn","Guardian:PocketSentry","Dream Catcher"],"acts_visited":["Exordium","TheCity"],"potions_floor_usage":[26],"damage_taken":[{"damage":0.0,"enemies":"Cultist","floor":2.0,"turns":3.0},{"damage":0.0,"enemies":"Jaw Worm","floor":3.0,"turns":3.0},{"damage":0.0,"enemies":"2 Louse","floor":4.0,"turns":3.0},{"damage":2.0,"enemies":"Blue Slaver","floor":5.0,"turns":4.0},{"damage":13.0,"enemies":"Lots of Slimes","floor":9.0,"turns":6.0},{"damage":2.0,"enemies":"downfall:FleeingMerchant","floor":10.0,"turns":4.0},{"damage":9.0,"enemies":"Exordium Wildlife","floor":11.0,"turns":5.0},{"damage":3.0,"enemies":"3 Sentries","floor":12.0,"turns":14.0},{"damage":13.0,"enemies":"Gremlin Nob","floor":14.0,"turns":6.0},{"damage":0.0,"enemies":"Red Slaver","floor":15.0,"turns":7.0},{"damage":41.0,"enemies":"downfall:Ironclad","floor":16.0,"turns":14.0},{"damage":12.0,"enemies":"Spheric Guardian","floor":19.0,"turns":8.0},{"damage":27.0,"enemies":"3 Byrds","floor":21.0,"turns":7.0},{"damage":7.0,"enemies":"downfall:FleeingMerchant","floor":22.0,"turns":4.0},{"damage":6.0,"enemies":"Book of Stabbing","floor":23.0,"turns":7.0},{"damage":46,"enemies":"Gremlin Leader","floor":26,"turns":4}],"seed_played":"7714375633465399638","potions_obtained":[{"floor":2.0,"key":"Swift Potion"},{"floor":3.0,"key":"BlessingOfTheForge"},{"floor":9.0,"key":"hexamod:DoubleChargePotion"},{"floor":14.0,"key":"champ:CounterPotion"},{"floor":19.0,"key":"Weak Potion"},{"floor":21.0,"key":"Dexterity Potion"}],"is_trial":false,"path_per_floor":["R","M","M","M","M","?","T","?","M","$","M","E","R","E","M","B",null,"R","M","?","M","$","E","T","R","E"],"character_chosen":"THE_SPIRIT","items_purchased":["hexamod:GhostOfSpireFuture","hexamod:ThermalTransfer","FairyPotion","Mummified Hand","Gremlin Horn"],"campfire_rested":1,"item_purchase_floors":[10,10,10,22,22],"current_hp_per_floor":[63,63,63,63,61,61,75,75,62,60,51,48,48,35,35,25,69,69,57,57,30,23,17,17,42,0,0,0],"gold":192,"neow_bonus":"TWO_FIFTY_GOLD","is_daily":false,"chose_seed":false,"campfire_upgraded":3,"win_rate":0.0,"timestamp":1609270825,"path_taken":["R","M","M","M","?","?","T","?","M","$","M","E","R","E","M","BOSS","R","M","?","M","$","E","T","R","E"],"items_purchased_type":["Card","Card","Potion","Relic","Relic"],"build_version":"2020-12-22","purchased_purges":2,"victory":false,"max_hp_per_floor":[70,70,70,70,70,70,84,84,84,84,84,84,84,84,84,84,84,84,84,84,84,84,84,84,84,84,84,84],"relic_stats":{"Dream Catcher":1,"Gremlin Horn":[1,1],"counters":[16,99],"Mummified Hand":[4],"Tiny Chest":0,"obtain_stats":[{"Dream Catcher":24,"Gremlin Horn":22,"Mummified Hand":22,"Mango":7,"Tiny Chest":14,"WingedGreaves":12,"Guardian:PocketSentry":23,"Empty Cage":17,"hexamod:SpiritBrand":0},{"Dream Catcher":15,"Gremlin Horn":14,"Mummified Hand":14,"Mango":4,"Tiny Chest":9,"WingedGreaves":8,"Guardian:PocketSentry":15,"Empty Cage":11,"hexamod:SpiritBrand":0},{"Dream Catcher":95,"Gremlin Horn":88,"Mummified Hand":88,"Mango":13,"Tiny Chest":48,"WingedGreaves":42,"Guardian:PocketSentry":95,"Empty Cage":69,"hexamod:SpiritBrand":0}]},"card_choices":[{"not_picked":["hexamod:FourthSeal","hexamod:Hexaguard"],"picked":"hexamod:ShieldOfDarkness","floor":2.0},{"not_picked":["hexamod:Firestarter","hexamod:BacktrackSmack","hexamod:FifthSeal"],"picked":"SKIP","floor":3.0},{"not_picked":["hexamod:RainOfEmbers","hexamod:Firestarter"],"picked":"hexamod:ShieldOfDarkness","floor":4.0},{"not_picked":["hexamod:ThermalTransfer","hexamod:BurningTouch"],"picked":"hexamod:FastForward","floor":5.0},{"not_picked":["hexamod:InspiringFlames","hexamod:ThermalTransfer"],"picked":"hexamod:GhostOfSpireFuture","floor":9.0},{"not_picked":["hexamod:GhostOfSpirePast","hexamod:ThirdSeal","hexamod:SpectralAdrenaline"],"picked":"SKIP","floor":10.0},{"not_picked":["hexamod:Haunt","hexamod:Hexaguard"],"picked":"hexamod:AdvancingGuard","floor":11.0},{"not_picked":["hexamod:NightmareStrike","hexamod:Firestarter"],"picked":"hexamod:SwordOfDarkness","floor":12.0},{"not_picked":["hexamod:PhantomFireball","hexamod:RainOfEmbers","hexamod:Firestarter"],"picked":"SKIP","floor":14.0},{"not_picked":["hexamod:WildfireWeapon","hexamod:SpectralAdrenaline"],"picked":"hexamod:DynamicBlow","floor":15.0},{"not_picked":["hexamod:ParanormalForm","hexamod:TurnItUp"],"picked":"hexamod:ApocalypseNow","floor":16.0},{"not_picked":["hexamod:BacktrackSmack","hexamod:ShieldOfDarkness","hexamod:SuperheatedStrike+1"],"picked":"SKIP","floor":19.0},{"not_picked":["hexamod:InspiringFlames","hexamod:PowerFromBeyond","hexamod:Rewind"],"picked":"SKIP","floor":21.0},{"not_picked":["hexamod:GiftsFromTheDead","hexamod:InspiringFlames","hexamod:NightmareStrike"],"picked":"SKIP","floor":22.0},{"not_picked":["hexamod:RainOfEmbers","hexamod:ExtraCrispy"],"picked":"hexamod:TimeWarp","floor":23.0},{"not_picked":["hexamod:SpectralSpark","hexamod:SecondSeal"],"picked":"hexamod:AdvancingGuard","floor":25.0}],"player_experience":1172153,"relics_obtained":[{"floor":7.0,"key":"Mango"},{"floor":12.0,"key":"WingedGreaves"},{"floor":14.0,"key":"Tiny Chest"},{"floor":23.0,"key":"Guardian:PocketSentry"},{"floor":24.0,"key":"Dream Catcher"}],"event_choices":[],"is_beta":false,"boss_relics":[{"not_picked":["Coffee Dripper","SacredBark"],"picked":"Empty Cage"}],"items_purged_floors":[10,22],"is_endless":false,"potions_floor_spawned":[2,3,9,12,14,15,19,21,23],"killed_by":"Gremlin Leader","ascension_level":7}}