{"host":"ssbj2e5691x5ub3h","time":1609282549,"event":{"mods":["BaseMod","Duelist Mod","Minty Spire (QoL Compilation)","StSLib"],"gold_per_floor":[141,153,169,169,169,169,186,220,220,220,239,239,265,275,275,352,352,352,352,352,352,352,352,352,352,352,352,352,352,352,352,352,352,352,352,352,352,352,352,352,352,352,352,352,30,30,30,30,30,30],"floor_reached":51,"playtime":4877,"items_purged":["theDuelist:CurseAnubis"],"score":1295,"play_id":"6a23150f-46a0-498e-9fc8-01ce11f3d716","local_time":"20201229205549","is_ascension_mode":true,"campfire_choices":[{"data":"theDuelist:ShallowGrave","floor":6,"key":"SMITH"},{"data":"theDuelist:Chewbone","floor":12,"key":"SMITH"},{"floor":15,"key":"REST"},{"data":"theDuelist:Polymerization","floor":24,"key":"SMITH"},{"floor":30,"key":"REST"},{"data":"theDuelist:CallMummy","floor":32,"key":"SMITH"},{"data":"theDuelist:MonsterReborn","floor":40,"key":"SMITH"},{"floor":49,"key":"REST"}],"circlet_count":0,"master_deck":["theDuelist:ZombieCorpse","theDuelist:ZombieCorpse","theDuelist:ZombieCorpse","theDuelist:ZombieCorpse","theDuelist:ZombieCorpse","theDuelist:ZombieCorpse","theDuelist:ZombieCorpse","theDuelist:ZombieCorpse","theDuelist:ZombieCorpse","theDuelist:ZombieCorpse","theDuelist:ArmoredZombie","theDuelist:ArmoredZombie","AscendersBane","theDuelist:ClownZombie","theDuelist:ShallowGrave+1","theDuelist:TutanMask","theDuelist:Tengu","theDuelist:GhostrickSpecter+1","theDuelist:DoubleCoston","theDuelist:OboroGuruma","theDuelist:Polymerization+1","theDuelist:Nameless:Greed:GracefulCharity","theDuelist:Nameless:Power:SpiralSpearStrike","theDuelist:Nameless:Magic:KamionTimelord","theDuelist:GhostrickMansion+1","theDuelist:CallMummy+1","theDuelist:VampireLady","theDuelist:GhostrickJiangshi+1","theDuelist:MonsterReborn+1","theDuelist:MammothGraveyard+1","theDuelist:Polymerization"],"relics":["theDuelist:MillenniumPuzzle","theDuelist:CardPoolRelic","theDuelist:CardPoolBasicRelic","theDuelist:BoosterPackPoolRelic","theDuelist:CardPoolAddRelic","theDuelist:CardPoolMinusRelic","theDuelist:CardPoolSaveRelic","theDuelist:CardPoolOptionsRelic","theDuelist:CursedHealer","theDuelist:BoosterExtraAllRaresRelic","Bird Faced Urn","Meat on the Bone","Du-Vu Doll","Ectoplasm","Tingsha","Potion Belt","Gremlin Horn","Thread and Needle","War Paint","MealTicket","Pantograph","Happy Flower"],"acts_visited":["Exordium","TheCity","TheBeyond"],"potions_floor_usage":[20,22,28,36,48,50,50],"damage_taken":[{"damage":2,"enemies":"Small Slimes","floor":1,"turns":4},{"damage":7,"enemies":"Jaw Worm","floor":2,"turns":5},{"damage":2,"enemies":"Cultist","floor":3,"turns":5},{"damage":17,"enemies":"Gremlin Gang","floor":7,"turns":8},{"damage":14,"enemies":"3 Sentries","floor":8,"turns":9},{"damage":15,"enemies":"Exordium Wildlife","floor":11,"turns":5},{"damage":2,"enemies":"Lagavulin","floor":13,"turns":4},{"damage":1,"enemies":"Exordium Thugs","floor":14,"turns":4},{"damage":28,"enemies":"The Guardian","floor":16,"turns":11},{"damage":12,"enemies":"Chosen","floor":18,"turns":7},{"damage":5,"enemies":"Spheric Guardian","floor":19,"turns":5},{"damage":0,"enemies":"Snake Plant","floor":20,"turns":3},{"damage":17,"enemies":"3 Cultists","floor":21,"turns":4},{"damage":0,"enemies":"Centurion and Healer","floor":22,"turns":3},{"damage":0,"enemies":"theDuelist:KaibaA2","floor":23,"turns":2},{"damage":0,"enemies":"Snecko","floor":27,"turns":4},{"damage":9,"enemies":"Book of Stabbing","floor":28,"turns":4},{"damage":20,"enemies":"3 Cultists","floor":29,"turns":4},{"damage":0,"enemies":"Chosen and Byrds","floor":31,"turns":3},{"damage":16,"enemies":"Automaton","floor":33,"turns":7},{"damage":22,"enemies":"3 Darklings","floor":35,"turns":3},{"damage":14,"enemies":"3 Shapes","floor":36,"turns":3},{"damage":1,"enemies":"Spire Growth","floor":37,"turns":2},{"damage":0,"enemies":"Maw","floor":39,"turns":3},{"damage":0,"enemies":"Giant Head","floor":42,"turns":4},{"damage":80,"enemies":"Jaw Worm Horde","floor":44,"turns":4},{"damage":4,"enemies":"4 Shapes","floor":46,"turns":4},{"damage":12,"enemies":"Transient","floor":48,"turns":5},{"damage":27,"enemies":"Time Eater","floor":50,"turns":8}],"seed_played":"7242923164971730381","potions_obtained":[{"floor":1,"key":"theDuelist:TokenPotion"},{"floor":13,"key":"theDuelist:VampirePotion"},{"floor":18,"key":"BlessingOfTheForge"},{"floor":19,"key":"Fruit Juice"},{"floor":27,"key":"theDuelist:VoidBottle"},{"floor":28,"key":"Swift Potion"},{"floor":35,"key":"EssenceOfSteel"},{"floor":44,"key":"AttackPotion"},{"floor":48,"key":"EssenceOfDarkness"}],"is_trial":false,"path_per_floor":["M","M","M","?","T","R","M","E","T","$","M","R","E","M","R","B",null,"M","M","M","M","M","E","R","?","T","M","E","M","R","M","R","B",null,"M","M","M","?","M","R","T","E","T","M","$","M","?","M","R","B",null],"character_chosen":"THE_DUELIST","items_purchased":["Pantograph"],"campfire_rested":3,"item_purchase_floors":[45],"current_hp_per_floor":[68,61,59,77,77,77,60,46,46,46,43,43,41,40,63,47,70,60,57,64,49,49,49,49,49,49,53,48,42,66,68,68,58,76,79,82,82,82,82,82,82,82,82,15,30,45,45,49,73,59],"gold":30,"neow_bonus":"TEN_PERCENT_HP_BONUS","is_daily":false,"chose_seed":false,"campfire_upgraded":5,"win_rate":0.0,"timestamp":1609282549,"path_taken":["M","M","M","?","?","R","M","E","T","?","M","R","E","M","R","BOSS","M","M","M","M","M","E","R","?","T","?","E","?","R","M","R","BOSS","M","M","M","?","?","R","?","E","T","M","$","M","?","M","R","BOSS"],"items_purchased_type":["Relic"],"build_version":"2020-12-22","purchased_purges":1,"victory":true,"max_hp_per_floor":[77,77,77,77,77,77,77,77,77,77,77,77,77,77,77,77,77,77,77,82,82,82,82,82,82,82,82,82,82,82,82,82,82,82,82,82,82,82,82,82,82,82,82,82,82,82,82,82,82,82],"card_choices":[{"not_picked":["theDuelist:Kasha","theDuelist:ShadowVampire","theDuelist:VampireSorcerer","theDuelist:GhostOgre"],"picked":"theDuelist:Tengu","floor":1},{"not_picked":["theDuelist:VampireVamp","theDuelist:VendreadCore","theDuelist:AvendreadSavior","theDuelist:GhostrickJiangshi"],"picked":"theDuelist:GhostrickSpecter","floor":2},{"not_picked":["theDuelist:VampireVamp","theDuelist:VampireRedBaron","theDuelist:VampireGrimson","theDuelist:VampireFamiliar"],"picked":"theDuelist:VampireLady","floor":3},{"not_picked":["theDuelist:WightLady","theDuelist:VendreadCore","theDuelist:VampireLady","theDuelist:YukiMusume"],"picked":"theDuelist:GoblinZombie","floor":7},{"not_picked":["theDuelist:ShadowVampire","theDuelist:VendreadAnima","theDuelist:GhostrickGhoul","theDuelist:GhostrickAlucard"],"picked":"theDuelist:VendreadBattlelord","floor":8},{"not_picked":["theDuelist:Mezuki","theDuelist:VampireFraulein","theDuelist:GhostrickSpecter","theDuelist:AntiFusionDevice"],"picked":"theDuelist:Chewbone","floor":11},{"not_picked":["theDuelist:VampireLady","theDuelist:VampireSorcerer","theDuelist:FireReaper","theDuelist:GhostrickVanish"],"picked":"theDuelist:MechMoleZombie","floor":13},{"not_picked":["theDuelist:GhostrickAlucard","theDuelist:Mezuki","theDuelist:BattleFusion","theDuelist:BoneMouse"],"picked":"theDuelist:DoubleCoston","floor":14},{"not_picked":["theDuelist:VendreadNightmare","theDuelist:SoulRelease","theDuelist:OverpoweringEye","theDuelist:DecayedCommander"],"picked":"theDuelist:BookLife","floor":16},{"not_picked":["theDuelist:VendreadReunion","theDuelist:VampireDomain","theDuelist:GhostrickScare"],"picked":"theDuelist:OboroGuruma","floor":18},{"not_picked":["theDuelist:PhantomGhost","theDuelist:GhostrickGhoul","theDuelist:VampireSorcerer","theDuelist:BattleFusion"],"picked":"theDuelist:GhostBelle","floor":19},{"not_picked":["theDuelist:GhostrickYeti","theDuelist:GhostrickSpecter","theDuelist:GhostrickMummy","theDuelist:GhostrickGhoul"],"picked":"theDuelist:GhostrickJiangshi","floor":20},{"not_picked":["theDuelist:FossilSkullknight","theDuelist:Tsukahagi","theDuelist:WightLady","theDuelist:GhostrickSpecter","theDuelist:VendreadRevenants"],"picked":"SKIP","floor":21},{"not_picked":["theDuelist:SkullConductor","theDuelist:Wightprincess+1","theDuelist:DarkDustSpirit","theDuelist:IlBlud"],"picked":"theDuelist:Polymerization","floor":22},{"not_picked":["theDuelist:VendreadRevolution","theDuelist:VampireAwakening","theDuelist:GhostrickMuseum+1","theDuelist:VampireTakeover","theDuelist:VampireDomination"],"picked":"SKIP","floor":23},{"not_picked":["theDuelist:OboroGuruma+1","theDuelist:DimensionFusion+1","theDuelist:MayakashiWinter+1","theDuelist:GhostrickScare+1"],"picked":"theDuelist:GhostrickMansion+1","floor":27},{"not_picked":["theDuelist:VendreadCharge","theDuelist:ZombieWorld","theDuelist:DimensionFusion","theDuelist:BookMoon"],"picked":"theDuelist:CallMummy","floor":28},{"not_picked":["theDuelist:AshBlossom","theDuelist:BoneMouse","theDuelist:Yasha","theDuelist:MayakashiReturn"],"picked":"theDuelist:VampireLady","floor":29},{"not_picked":["theDuelist:GhostrickYeti+1","theDuelist:GhostrickSpecter+1","theDuelist:GhostrickMummy","theDuelist:GhostrickJackfrost"],"picked":"theDuelist:GhostrickJiangshi","floor":31},{"not_picked":["theDuelist:UltraPolymerization","theDuelist:SoulRelease","theDuelist:Scapeghost+1","theDuelist:BookLife"],"picked":"theDuelist:MonsterReborn","floor":33},{"not_picked":["theDuelist:VendreadRevolution+1","theDuelist:VampireTakeover","theDuelist:GhostrickScare","theDuelist:NecroFusion","theDuelist:RobbinZombie"],"picked":"SKIP","floor":35},{"not_picked":["theDuelist:SpiritPharaoh+1","theDuelist:CrimsonKnightVampire","theDuelist:PyramidWonders","theDuelist:Scapeghost+1"],"picked":"theDuelist:PainPainter","floor":36},{"not_picked":["theDuelist:Skelesaurus","theDuelist:OvertexQoatlus+1","theDuelist:Miscellaneousaurus","theDuelist:FossilSkullknight+1"],"picked":"theDuelist:MammothGraveyard+1","floor":37},{"not_picked":["theDuelist:VampireFamiliar","theDuelist:PhantomGhost","theDuelist:NecroworldBanshee+1","theDuelist:MechMoleZombie","theDuelist:UnderworldCannon"],"picked":"SKIP","floor":39},{"not_picked":["theDuelist:OboroGuruma+1","theDuelist:Mausoleum+1","theDuelist:BookMoon+1","theDuelist:VampireKingdom+1","theDuelist:PyramidWonders+1"],"picked":"SKIP","floor":42},{"not_picked":["theDuelist:Pumpking+1","theDuelist:DarkDustSpirit","theDuelist:AshBlossom+1","theDuelist:PhantomGhost"],"picked":"theDuelist:Polymerization","floor":44},{"not_picked":["theDuelist:FearFromDark","theDuelist:RevendreadEvolution","theDuelist:Gernia","theDuelist:RevendreadSlayer","theDuelist:RedEyesZombie+1"],"picked":"SKIP","floor":46},{"not_picked":["theDuelist:Chewbone","theDuelist:MoltenZombie","theDuelist:Pumpking","theDuelist:Kasha","theDuelist:Mausoleum"],"picked":"SKIP","floor":48}],"player_experience":267004,"relics_obtained":[{"floor":5,"key":"theDuelist:BoosterExtraAllRaresRelic"},{"floor":8,"key":"Bird Faced Urn"},{"floor":9,"key":"Meat on the Bone"},{"floor":13,"key":"Du-Vu Doll"},{"floor":23,"key":"Tingsha"},{"floor":26,"key":"Potion Belt"},{"floor":28,"key":"Gremlin Horn"},{"floor":41,"key":"Thread and Needle"},{"floor":42,"key":"War Paint"},{"floor":43,"key":"MealTicket"}],"event_choices":[{"damage_healed":0,"gold_gain":0,"player_choice":"Succumb - +25HP/Cursed Relic","duelist":true,"damage_taken":0,"max_hp_gain":0,"max_hp_loss":0,"event_name":"Tomb of the Nameless","floor":4,"gold_loss":0},{"power_reward":4,"total_magic_score":44,"gold_gain":0,"greed_reward":4,"duelist":true,"damage_taken":0,"relics_obtained":[],"points":11,"max_hp_gain":0,"max_hp_loss":0,"spent_points":{"magic":3,"greed":4,"war":0,"power":4,"hunger":0},"event_name":"Nameless Tomb","floor":25,"gold_loss":0,"magic_reward":3,"cards_obtained":["theDuelist:Nameless:Greed:GracefulCharity","theDuelist:Nameless:Power:SpiralSpearStrike","theDuelist:Nameless:Magic:KamionTimelord","theDuelist:CurseAnubis"]},{"damage_healed":0,"gold_gain":0,"player_choice":"Scored: 364","duelist":true,"damage_taken":0,"max_hp_gain":0,"max_hp_loss":0,"event_name":"Visit from Anubis","floor":38,"gold_loss":0},{"cards_removed":["theDuelist:ZombieCorpse"],"damage_healed":0,"gold_gain":0,"player_choice":"Offered Basic","damage_taken":0,"max_hp_gain":0,"max_hp_loss":0,"event_name":"Bonfire Elementals","floor":47,"gold_loss":0}],"is_beta":false,"boss_relics":[{"not_picked":["Runic Dome","Fusion Hammer"],"picked":"Ectoplasm"},{"not_picked":["Inserter","Tiny House"],"picked":"theDuelist:MillenniumKey"}],"items_purged_floors":[45],"is_endless":false,"potions_floor_spawned":[1,13,14,16,18,19,27,28,35,44,48],"ascension_level":14}}