{"host":"873t0y8ybyo38pfq","time":1609268558,"event":{"mods":["BaseMod","Bestiary","Colored Map","Colored Powertips","Highlight Path","Minty Spire (QoL Compilation)","Quick Restart","RNG Fix","Rare Cards Sparkle","Relic Stats","StSLib"],"gold_per_floor":[110,110,126,126,147,147,297,16,16,50,63,63,102,123,123,123,123],"floor_reached":16,"playtime":557,"items_purged":["Doubt"],"score":220,"play_id":"4d0c9e59-c526-439d-8a77-985140d952d5","local_time":"20201229140238","is_ascension_mode":true,"campfire_choices":[{"data":"Predator","floor":6,"key":"SMITH"},{"data":"Die Die Die","floor":12,"key":"SMITH"},{"floor":15,"key":"REST"}],"circlet_count":0,"master_deck":["AscendersBane","Strike_G","Strike_G","Strike_G","Strike_G","Strike_G","Defend_G","Defend_G","Defend_G","Defend_G","Defend_G","Survivor","Neutralize","Unload+1","Crippling Poison","Predator+1","Cloak And Dagger","Die Die Die+1","Footwork","PiercingWail","Backflip","Acrobatics"],"relics":["Ring of the Snake","Golden Idol","Lizard Tail","Lantern","Ninja Scroll"],"acts_visited":["Exordium"],"potions_floor_usage":[13,13],"damage_taken":[{"damage":3,"enemies":"Jaw Worm","floor":1,"turns":3},{"damage":0,"enemies":"Cultist","floor":3,"turns":4},{"damage":0,"enemies":"Small Slimes","floor":5,"turns":3},{"damage":14,"enemies":"Lagavulin","floor":10,"turns":7},{"damage":8,"enemies":"Exordium Thugs","floor":11,"turns":4},{"damage":29,"enemies":"Gremlin Nob","floor":13,"turns":4},{"damage":0,"enemies":"Looter","floor":14,"turns":4},{"damage":52,"enemies":"Hexaghost","floor":16,"turns":14}],"seed_played":"-6709733814991714835","potions_obtained":[{"floor":5,"key":"PowerPotion"},{"floor":11,"key":"LiquidMemories"}],"is_trial":false,"path_per_floor":["M","?","M","?","M","R","?","$","T","E","M","R","E","M","R","B"],"character_chosen":"THE_SILENT","items_purchased":["Die Die Die","Footwork"],"campfire_rested":1,"item_purchase_floors":[8,8],"current_hp_per_floor":[56,54,54,54,54,54,54,54,54,40,32,32,3,3,19,0,0],"gold":123,"neow_bonus":"THREE_RARE_CARDS","is_daily":false,"chose_seed":false,"campfire_upgraded":2,"win_rate":0.0,"timestamp":1609268558,"path_taken":["M","?","M","?","M","R","?","$","T","E","M","R","E","M","R","BOSS"],"items_purchased_type":["Card","Card"],"build_version":"2020-12-22","purchased_purges":1,"victory":false,"max_hp_per_floor":[60,54,54,54,54,54,54,54,54,54,54,54,54,54,54,54,54],"relic_stats":{"Lizard Tail":27,"counters":[8,43],"Golden Idol":29,"obtain_stats":[{"Lizard Tail":9,"Lantern":10,"Golden Idol":2,"Ninja Scroll":13,"Ring of the Snake":0},{"Lizard Tail":3,"Lantern":4,"Golden Idol":1,"Ninja Scroll":6,"Ring of the Snake":0},{"Lizard Tail":10,"Lantern":17,"Golden Idol":3,"Ninja Scroll":25,"Ring of the Snake":0}],"Ring of the Snake":[16]},"card_choices":[{"not_picked":["Bullet Time","Malaise"],"picked":"Unload","floor":0},{"not_picked":["Blade Dance","Choke"],"picked":"Crippling Poison","floor":1},{"not_picked":["Poisoned Stab","Blade Dance"],"picked":"Predator","floor":3},{"not_picked":["Finisher","Bane"],"picked":"Cloak And Dagger","floor":5},{"not_picked":["Slice","Skewer"],"picked":"PiercingWail","floor":10},{"not_picked":["Outmaneuver","Sucker Punch"],"picked":"Backflip","floor":11},{"not_picked":["Concentrate","Night Terror"],"picked":"Acrobatics","floor":13},{"not_picked":["Prepared","Quick Slash","Cloak And Dagger"],"picked":"SKIP","floor":14}],"player_experience":1397363,"relics_obtained":[{"floor":9,"key":"Lizard Tail"},{"floor":10,"key":"Lantern"},{"floor":13,"key":"Ninja Scroll"}],"event_choices":[{"damage_healed":0,"gold_gain":0,"player_choice":"Lose Max HP","damage_taken":0,"relics_obtained":["Golden Idol"],"max_hp_gain":0,"max_hp_loss":6,"event_name":"Golden Idol","floor":2,"gold_loss":0},{"damage_healed":0,"gold_gain":0,"player_choice":"Grow","damage_taken":0,"max_hp_gain":0,"max_hp_loss":0,"event_name":"Living Wall","floor":4,"gold_loss":0,"cards_upgraded":["Unload"]},{"damage_healed":0,"gold_gain":150,"player_choice":"AGREE","damage_taken":0,"max_hp_gain":0,"max_hp_loss":0,"event_name":"Liars Game","floor":7,"gold_loss":0,"cards_obtained":["Doubt"]}],"is_beta":false,"boss_relics":[],"items_purged_floors":[8],"is_endless":false,"potions_floor_spawned":[5,11],"killed_by":"Hexaghost","ascension_level":20}}