{"host":"qj91dvco5uhu9oti","time":1609265869,"event":{"mods":["BaseMod","Colored Map","Keyboard Shortcuts","Minty Spire (QoL Compilation)","Permanent Neow","Relic Stats","StSLib","SuperFastMode","everything is the same but u backflip on backflip"],"gold_per_floor":[112,12,32,45,59,59,78,104,153,153,153,172,172,46,46,123,123,137,137,149,149,149],"floor_reached":21,"playtime":477,"items_purged":["Strike_R","Pain"],"score":362,"play_id":"6a65eb99-a3a1-4aa2-ae42-c2361a098453","local_time":"20201230031749","is_ascension_mode":true,"campfire_choices":[{"data":"Uppercut","floor":6.0,"key":"SMITH"},{"floor":11.0,"key":"REST"},{"data":"Evolve","floor":15.0,"key":"SMITH"}],"circlet_count":0,"master_deck":["AscendersBane","Strike_R","Strike_R","Strike_R","Defend_R","Defend_R","Defend_R","Defend_R","Bash","Sword Boomerang","Cleave","Uppercut+1","Second Wind","Evolve+1","Bloodletting","Disarm","Shrug It Off","Immolate","Shrug It Off+1"],"relics":["Burning Blood","Art of War","Juzu Bracelet","WarpedTongs","Ornamental Fan","Runic Cube"],"acts_visited":["Exordium","TheCity"],"potions_floor_usage":[21],"damage_taken":[{"damage":12.0,"enemies":"Cultist","floor":1.0,"turns":4.0},{"damage":9.0,"enemies":"Jaw Worm","floor":3.0,"turns":4.0},{"damage":4.0,"enemies":"2 Louse","floor":4.0,"turns":2.0},{"damage":10.0,"enemies":"Exordium Thugs","floor":5.0,"turns":4.0},{"damage":19.0,"enemies":"3 Louse","floor":7.0,"turns":4.0},{"damage":35.0,"enemies":"3 Sentries","floor":8.0,"turns":7.0},{"damage":3.0,"enemies":"Red Slaver","floor":12.0,"turns":3.0},{"damage":23.0,"enemies":"Slime Boss","floor":16.0,"turns":7.0},{"damage":24.0,"enemies":"2 Thieves","floor":18.0,"turns":4.0},{"damage":33.0,"enemies":"Spheric Guardian","floor":20.0,"turns":6.0},{"damage":20,"enemies":"Centurion and Healer","floor":21,"turns":3}],"seed_played":"3610390100413349969","potions_obtained":[{"floor":5.0,"key":"Energy Potion"},{"floor":8.0,"key":"SkillPotion"},{"floor":12.0,"key":"FairyPotion"},{"floor":16.0,"key":"AttackPotion"},{"floor":20.0,"key":"DuplicationPotion"}],"is_trial":false,"path_per_floor":["M","$","M","M","M","R","M","E","T","?","R","M","?","$","R","B",null,"M","?","M","M"],"character_chosen":"IRONCLAD","items_purchased":["Cleave","Shrug It Off"],"campfire_rested":1,"item_purchase_floors":[2,14],"current_hp_per_floor":[62,62,59,61,57,57,44,15,15,15,37,40,35,35,35,18,61,43,22,20,0,0],"gold":149,"neow_bonus":"REMOVE_CARD","is_daily":false,"chose_seed":false,"campfire_upgraded":2,"win_rate":0.0,"timestamp":1609265869,"path_taken":["M","$","?","M","M","R","M","E","T","?","R","M","?","$","R","BOSS","M","?","M","M"],"items_purchased_type":["Card","Card"],"build_version":"2020-12-22","purchased_purges":2,"victory":false,"max_hp_per_floor":[75,75,75,75,75,75,75,75,75,75,75,75,75,75,75,75,75,75,80,80,80,80],"relic_stats":{"counters":[11,48],"Ornamental Fan":[8],"Art of War":[2],"Juzu Bracelet":1,"obtain_stats":[{"Ornamental Fan":13,"Art of War":8,"Juzu Bracelet":9,"Burning Blood":0,"WarpedTongs":10,"Runic Cube":17},{"Ornamental Fan":7,"Art of War":6,"Juzu Bracelet":6,"Burning Blood":0,"WarpedTongs":6,"Runic Cube":8},{"Ornamental Fan":28,"Art of War":25,"Juzu Bracelet":25,"Burning Blood":0,"WarpedTongs":25,"Runic Cube":35}],"Burning Blood":60,"WarpedTongs":[23],"Runic Cube":[12]},"card_choices":[{"not_picked":["Dark Embrace","Combust"],"picked":"Sword Boomerang","floor":1.0},{"not_picked":["Anger","Twin Strike"],"picked":"Uppercut","floor":3.0},{"not_picked":["Perfected Strike","Iron Wave","Heavy Blade"],"picked":"SKIP","floor":4.0},{"not_picked":["Pommel Strike","Shockwave"],"picked":"Second Wind","floor":5.0},{"not_picked":["Ghostly Armor","Wild Strike"],"picked":"Evolve","floor":7.0},{"not_picked":["Warcry","Flex"],"picked":"Bloodletting","floor":8.0},{"not_picked":["Fire Breathing","Clash"],"picked":"Disarm","floor":12.0},{"not_picked":["Juggernaut","Demon Form"],"picked":"Immolate","floor":16.0},{"not_picked":["Cleave","Clash","Thunderclap"],"picked":"SKIP","floor":18.0},{"not_picked":["Iron Wave","Metallicize"],"picked":"Shrug It Off+1","floor":20.0}],"player_experience":323132,"relics_obtained":[{"floor":8.0,"key":"Art of War"},{"floor":9.0,"key":"Juzu Bracelet"}],"event_choices":[{"damage_healed":0.0,"max_hp_gain":0.0,"max_hp_loss":0.0,"gold_gain":0.0,"event_name":"Accursed Blacksmith","player_choice":"Rummage","floor":10.0,"gold_loss":0.0,"damage_taken":0.0,"relics_obtained":["WarpedTongs"],"cards_obtained":["Pain"]},{"damage_healed":0.0,"max_hp_gain":0.0,"max_hp_loss":0.0,"gold_gain":0.0,"event_name":"Scrap Ooze","player_choice":"Success","floor":13.0,"gold_loss":0.0,"damage_taken":5.0,"relics_obtained":["Ornamental Fan"]},{"damage_healed":0.0,"max_hp_gain":5.0,"max_hp_loss":0.0,"gold_gain":0.0,"event_name":"Forgotten Altar","player_choice":"Shed Blood","floor":19.0,"gold_loss":0.0,"damage_taken":26.0}],"is_beta":false,"boss_relics":[{"not_picked":["Fusion Hammer","Runic Dome"],"picked":"Runic Cube"}],"items_purged_floors":[2,14],"is_endless":false,"potions_floor_spawned":[5,8,12,16,20],"killed_by":"Centurion and Healer","ascension_level":20}}