{"host":"pfy6u49v5s5r680p","time":1609219193,"event":{"mods":["BaseMod","Colored Map","DeckTracker","Highlight Path","Keyboard Shortcuts","Minty Spire (QoL Compilation)","Permanent Neow","Quick Restart","StSLib","SuperFastMode","everything is the same but u backflip on backflip"],"gold_per_floor":[115,13,25,45,60,60,71,71,71,91,91,91,118,133,133,133,133],"floor_reached":16,"playtime":540,"items_purged":["Strike_R"],"score":125,"play_id":"465711a9-2d7e-46ab-87a9-7de121bb8b5a","local_time":"20201229141953","is_ascension_mode":true,"campfire_choices":[{"data":"Flex","floor":6.0,"key":"SMITH"},{"floor":8.0,"key":"REST"},{"data":"Bludgeon","floor":11.0,"key":"SMITH"},{"data":"Rampage","floor":15.0,"key":"SMITH"}],"circlet_count":0,"master_deck":["Strike_R","Strike_R","Strike_R","Strike_R","Defend_R+1","Defend_R+1","Defend_R","Defend_R","Bash","Flex+1","Bludgeon+1","Rampage+1"],"relics":["Burning Blood","War Paint","Pear","MealTicket"],"acts_visited":["Exordium"],"potions_floor_usage":[16,16],"damage_taken":[{"damage":1.0,"enemies":"Small Slimes","floor":1.0,"turns":4.0},{"damage":20.0,"enemies":"Jaw Worm","floor":3.0,"turns":4.0},{"damage":0.0,"enemies":"Cultist","floor":4.0,"turns":4.0},{"damage":14.0,"enemies":"2 Fungi Beasts","floor":5.0,"turns":5.0},{"damage":39.0,"enemies":"Gremlin Gang","floor":7.0,"turns":7.0},{"damage":14.0,"enemies":"Looter","floor":10.0,"turns":3.0},{"damage":37.0,"enemies":"3 Sentries","floor":13.0,"turns":7.0},{"damage":8.0,"enemies":"Blue Slaver","floor":14.0,"turns":4.0},{"damage":30,"enemies":"The Guardian","floor":16,"turns":6}],"seed_played":"5133294132701850471","potions_obtained":[{"floor":1.0,"key":"EssenceOfSteel"},{"floor":10.0,"key":"ElixirPotion"},{"floor":14.0,"key":"EssenceOfSteel"}],"is_trial":false,"path_per_floor":["M","$","M","M","M","R","M","R","T","M","R","$","E","M","R","B"],"character_chosen":"IRONCLAD","items_purchased":["Flex"],"campfire_rested":1,"item_purchase_floors":[2],"current_hp_per_floor":[80,80,66,72,64,64,31,55,65,57,57,57,26,24,24,0,0],"gold":133,"neow_bonus":"RANDOM_COMMON_RELIC","is_daily":false,"chose_seed":false,"campfire_upgraded":3,"win_rate":0.0,"timestamp":1609219193,"path_taken":["M","$","M","M","M","R","M","R","T","M","R","$","E","M","R","BOSS"],"items_purchased_type":["Card"],"build_version":"2020-12-22","purchased_purges":1,"victory":false,"max_hp_per_floor":[80,80,80,80,80,80,80,80,90,90,90,90,90,90,90,90,90],"card_choices":[{"not_picked":["Uppercut","Cleave","Havoc"],"picked":"SKIP","floor":1.0},{"not_picked":["Feel No Pain","Flame Barrier","True Grit"],"picked":"SKIP","floor":3.0},{"not_picked":["Pommel Strike","True Grit","Wild Strike"],"picked":"SKIP","floor":4.0},{"not_picked":["Warcry","Perfected Strike","Cleave"],"picked":"SKIP","floor":5.0},{"not_picked":["Perfected Strike","Headbutt","Heavy Blade"],"picked":"SKIP","floor":7.0},{"not_picked":["Battle Trance","Pommel Strike"],"picked":"Bludgeon","floor":10.0},{"not_picked":["Twin Strike","True Grit"],"picked":"Rampage","floor":13.0},{"not_picked":["Body Slam","Dual Wield","Armaments"],"picked":"SKIP","floor":14.0}],"player_experience":48689,"relics_obtained":[{"floor":9.0,"key":"Pear"},{"floor":13.0,"key":"MealTicket"}],"event_choices":[],"is_beta":false,"boss_relics":[],"items_purged_floors":[2],"is_endless":false,"potions_floor_spawned":[1,10,14],"killed_by":"The Guardian","ascension_level":4}}