{"host":"mal0jdk4f6ubgyb8","time":1609254566,"event":{"mods":["Act Like it!","Aspiration","BaseMod","Gensokyo","Hallownest","Koishi","Luminous","Marisa£®ÏF”Í°°ƒß¿Ì…≥£©","Minty Spire (QoL Compilation)","Quick Restart","Reimu£®≤©¿ˆ¡È√Œ£©","Relic Stats","Remilia£®¿Ÿ√◊¿Ú—«£©","StSLib","The Bug Knight","WarShipGirlsR/’ΩΩ¢…Ÿ≈ÆR mod","Yakumo Yukari mod","Youmu£®ªÍ∆«—˝√Œ£©","Yuri Mod","Yuyuko"],"gold_per_floor":[113,13,13,23,41,41,60,89,113,138,155,169,39,53,53,148,148,164,164,174,91,191,191,225,235,258,286,279,279,279,279],"floor_reached":30,"playtime":2046,"items_purged":[],"score":372,"play_id":"b5951ed9-bf80-4e1d-941c-241b6396bc77","local_time":"20201229230926","is_ascension_mode":true,"campfire_choices":[{"floor":6.0,"key":"RECALL"},{"data":"Spear of Papilio","floor":15.0,"key":"SMITH"},{"data":"Explore Ghostdom","floor":23.0,"key":"SMITH"},{"data":"Revive The Butterflies","floor":29,"key":"SMITH"}],"circlet_count":0,"master_deck":["Fantasy Butterflies","Fantasy Butterflies","Fantasy Butterflies","Fantasy Butterflies","Fantasy Butterflies","Dreamy Sakura","Dreamy Sakura","Dreamy Sakura","Dreamy Sakura","Dreamy Sakura","Deathly Ground","Faramita\u0027s Temptation","Steamed Phantom","Infinite Sin","Dancing Butterflies","Sweet of Phantom","Showy Withering","Spear of Papilio+1","Phantom Gift","Dying Sakura","Bloom","Explore Ghostdom+1","City of Death","Dying Butterflies","Dying Sakura","Gensokyo:Shovel","Phantom Butterflies","Spear of Papilio","Nihility","Revive The Butterflies+1","Monster Cherry Tree"],"relics":["Yuyuko\u0027s fan","Coffee Dripper","HollowMod:LifeEnderRelic","Trap Lamp","aspiration:ChemicalBlood","Happy Flower","Philosopher\u0027s Stone","AntiCross","Calipers","StoneCalendar","Torii","Orichalcum","RuthlessExorcism:ReiMu","Toy Ornithopter"],"acts_visited":["Exordium","Gensokyo:Gensokyo"],"potions_floor_usage":[24,24,25,25,25,27,27,28,28,28,30],"damage_taken":[{"damage":22.0,"enemies":"Gensokyo:Gryphon","floor":1.0,"turns":4.0},{"damage":6.0,"enemies":"Gensokyo:2_Kodama","floor":4.0,"turns":2.0},{"damage":1.0,"enemies":"Gensokyo:Python","floor":5.0,"turns":1.0},{"damage":14.0,"enemies":"Gensokyo:Gryphon_and_Rabbit","floor":7.0,"turns":3.0},{"damage":40.0,"enemies":"Gensokyo:Mamizou","floor":8.0,"turns":9.0},{"damage":18.0,"enemies":"Gensokyo:Cirno","floor":10.0,"turns":4.0},{"damage":11.0,"enemies":"Gensokyo:VengefulSpirit","floor":11.0,"turns":4.0},{"damage":26.0,"enemies":"Gensokyo:LivingMonolith","floor":12.0,"turns":4.0},{"damage":32.0,"enemies":"Gensokyo:3_Kodama","floor":14.0,"turns":4.0},{"damage":30.0,"enemies":"Gensokyo:Reimu","floor":16.0,"turns":8.0},{"damage":43.0,"enemies":"Gensokyo:3_Dogs","floor":18.0,"turns":4.0},{"damage":4.0,"enemies":"Gensokyo:Chomper","floor":20.0,"turns":2.0},{"damage":68.0,"enemies":"Gensokyo:Chomper","floor":22.0,"turns":6.0},{"damage":1,"enemies":"Gensokyo:Tenshi","floor":24,"turns":1},{"damage":49,"enemies":"Gensokyo:Wraith","floor":25,"turns":5},{"damage":4,"enemies":"Gensokyo:Reisen","floor":27,"turns":4},{"damage":38,"enemies":"Gensokyo:Swordslinger","floor":28,"turns":3},{"damage":18,"enemies":"Gensokyo:Mirror_and_Dog","floor":30,"turns":2}],"seed_played":"2755185754464173191","potions_obtained":[{"floor":1.0,"key":"Firefly"},{"floor":7.0,"key":"BlessingOfTheForge"},{"floor":8.0,"key":"ColorlessPotion"},{"floor":12.0,"key":"DuplicationPotion"},{"floor":14.0,"key":"EssenceOfSteel"},{"floor":14.0,"key":"DistilledChaos"},{"floor":18.0,"key":"ZuzhouPotion:ReiMu"},{"floor":18.0,"key":"DistilledChaos"},{"floor":20.0,"key":"AttackPotion"},{"floor":24,"key":"Firefly"},{"floor":30,"key":"EntropicBrew"}],"is_trial":false,"path_per_floor":["M","?","?","M","M","R","M","E","T","E","M","M","COS","M","R","B",null,"M","?","M","COS","?","R","E","M","T","E","M","R","M"],"character_chosen":"YUYOKO","items_purchased":[],"campfire_rested":0,"item_purchase_floors":[],"current_hp_per_floor":[35,35,35,38,37,37,28,31,31,34,8,13,13,24,24,32,40,35,35,34,34,18,18,17,2,2,35,18,18,0,0],"gold":279,"neow_bonus":"BOSS_RELIC","is_daily":false,"chose_seed":false,"campfire_upgraded":3,"win_rate":0.0,"timestamp":1609254566,"path_taken":["M","?","?","M","M","R","M","E","T","E","M","M","COS","M","R","BOSS","M","?","M","COS","?","R","E","M","T","E","M","R","M"],"items_purchased_type":[],"build_version":"2020-12-22","purchased_purges":0,"victory":false,"max_hp_per_floor":[40,40,40,40,40,40,40,40,40,40,40,40,40,40,40,40,40,40,40,40,40,40,40,40,40,40,40,40,40,40,40],"relic_stats":{"Happy Flower":[15],"Torii":5,"counters":[18,68],"StoneCalendar":[0],"Orichalcum":[36],"obtain_stats":[{"HollowMod:LifeEnderRelic":2,"Calipers":22,"Happy Flower":10,"Torii":22,"StoneCalendar":22,"Orichalcum":24,"Yuyuko\u0027s fan":0,"Coronal":0,"Trap Lamp":8,"Philosopher\u0027s Stone":17,"AntiCross":18,"Coffee Dripper":0,"Toy Ornithopter":27,"aspiration:ChemicalBlood":9,"RuthlessExorcism:ReiMu":27},{"HollowMod:LifeEnderRelic":1,"Calipers":13,"Happy Flower":6,"Torii":13,"StoneCalendar":13,"Orichalcum":14,"Yuyuko\u0027s fan":0,"Coronal":0,"Trap Lamp":5,"Philosopher\u0027s Stone":10,"AntiCross":11,"Coffee Dripper":0,"Toy Ornithopter":16,"aspiration:ChemicalBlood":5,"RuthlessExorcism:ReiMu":16},{"HollowMod:LifeEnderRelic":4,"Calipers":51,"Happy Flower":22,"Torii":53,"StoneCalendar":53,"Orichalcum":54,"Yuyuko\u0027s fan":0,"Coronal":0,"Trap Lamp":18,"Philosopher\u0027s Stone":41,"AntiCross":44,"Coffee Dripper":0,"Toy Ornithopter":63,"aspiration:ChemicalBlood":18,"RuthlessExorcism:ReiMu":62}],"Toy Ornithopter":20},"card_choices":[{"not_picked":["Phantom Village","Open The Fan"],"picked":"Steamed Phantom","floor":1.0},{"not_picked":["Gather the Spring","Song of Papilio"],"picked":"Infinite Sin","floor":3.0},{"not_picked":["All Wander","Dark Wind"],"picked":"Dancing Butterflies","floor":3.0},{"not_picked":["Gather the Spring","Dancing Butterflies"],"picked":"Sweet of Phantom","floor":4.0},{"not_picked":["All Wander","Steamed Phantom"],"picked":"Showy Withering","floor":5.0},{"not_picked":["Gone","Stifle","Unborn Light"],"picked":"SKIP","floor":7.0},{"not_picked":["Phantom Village","Sakura Ward","Gone"],"picked":"SKIP","floor":8.0},{"not_picked":["Wandering Soul","Sakura Sakura"],"picked":"Spear of Papilio","floor":10.0},{"not_picked":["Become Phantom","The Forgotten Winter"],"picked":"Phantom Gift","floor":11.0},{"not_picked":["Dancing Butterflies","Become Phantom"],"picked":"Dying Sakura","floor":12.0},{"not_picked":["Full Moon","Gone"],"picked":"Bloom","floor":14.0},{"not_picked":["Ticket to Heaven","Living to Die"],"picked":"Explore Ghostdom","floor":16.0},{"not_picked":["Chase The Sukhavati+1","Phantom Gift"],"picked":"City of Death","floor":18.0},{"not_picked":["Unstable Ward","End of Faramita"],"picked":"Dying Sakura","floor":20.0},{"not_picked":["Linger over Flower","Triple Snow"],"picked":"Phantom Butterflies","floor":22.0},{"not_picked":["Dark Wind","Wandering Soul","Postpone Bloom"],"picked":"SKIP","floor":24},{"not_picked":["Unborn Light+1","Unpaved Way"],"picked":"Spear of Papilio","floor":25},{"not_picked":["Dark Wind","Ghostdom Sakura+1"],"picked":"Nihility","floor":27},{"not_picked":["Butterflies Rainbow","Nihility"],"picked":"Revive The Butterflies","floor":28}],"player_experience":295306,"relics_obtained":[{"floor":8.0,"key":"Trap Lamp"},{"floor":9.0,"key":"aspiration:ChemicalBlood"},{"floor":10.0,"key":"Happy Flower"},{"floor":22.0,"key":"StoneCalendar"},{"floor":22.0,"key":"Torii"},{"floor":24,"key":"Orichalcum"},{"floor":27,"key":"Toy Ornithopter"}],"event_choices":[],"is_beta":false,"boss_relics":[{"not_picked":["Sozu","aspiration:RitualDagger"],"picked":"Philosopher\u0027s Stone"}],"items_purged_floors":[],"is_endless":false,"potions_floor_spawned":[1,7,8,14,18,20,24],"killed_by":"Gensokyo:Mirror_and_Dog","ascension_level":1}}