{"host":"wy5pcbg592uilh9l","time":1609208659,"event":{"mods":["AchievementEnabler","BaseMod","BetterRewards","Hubris","Infinite Spire","Minty Spire (QoL Compilation)","Permanent Neow","Replay The Spire","StSLib","The Servant 0.9.4"],"gold_per_floor":[112,112,126,126,29,73,73,114,114,135,176,176,194,269,269,392,392,417,417,430,112,125,1,21,21,21,21,59,59,59,84,84,84,84],"floor_reached":33,"playtime":2331,"items_purged":["ReplayTheSpireMod:Uncanny Aura"],"score":402,"play_id":"92f5578a-878a-472a-93f2-4ac0527fd23e","local_time":"20201228202419","is_ascension_mode":true,"campfire_choices":[{"floor":7,"key":"REST"},{"floor":12,"key":"REST"},{"floor":15,"key":"REST"},{"floor":25,"key":"REST"},{"floor":27,"key":"DIG"},{"floor":29,"key":"REST"},{"floor":32,"key":"DIG"}],"circlet_count":0,"master_deck":["Strike_R","Strike_R","Strike_R","Strike_R","Strike_R","Defend_R","Defend_R","Defend_R","Defend_R","Bash","hubris:ReadiedAction","Pommel Strike","Demonic Infusion","Warcry","Sword Boomerang","Mind Blast","Perfected Strike","Metallicize","Twin Strike","Eclipse","Pummel","Perfected Strike+1","hubris:Envy","Shrug It Off","infinitespire:OneForAll","Crow Ritual","Mayhem","Flash of Steel","Warcry","Rage+1","Pain"],"relics":["Burning Blood","BargainBundle","hubris:Towel","Golden Idol","hubris:SlimyHat","Shovel","Pet Ghost","Regal Pillow","hubris:ScarierMask","ReplayTheSpireMod:CursedCoin","Gambling Chip","ReplayTheSpireMod:ShopPack","Replay:Ringing Soul","hubris:FunFungus","Another Sword","WarpedTongs","Gremlin Food"],"acts_visited":["Exordium","TheCity"],"potions_floor_usage":[6,6,8,11,13,16,22,22,28,33,33],"damage_taken":[{"damage":0,"enemies":"Small Slimes","floor":1,"turns":3},{"damage":8,"enemies":"Jaw Worm","floor":3,"turns":4},{"damage":31,"enemies":"Lagavulin","floor":6,"turns":6},{"damage":16,"enemies":"Gremlin Nob","floor":8,"turns":4},{"damage":6,"enemies":"Cultist","floor":10,"turns":4},{"damage":35,"enemies":"Lagavulin","floor":11,"turns":6},{"damage":13,"enemies":"Red Slaver","floor":13,"turns":2},{"damage":55,"enemies":"Slime Boss","floor":16,"turns":12},{"damage":41,"enemies":"Shell Parasite","floor":18,"turns":6},{"damage":39,"enemies":"Chosen","floor":20,"turns":7},{"damage":0,"enemies":"Snecko","floor":22,"turns":3},{"damage":0,"enemies":"Sentry and Sphere","floor":24,"turns":2},{"damage":33,"enemies":"Slavers","floor":28,"turns":5},{"damage":0,"enemies":"Centurion and Healer","floor":31,"turns":2},{"damage":81,"enemies":"hubris:MusketHawk","floor":33,"turns":7}],"seed_played":"1220139299477039678","potions_obtained":[{"floor":3,"key":"Strength Potion"},{"floor":10,"key":"DistilledChaos"},{"floor":11,"key":"Adrenaline Potion"},{"floor":24,"key":"Weak Potion"},{"floor":31,"key":"Dexterity Potion"}],"is_trial":false,"path_per_floor":["M","?","M","?","$","E","R","E","T","M","E","R","M","?","R","B",null,"M","?","M","$","M","$","M","R","T","R","E","R","?","M","R","B"],"character_chosen":"IRONCLAD","items_purchased":["BargainBundle","hubris:ReadiedAction","Pommel Strike","Swift Potion","Swift Potion","Explosive Potion","Demonic Infusion","ReplayTheSpireMod:Uncanny Aura","Mind Blast","ReplayTheSpireMod:CursedCoin","Gambling Chip","Shrug It Off","FearPotion","Adrenaline Potion","Elixir","ReplayTheSpireMod:ShopPack"],"campfire_rested":5,"item_purchase_floors":[0,0,0,0,0,0,0,0,5,21,21,21,21,21,21,23],"current_hp_per_floor":[62,62,60,60,60,35,57,47,47,47,18,55,48,37,74,25,75,40,40,7,7,13,13,19,56,56,56,33,71,74,80,80,0,0],"gold":84,"neow_bonus":"","is_daily":false,"chose_seed":false,"campfire_upgraded":0,"win_rate":0.0,"timestamp":1609208659,"path_taken":["M","?","M","?","?","E","R","E","T","?","E","R","M","?","R","BOSS","M","?","?","?","?","$","?","R","T","R","E","R","?","M","R","BOSS"],"items_purchased_type":["Relic","Card","Card","Potion","Potion","Potion","Card","Card","Card","Relic","Relic","Card","Potion","Potion","Potion","Relic"],"build_version":"2020-12-22","purchased_purges":1,"victory":false,"max_hp_per_floor":[75,75,75,75,75,75,75,75,75,75,75,75,75,75,75,75,75,75,75,75,75,75,75,75,75,75,75,78,78,81,81,81,81,81],"card_choices":[{"not_picked":["Ghostly Armor","Shrug It Off"],"picked":"Warcry","floor":1},{"not_picked":["hubris:ReadiedAction","Burning Pact"],"picked":"Sword Boomerang","floor":3},{"not_picked":["Searing Blow","ReplayTheSpireMod:Muscle Training"],"picked":"Perfected Strike","floor":6},{"not_picked":["Dark Embrace","Juggernaut"],"picked":"Metallicize","floor":8},{"not_picked":["True Grit","Dual Wield"],"picked":"Twin Strike","floor":10},{"not_picked":["Iron Wave","Disarm","Rage"],"picked":"SKIP","floor":11},{"not_picked":["Run Through","Clothesline","Clash"],"picked":"SKIP","floor":13},{"not_picked":["Bludgeon","Limit Break"],"picked":"Eclipse","floor":16},{"not_picked":["Havoc","hubris:SharpeningStone"],"picked":"Pummel","floor":18},{"not_picked":["Iron Wave","Evolve+1"],"picked":"Perfected Strike+1","floor":20},{"not_picked":["Dark Embrace","Heavy Blade"],"picked":"infinitespire:OneForAll","floor":22},{"not_picked":["Violence","Thinking Ahead"],"picked":"Crow Ritual","floor":23},{"not_picked":["Forethought","Secret Weapon"],"picked":"Mayhem","floor":23},{"not_picked":["hubris:EnhanceAbility","Chrysalis"],"picked":"Flash of Steel","floor":23},{"not_picked":["Massacre","Thunderclap+1"],"picked":"Warcry","floor":24},{"not_picked":["Bloodletting+1","Havoc"],"picked":"Rage+1","floor":28},{"not_picked":["Headbutt","Shockwave","Sever Soul"],"picked":"SKIP","floor":31}],"player_experience":177266,"relics_obtained":[{"floor":6,"key":"hubris:SlimyHat"},{"floor":8,"key":"Shovel"},{"floor":9,"key":"Pet Ghost"},{"floor":11,"key":"Regal Pillow"},{"floor":26,"key":"Replay:Ringing Soul"},{"floor":27,"key":"hubris:FunFungus"},{"floor":28,"key":"Another Sword"},{"floor":32,"key":"Gremlin Food"}],"event_choices":[{"damage_healed":0,"gold_gain":0,"player_choice":"Take Wound","damage_taken":0,"relics_obtained":["Golden Idol"],"max_hp_gain":0,"max_hp_loss":0,"event_name":"Golden Idol","floor":4,"gold_loss":0,"cards_obtained":["Injury"]},{"damage_healed":0,"gold_gain":75,"player_choice":"Gather Gold","damage_taken":11,"max_hp_gain":0,"max_hp_loss":0,"event_name":"World of Goop","floor":14,"gold_loss":0},{"cards_removed":["Injury"],"damage_healed":0,"gold_gain":0,"player_choice":"Purged","damage_taken":0,"max_hp_gain":0,"max_hp_loss":0,"event_name":"Purifier","floor":19,"gold_loss":0},{"damage_healed":0,"gold_gain":0,"player_choice":"Rummage","damage_taken":0,"relics_obtained":["WarpedTongs"],"max_hp_gain":0,"max_hp_loss":0,"event_name":"Accursed Blacksmith","floor":30,"gold_loss":0,"cards_obtained":["Pain"]}],"is_beta":false,"boss_relics":[{"not_picked":["Honey Jar","Runic Cube"],"picked":"hubris:ScarierMask"}],"items_purged_floors":[0],"is_endless":false,"potions_floor_spawned":[3,10,11,24,31],"killed_by":"hubris:MusketHawk","ascension_level":1}}