{"host":"31s8hzukbhz1k6i6","time":1609285673,"event":{"mods":["AchievementEnabler","BaseMod","Colored Map","Filter the Spire","Minty Spire (QoL Compilation)","Relic Stats","UnlockEverythingMod","ojb\u0027s Info Mod"],"gold_per_floor":[112,30,30,30,40,66,66,95,95,95,107,118,118,146,146,241,241,254,179,179,194,194,220,220,253,253,283,283,302,325,340,340,444,444,464,464,464,464,194,194,226,226,280,314,334,345,377,396,396,396,396,396,41,66,66],"floor_reached":56,"playtime":2696,"items_purged":["Strike_G","Defend_G+1","Defend_G+1"],"score":1964,"play_id":"cc38796e-e08c-4b2e-a16c-08fdb1e4af18","local_time":"20201229154753","is_ascension_mode":true,"campfire_choices":[{"data":"Deadly Poison","floor":10.0,"key":"SMITH"},{"data":"Deadly Poison","floor":13.0,"key":"SMITH"},{"data":"Catalyst","floor":15.0,"key":"SMITH"},{"data":"Well Laid Plans","floor":24.0,"key":"SMITH"},{"data":"Concentrate","floor":28.0,"key":"SMITH"},{"data":"Crippling Poison","floor":32.0,"key":"SMITH"},{"data":"Secret Technique","floor":40.0,"key":"SMITH"},{"floor":49,"key":"RECALL"},{"data":"Noxious Fumes","floor":52,"key":"SMITH"}],"circlet_count":0,"master_deck":["AscendersBane","Defend_G+1","Defend_G+1","Defend_G+1","Survivor","Neutralize","Backflip","Catalyst+1","Backflip","Blur","Deadly Poison+1","Deadly Poison+1","Well Laid Plans+1","Die Die Die","PiercingWail+1","Underhanded Strike+1","Endless Agony+1","Catalyst+1","Concentrate+1","Backflip+1","Crippling Poison+1","Outmaneuver+1","Corpse Explosion","Secret Technique+1","Noxious Fumes+1","Panacea","Outmaneuver+1","Caltrops+1","Acrobatics+1","Impatience","Leg Sweep+1"],"relics":["Ring of the Snake","NeowsBlessing","Sundial","Incense Burner","Regal Pillow","Astrolabe","Bottled Tornado","Meat on the Bone","Nunchaku","Strawberry","MealTicket","Philosopher\u0027s Stone","Ninja Scroll","Bag of Preparation","Pantograph","Potion Belt","Frozen Eye","Eternal Feather"],"acts_visited":["Exordium","TheCity","TheBeyond","TheEnding"],"potions_floor_usage":[41,50,54,55],"damage_taken":[{"damage":0.0,"enemies":"2 Louse","floor":1.0,"turns":1.0},{"damage":0.0,"enemies":"Small Slimes","floor":5.0,"turns":1.0},{"damage":0.0,"enemies":"Lagavulin","floor":6.0,"turns":1.0},{"damage":38.0,"enemies":"Gremlin Nob","floor":8.0,"turns":6.0},{"damage":1.0,"enemies":"Jaw Worm","floor":11.0,"turns":4.0},{"damage":0.0,"enemies":"Blue Slaver","floor":12.0,"turns":4.0},{"damage":0.0,"enemies":"Lagavulin","floor":14.0,"turns":4.0},{"damage":0.0,"enemies":"The Guardian","floor":16.0,"turns":6.0},{"damage":4.0,"enemies":"Chosen","floor":18.0,"turns":5.0},{"damage":4.0,"enemies":"Shell Parasite","floor":21.0,"turns":3.0},{"damage":3.0,"enemies":"Slavers","floor":23.0,"turns":9.0},{"damage":1.0,"enemies":"Gremlin Leader","floor":25.0,"turns":5.0},{"damage":8.0,"enemies":"Book of Stabbing","floor":27.0,"turns":4.0},{"damage":0.0,"enemies":"Snake Plant","floor":29.0,"turns":3.0},{"damage":12.0,"enemies":"3 Cultists","floor":31.0,"turns":6.0},{"damage":1.0,"enemies":"Champ","floor":33.0,"turns":7.0},{"damage":1.0,"enemies":"Orb Walker","floor":35.0,"turns":3.0},{"damage":34,"enemies":"Reptomancer","floor":41,"turns":8},{"damage":5,"enemies":"Nemesis","floor":44,"turns":5},{"damage":0,"enemies":"3 Darklings","floor":45,"turns":3},{"damage":12,"enemies":"Writhing Mass","floor":46,"turns":4},{"damage":5,"enemies":"Reptomancer","floor":47,"turns":4},{"damage":0,"enemies":"Transient","floor":48,"turns":5},{"damage":20,"enemies":"Donu and Deca","floor":50,"turns":4},{"damage":54,"enemies":"Shield and Spear","floor":54,"turns":5},{"damage":53,"enemies":"The Heart","floor":55,"turns":8}],"seed_played":"6889640599224188381","potions_obtained":[{"floor":1.0,"key":"GhostInAJar"},{"floor":8.0,"key":"ColorlessPotion"},{"floor":12.0,"key":"DistilledChaos"},{"floor":16.0,"key":"Regen Potion"},{"floor":21.0,"key":"Energy Potion"},{"floor":25.0,"key":"Dexterity Potion"},{"floor":27.0,"key":"SkillPotion"},{"floor":41,"key":"PowerPotion"},{"floor":45,"key":"DistilledChaos"}],"is_trial":false,"path_per_floor":["M","$","?","?","M","E","?","E","T","R","M","M","R","E","R","B",null,"M","$","?","M","?","E","R","E","T","E","R","M","T","M","R","B",null,"M","?","?","?","$","R","E","?","T","E","M","M","E","M","R","B",null,"R","$","E","B",null],"character_chosen":"THE_SILENT","items_purchased":["Catalyst","Secret Technique","Impatience","Frozen Eye"],"campfire_rested":0,"item_purchase_floors":[2,39,53,53],"current_hp_per_floor":[63,63,63,63,63,63,68,30,30,30,29,29,29,29,29,29,64,60,60,46,42,42,54,54,53,53,52,52,52,52,52,52,51,78,77,77,77,77,83,83,49,44,44,51,51,51,46,46,46,51,75,75,83,41,25],"gold":66,"neow_bonus":"THREE_ENEMY_KILL","is_daily":false,"chose_seed":false,"campfire_upgraded":8,"win_rate":0.0,"timestamp":1609285673,"path_taken":["M","$","?","?","M","E","?","E","T","R","?","M","R","E","R","BOSS","M","$","?","M","?","E","R","E","T","E","R","M","?","?","R","BOSS","M","?","?","?","$","R","E","?","T","E","M","?","E","M","R","BOSS","R","$","E","BOSS"],"items_purchased_type":["Card","Card","Card","Relic"],"build_version":"2020-12-22","purchased_purges":3,"victory":true,"max_hp_per_floor":[70,70,70,70,70,70,75,75,75,75,75,75,75,75,75,75,75,75,75,80,80,80,80,80,80,80,87,87,87,87,87,87,87,87,87,87,87,83,83,83,83,83,83,83,83,83,83,83,83,83,83,83,83,83,83],"relic_stats":{"Regal Pillow":0,"Nunchaku":[7],"counters":[26,118],"Sundial":[16],"Astrolabe":["PiercingWail","Underhanded Strike","Endless Agony"],"Pantograph":50,"MealTicket":14,"Eternal Feather":0,"Bag of Preparation":[0],"obtain_stats":[{"Potion Belt":47,"Regal Pillow":14,"NeowsBlessing":0,"Astrolabe":17,"Eternal Feather":54,"Incense Burner":8,"Bag of Preparation":43,"Bottled Tornado":23,"Frozen Eye":53,"Nunchaku":26,"Sundial":6,"Ninja Scroll":41,"Strawberry":27,"Pantograph":44,"MealTicket":30,"Philosopher\u0027s Stone":34,"Ring of the Snake":0,"Meat on the Bone":25},{"Potion Belt":22,"Regal Pillow":7,"NeowsBlessing":0,"Astrolabe":8,"Eternal Feather":25,"Incense Burner":4,"Bag of Preparation":18,"Bottled Tornado":11,"Frozen Eye":24,"Nunchaku":12,"Sundial":3,"Ninja Scroll":18,"Strawberry":13,"Pantograph":19,"MealTicket":14,"Philosopher\u0027s Stone":16,"Ring of the Snake":0,"Meat on the Bone":12},{"Potion Belt":96,"Regal Pillow":21,"NeowsBlessing":0,"Astrolabe":27,"Eternal Feather":110,"Incense Burner":9,"Bag of Preparation":80,"Bottled Tornado":44,"Frozen Eye":105,"Nunchaku":49,"Sundial":3,"Ninja Scroll":80,"Strawberry":53,"Pantograph":85,"MealTicket":56,"Philosopher\u0027s Stone":69,"Ring of the Snake":0,"Meat on the Bone":49}],"Ring of the Snake":[53],"Meat on the Bone":60},"card_choices":[{"not_picked":["Slice","Deflect"],"picked":"Backflip","floor":1.0},{"not_picked":["PiercingWail","Dagger Throw"],"picked":"Blur","floor":5.0},{"not_picked":["Heel Hook","Outmaneuver"],"picked":"Deadly Poison","floor":6.0},{"not_picked":["Accuracy","Choke"],"picked":"Deadly Poison","floor":8.0},{"not_picked":["Blade Dance","Prepared","Acrobatics"],"picked":"SKIP","floor":11.0},{"not_picked":["Distraction","Envenom"],"picked":"Escape Plan","floor":12.0},{"not_picked":["Expertise","Deflect"],"picked":"Well Laid Plans","floor":14.0},{"not_picked":["Wraith Form v2","Night Terror"],"picked":"Die Die Die","floor":16.0},{"not_picked":["Deadly Poison","Eviscerate","Cloak And Dagger"],"picked":"SKIP","floor":18.0},{"not_picked":["Underhanded Strike","PiercingWail+1"],"picked":"Catalyst+1","floor":21.0},{"not_picked":["Concentrate","Choke+1","Dodge and Roll"],"picked":"SKIP","floor":23.0},{"not_picked":["Choke+1","Dodge and Roll"],"picked":"Concentrate","floor":23.0},{"not_picked":["Masterful Stab","Infinite Blades+1"],"picked":"Backflip+1","floor":25.0},{"not_picked":["Flying Knee","Finisher"],"picked":"Crippling Poison","floor":27.0},{"not_picked":["Dagger Spray","Concentrate"],"picked":"Outmaneuver+1","floor":29.0},{"not_picked":["Choke+1","Leg Sweep","Setup"],"picked":"SKIP","floor":31.0},{"not_picked":["Wraith Form v2","Glass Knife"],"picked":"Corpse Explosion","floor":33.0},{"not_picked":["Eviscerate","Prepared+1","Outmaneuver"],"picked":"SKIP","floor":35.0},{"not_picked":["Cloak And Dagger","Setup"],"picked":"Noxious Fumes","floor":41},{"not_picked":["Dark Shackles","Thinking Ahead"],"picked":"Panacea","floor":42},{"not_picked":["Underhanded Strike+1","Eviscerate"],"picked":"Outmaneuver+1","floor":44},{"not_picked":["Sucker Punch","Well Laid Plans","Poisoned Stab"],"picked":"SKIP","floor":45},{"not_picked":["Blade Dance","Deflect","Cloak And Dagger"],"picked":"SKIP","floor":46},{"not_picked":["Flying Knee","Distraction+1"],"picked":"Caltrops+1","floor":47},{"not_picked":["Flechettes","Well Laid Plans+1"],"picked":"Acrobatics+1","floor":48},{"not_picked":["Setup","Poisoned Stab+1"],"picked":"Leg Sweep+1","floor":54}],"player_experience":80922,"relics_obtained":[{"floor":6.0,"key":"Sundial"},{"floor":8.0,"key":"Incense Burner"},{"floor":14.0,"key":"Regal Pillow"},{"floor":23.0,"key":"Bottled Tornado"},{"floor":25.0,"key":"Meat on the Bone"},{"floor":26.0,"key":"Nunchaku"},{"floor":27.0,"key":"Strawberry"},{"floor":30.0,"key":"MealTicket"},{"floor":41,"key":"Ninja Scroll"},{"floor":43,"key":"Bag of Preparation"},{"floor":44,"key":"Pantograph"},{"floor":47,"key":"Potion Belt"},{"floor":54,"key":"Eternal Feather"}],"event_choices":[{"damage_healed":0.0,"max_hp_gain":0.0,"max_hp_loss":0.0,"gold_gain":0.0,"event_name":"Liars Game","player_choice":"Ignored","floor":3.0,"gold_loss":0.0,"damage_taken":0.0},{"damage_healed":0.0,"max_hp_gain":0.0,"max_hp_loss":0.0,"gold_gain":0.0,"cards_transformed":["Strike_G"],"event_name":"Living Wall","player_choice":"Change","floor":4.0,"gold_loss":0.0,"damage_taken":0.0,"cards_obtained":["Backflip"]},{"damage_healed":0.0,"max_hp_gain":5.0,"max_hp_loss":0.0,"gold_gain":0.0,"event_name":"Big Fish","player_choice":"Donut","floor":7.0,"gold_loss":0.0,"damage_taken":0.0},{"damage_healed":0.0,"max_hp_gain":5.0,"max_hp_loss":0.0,"gold_gain":0.0,"event_name":"Forgotten Altar","player_choice":"Shed Blood","floor":20.0,"gold_loss":0.0,"damage_taken":19.0},{"damage_healed":0.0,"max_hp_gain":0.0,"max_hp_loss":0.0,"gold_gain":0.0,"event_name":"Back to Basics","player_choice":"Simplicity","floor":22.0,"gold_loss":0.0,"damage_taken":0.0,"cards_upgraded":["Defend_G","Defend_G","Defend_G","Defend_G","Defend_G"]},{"cards_removed":["Escape Plan"],"damage_healed":0.0,"max_hp_gain":0.0,"max_hp_loss":0.0,"gold_gain":0.0,"event_name":"Falling","player_choice":"Removed Skill","floor":36.0,"gold_loss":0.0,"damage_taken":0.0},{"damage_healed":0.0,"max_hp_gain":0.0,"max_hp_loss":0.0,"gold_gain":0.0,"event_name":"Tomb of Lord Red Mask","player_choice":"Ignored","floor":37.0,"gold_loss":0.0,"damage_taken":0.0},{"damage_healed":0.0,"max_hp_gain":0.0,"max_hp_loss":4.0,"gold_gain":0.0,"event_name":"Winding Halls","player_choice":"Max HP","floor":38.0,"gold_loss":0.0,"damage_taken":0.0},{"damage_healed":0,"gold_gain":0,"player_choice":"Memory 2","damage_taken":5,"max_hp_gain":0,"max_hp_loss":0,"event_name":"SensoryStone","floor":42,"gold_loss":0}],"is_beta":false,"boss_relics":[{"not_picked":["Black Star","Sozu"],"picked":"Astrolabe"},{"not_picked":["Pandora\u0027s Box","SlaversCollar"],"picked":"Philosopher\u0027s Stone"}],"items_purged_floors":[19,39,53],"is_endless":false,"potions_floor_spawned":[1,8,12,16,21,25,27,31,41,45],"ascension_level":10}}