{"host":"j29osl8nelwi4hyu","time":1609201287,"event":{"mods":["BaseMod","Colored Powertips","Hubris","Infinite Spire","Minty Spire (QoL Compilation)","Replay The Spire","StSLib"],"gold_per_floor":[117,133,150,100,117,117,146,146,201,201,201,87,119,133,133,133,133],"floor_reached":16,"playtime":422,"items_purged":[],"score":138,"play_id":"686b6190-23c2-417e-b3db-a09f85b844eb","local_time":"20201228162127","is_ascension_mode":true,"campfire_choices":[{"data":"Hyperbeam","floor":6.0,"key":"SMITH"},{"data":"Sweeping Beam","floor":11.0,"key":"SMITH"},{"floor":15.0,"key":"REST"}],"circlet_count":0,"master_deck":["Strike_B","Strike_B","Strike_B","Defend_B","Defend_B","Defend_B","Defend_B","Zap","Coolheaded","Sweeping Beam+1","Redo","Hyperbeam+1","Ball Lightning","Bash","Capacitor","Consume","Heavy Blade","Machine Learning"],"relics":["NeowsBlessing","Sundial","Omamori","Iron Core","Tiny Chest"],"acts_visited":["Exordium"],"potions_floor_usage":[16],"damage_taken":[{"damage":0.0,"enemies":"2 Louse","floor":1.0,"turns":1.0},{"damage":0.0,"enemies":"Small Slimes","floor":2.0,"turns":1.0},{"damage":0.0,"enemies":"Jaw Worm","floor":3.0,"turns":1.0},{"damage":0.0,"enemies":"Exordium Wildlife","floor":5.0,"turns":3.0},{"damage":33.0,"enemies":"Gremlin Nob","floor":7.0,"turns":5.0},{"damage":25.0,"enemies":"Lagavulin","floor":13.0,"turns":5.0},{"damage":0.0,"enemies":"3 Louse","floor":14.0,"turns":1.0},{"damage":41,"enemies":"Hexaghost","floor":16,"turns":9}],"seed_played":"4120751536462338038","potions_obtained":[{"floor":2.0,"key":"SneckoOil"},{"floor":3.0,"key":"PowerPotion"},{"floor":5.0,"key":"PotionOfCapacity"},{"floor":14.0,"key":"Fire Potion"}],"is_trial":false,"path_per_floor":["M","M","M","?","M","R","E","?","T","?","R","$","E","M","R","B"],"character_chosen":"DEFECT","items_purchased":["Capacitor","Consume"],"campfire_rested":1,"item_purchase_floors":[12,12],"current_hp_per_floor":[75,75,75,75,75,75,42,42,42,42,42,42,17,17,39,0,0],"gold":133,"neow_bonus":"THREE_ENEMY_KILL","is_daily":false,"chose_seed":false,"campfire_upgraded":2,"win_rate":0.0,"timestamp":1609201287,"path_taken":["M","M","M","?","M","R","E","?","T","?","R","?","E","M","R","BOSS"],"items_purchased_type":["Card","Card"],"build_version":"2020-12-22","purchased_purges":0,"victory":false,"max_hp_per_floor":[75,75,75,75,75,75,75,75,75,75,75,75,75,75,75,75,75],"card_choices":[{"not_picked":["Turbo","Hologram"],"picked":"Coolheaded","floor":1.0},{"not_picked":["Beam Cell","Gash"],"picked":"Sweeping Beam","floor":2.0},{"not_picked":["Blizzard","ReplaySort"],"picked":"Redo","floor":3.0},{"not_picked":["Glacier","Fusion"],"picked":"Hyperbeam","floor":5.0},{"not_picked":["Barrage","Sweeping Beam"],"picked":"Ball Lightning","floor":7.0},{"not_picked":["Ball Lightning","FTL"],"picked":"Heavy Blade","floor":13.0},{"not_picked":["Force Field","Genetic Algorithm"],"picked":"Machine Learning","floor":14.0}],"player_experience":263344,"relics_obtained":[{"floor":7.0,"key":"Sundial"},{"floor":9.0,"key":"Omamori"},{"floor":13.0,"key":"Tiny Chest"}],"event_choices":[{"cards_removed":["Strike_B"],"damage_healed":0.0,"max_hp_gain":0.0,"max_hp_loss":0.0,"gold_gain":0.0,"event_name":"The Cleric","player_choice":"Card Removal","floor":4.0,"gold_loss":50.0,"damage_taken":0.0}],"is_beta":false,"boss_relics":[],"items_purged_floors":[],"is_endless":false,"potions_floor_spawned":[2,3,5,14],"killed_by":"Hexaghost","ascension_level":5}}