{"host":"sc0o2qwpf9j16a4i","time":1609281965,"event":{"mods":["AchievementEnabler","BaseMod","BetterRewards","Block Reminder","Colored Map","Colored Powertips","Custom Start","Highlight Path","Minty Spire (QoL Compilation)","Relic Stats"],"gold_per_floor":[119,136,136,136,155,155,190,208,287,287,227,60,60,72,72,149,149,165,165,139,1,1,29,29,64,90,90,102,128,128,48,48,121,121,132,4,29,46,46,72,72,97,97,129,0,0,0,34,34,34,34,34,34,34,68,68],"floor_reached":57,"playtime":2078,"items_purged":["Strike_R","Strike_R"],"score":3065,"play_id":"dca79c29-c1e5-42d8-a73e-7c7e345c4e55","local_time":"20201230004605","is_ascension_mode":true,"campfire_choices":[{"floor":6.0,"key":"REST"},{"floor":10.0,"key":"REST"},{"data":"Juggernaut","floor":15.0,"key":"SMITH"},{"floor":24,"key":"REST"},{"data":"True Grit","floor":27,"key":"SMITH"},{"data":"True Grit","floor":32,"key":"SMITH"},{"floor":41,"key":"RECALL"},{"data":"Corruption","floor":47,"key":"SMITH"},{"data":"Feel No Pain","floor":49,"key":"SMITH"},{"data":"Dark Embrace","floor":53,"key":"SMITH"}],"circlet_count":0,"master_deck":["AscendersBane","Strike_R","Strike_R","Strike_R","Defend_R+1","Defend_R","Defend_R+1","Defend_R","Flame Barrier","Iron Wave","Ghostly Armor","True Grit+1","Shrug It Off","Impervious","Feel No Pain+1","Shrug It Off","Shockwave","True Grit+1","Juggernaut+1","Fiend Fire","Spot Weakness","Sever Soul","Inflame","Corruption+1","Shockwave","Shrug It Off+1","Disarm+1","Sentinel","Dark Embrace+1","Reaper+1","Headbutt+1","Shockwave","Thunderclap+1","Iron Wave+1","Clothesline+1","Reaper+1","Spot Weakness+1","Feel No Pain","Whirlwind+1","Reaper+1"],"relics":["SlaversCollar","Prayer Wheel","Bag of Preparation","The Courier","Red Skull","Runic Pyramid","MutagenicStrength","Lee\u0027s Waffle","War Paint","Vajra","MealTicket","Molten Egg 2","Coffee Dripper","Ancient Tea Set","Ginger","Mummified Hand","Happy Flower","Potion Belt","Darkstone Periapt","Pocketwatch"],"acts_visited":["Exordium","TheCity","TheBeyond","TheEnding"],"potions_floor_usage":[20,20,33,42,48,50,55,56,56],"damage_taken":[{"damage":14.0,"enemies":"Small Slimes","floor":1.0,"turns":5.0},{"damage":6.0,"enemies":"2 Louse","floor":2.0,"turns":4.0},{"damage":7.0,"enemies":"Jaw Worm","floor":5.0,"turns":4.0},{"damage":10.0,"enemies":"3 Sentries","floor":7.0,"turns":11.0},{"damage":9.0,"enemies":"Red Slaver","floor":8.0,"turns":8.0},{"damage":6.0,"enemies":"Looter","floor":11.0,"turns":5.0},{"damage":0.0,"enemies":"Blue Slaver","floor":14.0,"turns":6.0},{"damage":1.0,"enemies":"Hexaghost","floor":16.0,"turns":9.0},{"damage":19,"enemies":"Spheric Guardian","floor":18,"turns":7},{"damage":8,"enemies":"2 Thieves","floor":20,"turns":4},{"damage":51,"enemies":"Slavers","floor":23,"turns":7},{"damage":0,"enemies":"Gremlin Leader","floor":25,"turns":4},{"damage":0,"enemies":"Shelled Parasite and Fungi","floor":28,"turns":5},{"damage":10,"enemies":"Slavers","floor":29,"turns":5},{"damage":0,"enemies":"Automaton","floor":33,"turns":10},{"damage":17,"enemies":"Orb Walker","floor":35,"turns":3},{"damage":7,"enemies":"Mind Bloom Boss Battle","floor":37,"turns":6},{"damage":39,"enemies":"3 Shapes","floor":38,"turns":4},{"damage":13,"enemies":"Nemesis","floor":40,"turns":5},{"damage":0,"enemies":"Giant Head","floor":42,"turns":4},{"damage":13,"enemies":"Nemesis","floor":44,"turns":5},{"damage":0,"enemies":"Reptomancer","floor":48,"turns":4},{"damage":9,"enemies":"Time Eater","floor":50,"turns":8},{"damage":29,"enemies":"Donu and Deca","floor":51,"turns":7},{"damage":58,"enemies":"Shield and Spear","floor":55,"turns":6},{"damage":41,"enemies":"The Heart","floor":56,"turns":8}],"seed_played":"-4232859587920855189","potions_obtained":[{"floor":1.0,"key":"LiquidBronze"},{"floor":7.0,"key":"PowerPotion"},{"floor":18,"key":"DuplicationPotion"},{"floor":29,"key":"ColorlessPotion"},{"floor":33,"key":"Ancient Potion"},{"floor":38,"key":"SpeedPotion"},{"floor":40,"key":"PowerPotion"},{"floor":42,"key":"SkillPotion"},{"floor":44,"key":"Explosive Potion"},{"floor":55,"key":"Regen Potion"}],"is_trial":false,"path_per_floor":["M","M","?","?","M","R","E","M","T","R","M","$","T","M","R","B",null,"M","?","M","$","?","E","R","E","T","R","M","E","?","$","R","B",null,"M","$","?","M","$","E","R","E","T","E","$","?","R","E","R","B","B",null,"R","$","E","B",null],"character_chosen":"IRONCLAD","items_purchased":["Shockwave","Block Potion","Lee\u0027s Waffle","Ancient Tea Set","Feel No Pain","LiquidBronze"],"campfire_rested":3,"item_purchase_floors":[12,12,21,36,45,45],"current_hp_per_floor":[54,48,13,13,6,28,18,9,9,31,25,25,25,25,25,24,62,43,43,35,82,82,31,55,55,55,55,55,45,45,60,60,60,77,73,82,75,36,51,51,51,82,82,78,82,82,82,82,82,79,74,80,80,82,74,82],"gold":68,"neow_bonus":"BOSS_RELIC","is_daily":false,"chose_seed":false,"campfire_upgraded":6,"win_rate":0.0,"timestamp":1609281965,"path_taken":["M","M","?","?","M","R","E","M","T","R","M","$","?","M","R","BOSS","M","?","M","$","?","E","R","E","T","R","M","E","?","?","R","BOSS","M","$","?","M","?","E","R","E","T","E","$","?","R","E","R","BOSS","BOSS","R","$","E","BOSS"],"items_purchased_type":["Card","Potion","Relic","Relic","Card","Potion"],"build_version":"2020-12-22","purchased_purges":2,"victory":true,"max_hp_per_floor":[75,75,75,75,75,75,75,75,75,75,75,75,75,75,75,75,75,75,75,75,82,82,82,82,82,82,82,82,82,82,82,82,82,82,82,82,82,82,82,82,82,82,82,82,82,82,82,82,82,82,82,82,82,82,82,82],"relic_stats":{"Darkstone Periapt":0,"Lee\u0027s Waffle":47,"Happy Flower":[12],"counters":[26,154],"Mummified Hand":[52],"Prayer Wheel":9,"MealTicket":45,"Bag of Preparation":[44],"Ginger":[5],"War Paint":["Defend_R","Defend_R"],"obtain_stats":[{"Potion Belt":44,"Darkstone Periapt":48,"Lee\u0027s Waffle":21,"Happy Flower":42,"Vajra":25,"The Courier":9,"Bag of Preparation":7,"Ginger":37,"War Paint":23,"Ancient Tea Set":36,"Burning Blood":0,"SlaversCollar":0,"Mummified Hand":40,"MutagenicStrength":19,"Prayer Wheel":3,"MealTicket":26,"Molten Egg 2":29,"Coffee Dripper":34,"Red Skull":13,"Runic Pyramid":17,"Pocketwatch":55},{"Potion Belt":21,"Darkstone Periapt":22,"Lee\u0027s Waffle":10,"Happy Flower":20,"Vajra":12,"The Courier":5,"Bag of Preparation":4,"Ginger":17,"War Paint":11,"Ancient Tea Set":16,"Burning Blood":0,"SlaversCollar":0,"Mummified Hand":19,"MutagenicStrength":9,"Prayer Wheel":2,"MealTicket":12,"Molten Egg 2":14,"Coffee Dripper":15,"Red Skull":6,"Runic Pyramid":8,"Pocketwatch":25},{"Potion Belt":121,"Darkstone Periapt":125,"Lee\u0027s Waffle":63,"Happy Flower":116,"Vajra":74,"The Courier":32,"Bag of Preparation":24,"Ginger":103,"War Paint":70,"Ancient Tea Set":97,"Burning Blood":0,"SlaversCollar":0,"Mummified Hand":112,"MutagenicStrength":59,"Prayer Wheel":9,"MealTicket":74,"Molten Egg 2":84,"Coffee Dripper":94,"Red Skull":37,"Runic Pyramid":52,"Pocketwatch":146}],"Pocketwatch":[0]},"card_choices":[{"not_picked":["Intimidate","Clash"],"picked":"Flame Barrier","floor":1.0},{"not_picked":["Havoc","Twin Strike"],"picked":"Iron Wave","floor":2.0},{"not_picked":["Battle Trance","Cleave"],"picked":"Ghostly Armor","floor":5.0},{"not_picked":["Twin Strike","Flex"],"picked":"True Grit","floor":5.0},{"not_picked":["Fire Breathing","Bloodletting"],"picked":"Shrug It Off","floor":7.0},{"not_picked":["Clash","Armaments"],"picked":"Impervious","floor":8.0},{"not_picked":["Bloodletting","Reckless Charge"],"picked":"Feel No Pain","floor":8.0},{"not_picked":["Evolve","Perfected Strike"],"picked":"Shrug It Off","floor":11.0},{"not_picked":["Whirlwind","Heavy Blade","Clash"],"picked":"SKIP","floor":11.0},{"not_picked":["Seeing Red","Flex"],"picked":"True Grit","floor":14.0},{"not_picked":["Feel No Pain","Cleave"],"picked":"Juggernaut","floor":14.0},{"not_picked":["Brutality","Bludgeon"],"picked":"Fiend Fire","floor":16.0},{"not_picked":["Twin Strike","Warcry+1"],"picked":"Spot Weakness","floor":18},{"not_picked":["Thunderclap","Iron Wave","Clothesline"],"picked":"SKIP","floor":18},{"not_picked":["Searing Blow","Havoc"],"picked":"Sever Soul","floor":20},{"not_picked":["Cleave","Warcry"],"picked":"Inflame","floor":20},{"not_picked":["True Grit","Rampage"],"picked":"Corruption","floor":23},{"not_picked":["Disarm","Cleave"],"picked":"Shockwave","floor":25},{"not_picked":["Fire Breathing","Twin Strike"],"picked":"Shrug It Off+1","floor":28},{"not_picked":["Metallicize","Flex"],"picked":"Disarm+1","floor":28},{"not_picked":["Pommel Strike+1","Cleave+1"],"picked":"Sentinel","floor":29},{"not_picked":["Immolate+1","Berserk"],"picked":"Reaper+1","floor":33},{"not_picked":["Perfected Strike+1","Wild Strike+1"],"picked":"Headbutt+1","floor":35},{"not_picked":["Sword Boomerang+1","Fire Breathing"],"picked":"Shockwave","floor":35},{"not_picked":["Iron Wave+1","Twin Strike+1"],"picked":"Thunderclap+1","floor":37},{"not_picked":["Sword Boomerang+1","Reckless Charge+1"],"picked":"Iron Wave+1","floor":38},{"not_picked":["Flex","Pommel Strike+1"],"picked":"Clothesline+1","floor":38},{"not_picked":["Blood for Blood+1","Spot Weakness"],"picked":"Reaper+1","floor":40},{"not_picked":["Clothesline+1","Sever Soul+1"],"picked":"Spot Weakness+1","floor":42},{"not_picked":["Flex","Twin Strike+1","Clash+1"],"picked":"SKIP","floor":44},{"not_picked":["Iron Wave+1","Blood for Blood+1"],"picked":"Whirlwind+1","floor":48},{"not_picked":["Armaments+1","Power Through"],"picked":"Reaper+1","floor":55}],"player_experience":420705,"relics_obtained":[{"floor":7.0,"key":"Bag of Preparation"},{"floor":9.0,"key":"The Courier"},{"floor":13.0,"key":"Red Skull"},{"floor":23,"key":"War Paint"},{"floor":25,"key":"Vajra"},{"floor":26,"key":"MealTicket"},{"floor":29,"key":"Molten Egg 2"},{"floor":37,"key":"Ginger"},{"floor":40,"key":"Mummified Hand"},{"floor":42,"key":"Happy Flower"},{"floor":44,"key":"Potion Belt"},{"floor":48,"key":"Darkstone Periapt"},{"floor":55,"key":"Pocketwatch"}],"event_choices":[{"damage_healed":0.0,"max_hp_gain":0.0,"max_hp_loss":0.0,"gold_gain":0.0,"event_name":"Scrap Ooze","player_choice":"Success","floor":3.0,"gold_loss":0.0,"damage_taken":35.0,"relics_obtained":["Prayer Wheel"]},{"damage_healed":0.0,"max_hp_gain":0.0,"max_hp_loss":0.0,"gold_gain":0.0,"event_name":"Liars Game","player_choice":"Ignored","floor":4.0,"gold_loss":0.0,"damage_taken":0.0},{"damage_healed":0,"gold_gain":0,"player_choice":"Inject Mutagens","damage_taken":0,"relics_obtained":["MutagenicStrength"],"max_hp_gain":0,"max_hp_loss":0,"event_name":"Drug Dealer","floor":19,"gold_loss":0},{"damage_healed":0,"gold_gain":0,"player_choice":"Ignored","damage_taken":0,"max_hp_gain":0,"max_hp_loss":0,"event_name":"Ghosts","floor":22,"gold_loss":0},{"damage_healed":0,"gold_gain":0,"player_choice":"Read","damage_taken":0,"max_hp_gain":0,"max_hp_loss":0,"event_name":"The Library","floor":30,"gold_loss":0,"cards_obtained":["Dark Embrace"]},{"damage_healed":0,"gold_gain":0,"player_choice":"Fight","damage_taken":0,"max_hp_gain":0,"max_hp_loss":0,"event_name":"MindBloom","floor":37,"gold_loss":0},{"cards_removed":["Bash"],"damage_healed":0,"gold_gain":0,"player_choice":"Removed Attack","damage_taken":0,"max_hp_gain":0,"max_hp_loss":0,"event_name":"Falling","floor":46,"gold_loss":0}],"is_beta":false,"boss_relics":[{"not_picked":["Velvet Choker","Tiny House"],"picked":"Runic Pyramid"},{"not_picked":["Fusion Hammer","Mark of Pain"],"picked":"Coffee Dripper"}],"items_purged_floors":[12,31],"is_endless":false,"potions_floor_spawned":[1,7,14,18,29,33,38,40,42,44,55],"ascension_level":20}}