{"host":"jpyc2kczef5p02oc","time":1609248669,"event":{"mods":["ATMod(阿瑾Mod)","BaseMod","Friendly Minions","Hubris","Marisa（F雨　魔理沙）","Minty Spire (QoL Compilation)","StSLib","Td1madao Mod","The Servant 0.9.4","【功能Mod】聪明的最终Boss"],"gold_per_floor":[118,118,134,146,146,146,173,173,173,200,43,43,72,72,72,148,148,122,197,208,208,220,220,247,265,343,378,378,388,407,407,407,407,407],"floor_reached":33,"playtime":1402,"items_purged":[],"score":681,"play_id":"e664c2c0-f28a-45f1-8c6a-22b601f05a9a","local_time":"20201229213109","is_ascension_mode":true,"campfire_choices":[{"data":"Uppercut","floor":6.0,"key":"SMITH"},{"data":"AT_BodySlamDance","floor":8.0,"key":"SMITH"},{"data":"Bash","floor":12.0,"key":"SMITH"},{"floor":15.0,"key":"RECALL"},{"data":"Limit Break","floor":23.0,"key":"SMITH"},{"data":"AT_CaressingTears","floor":28.0,"key":"SMITH"},{"floor":32,"key":"REST"}],"circlet_count":0,"master_deck":["AscendersBane","Defend_R","Defend_R","Defend_R","Defend_R","Bash+1","AT_FamilyPortrait+1","AT_CaressingTears+1","Shrug It Off","Uppercut+1","AT_BodySlamDance+1","Limit Break+1","Heavy Blade+1","Bite+1","Bite+1","Bite+1","Bite+1","Bite+1","Pummel+1"],"relics":["Burning Blood","AT_ATBox","NeowsBlessing","hubris:TenFootPole","Pear","Omamori","Membership Card","Bag of Preparation","CultistMask","Mark of Pain","Molten Egg 2","Bronze Scales","AT_BellDemon"],"acts_visited":["Exordium","TheCity"],"potions_floor_usage":[29,33],"damage_taken":[{"damage":0.0,"enemies":"Small Slimes","floor":1.0,"turns":1.0},{"damage":0.0,"enemies":"Jaw Worm","floor":3.0,"turns":1.0},{"damage":0.0,"enemies":"2 Louse","floor":4.0,"turns":1.0},{"damage":34.0,"enemies":"3 Sentries","floor":7.0,"turns":8.0},{"damage":0.0,"enemies":"Lagavulin","floor":10.0,"turns":6.0},{"damage":32.0,"enemies":"3 Sentries","floor":13.0,"turns":6.0},{"damage":35.0,"enemies":"The Guardian","floor":16.0,"turns":12.0},{"damage":25.0,"enemies":"2 Thieves","floor":18.0,"turns":4.0},{"damage":16.0,"enemies":"Shell Parasite","floor":20.0,"turns":3.0},{"damage":18.0,"enemies":"Snake Plant","floor":22.0,"turns":4.0},{"damage":21.0,"enemies":"Book of Stabbing","floor":24.0,"turns":3.0},{"damage":22.0,"enemies":"Centurion and Healer","floor":25.0,"turns":5.0},{"damage":52.0,"enemies":"Gremlin Leader","floor":27.0,"turns":6.0},{"damage":27,"enemies":"Shelled Parasite and Fungi","floor":29,"turns":3},{"damage":13,"enemies":"Snecko","floor":30,"turns":3},{"damage":46,"enemies":"Collector","floor":33,"turns":5}],"seed_played":"3218065343343789863","potions_obtained":[{"floor":1.0,"key":"HeartOfIron"},{"floor":7.0,"key":"Ancient Potion"},{"floor":10.0,"key":"BlessingOfTheForge"},{"floor":18.0,"key":"PowerPotion"},{"floor":30,"key":"Energy Potion"}],"is_trial":false,"path_per_floor":["M","$","M","M","?","R","E","R","T","E","$","R","E","?","R","B",null,"M","T","M","?","M","R","E","M","T","E","R","M","M","?","R","B"],"character_chosen":"IRONCLAD","items_purchased":["Membership Card"],"campfire_rested":1,"item_purchase_floors":[11],"current_hp_per_floor":[74,74,75,75,75,75,60,60,70,76,76,76,50,50,50,21,69,52,52,44,44,43,43,42,46,46,22,22,17,23,23,40,19,19],"gold":407,"neow_bonus":"THREE_ENEMY_KILL","is_daily":false,"chose_seed":false,"campfire_upgraded":5,"win_rate":0.0,"timestamp":1609248669,"path_taken":["M","$","M","M","?","R","E","R","T","E","?","R","E","?","R","BOSS","M","?","M","?","M","R","E","M","T","E","R","M","M","?","R","BOSS"],"items_purchased_type":["Relic"],"build_version":"2020-12-22","purchased_purges":0,"victory":false,"max_hp_per_floor":[75,75,75,75,75,75,75,75,85,85,85,85,85,85,85,85,85,85,85,85,59,59,59,59,59,59,59,59,59,59,59,59,59,59],"card_choices":[{"not_picked":["Disarm","Wild Strike"],"picked":"AT_CaressingTears","floor":1.0},{"not_picked":["Cleave","Flex"],"picked":"Shrug It Off","floor":3.0},{"not_picked":["Seeing Red","Rampage"],"picked":"Uppercut","floor":4.0},{"not_picked":["Body Slam","Rage"],"picked":"AT_BodySlamDance","floor":7.0},{"not_picked":["Searing Blow","Feel No Pain","AT_GerminateFire"],"picked":"SKIP","floor":10.0},{"not_picked":["Sword Boomerang","Bloodletting","Body Slam"],"picked":"SKIP","floor":13.0},{"not_picked":["Feed","Immolate"],"picked":"Limit Break","floor":16.0},{"not_picked":["Twin Strike+1","Clothesline"],"picked":"Heavy Blade+1","floor":18.0},{"not_picked":["Iron Wave+1","Combust","Clash+1"],"picked":"SKIP","floor":20.0},{"not_picked":["Warcry","Rage","hubris:SharpeningStone"],"picked":"SKIP","floor":22.0},{"not_picked":["Warcry","Rage","hubris:SharpeningStone"],"picked":"SKIP","floor":22.0},{"not_picked":["Cleave+1","True Grit","Body Slam+1"],"picked":"SKIP","floor":24.0},{"not_picked":["Double Tap","Ghostly Armor"],"picked":"Pummel+1","floor":25.0},{"not_picked":["AT_BodySlamDance","Cleave+1","AT_GerminateFire"],"picked":"SKIP","floor":27.0},{"not_picked":["Battle Trance","Ghostly Armor","Cleave+1"],"picked":"SKIP","floor":29},{"not_picked":["Pommel Strike+1","True Grit","AT_CaressingTears"],"picked":"SKIP","floor":30}],"player_experience":292716,"relics_obtained":[{"floor":7.0,"key":"hubris:TenFootPole"},{"floor":9.0,"key":"Pear"},{"floor":10.0,"key":"Omamori"},{"floor":13.0,"key":"Bag of Preparation"},{"floor":19.0,"key":"Molten Egg 2"},{"floor":24.0,"key":"Bronze Scales"},{"floor":27.0,"key":"AT_BellDemon"}],"event_choices":[{"damage_healed":0.0,"max_hp_gain":0.0,"max_hp_loss":0.0,"gold_gain":0.0,"event_name":"Living Wall","player_choice":"Grow","floor":5.0,"gold_loss":0.0,"damage_taken":0.0,"cards_upgraded":["AT_FamilyPortrait"]},{"damage_healed":0.0,"max_hp_gain":0.0,"max_hp_loss":0.0,"gold_gain":0.0,"event_name":"FaceTrader","player_choice":"Trade","floor":14.0,"gold_loss":0.0,"damage_taken":0.0,"relics_obtained":["CultistMask"]},{"damage_healed":0.0,"max_hp_gain":0.0,"max_hp_loss":26.0,"gold_gain":0.0,"event_name":"Vampires","player_choice":"Became a vampire","floor":21.0,"gold_loss":0.0,"damage_taken":0.0,"cards_obtained":["Bite","Bite","Bite","Bite","Bite"]},{"damage_healed":0,"gold_gain":0,"player_choice":"Ignored","damage_taken":0,"max_hp_gain":0,"max_hp_loss":0,"event_name":"Ghosts","floor":31,"gold_loss":0}],"is_beta":false,"boss_relics":[{"not_picked":["Philosopher\u0027s Stone","Runic Cube"],"picked":"Mark of Pain"}],"items_purged_floors":[],"is_endless":false,"potions_floor_spawned":[1,7,10,13,18,25,30],"killed_by":"Collector","ascension_level":20}}