{"host":"k7udt7atmcuzf6l0","time":1609223465,"event":{"mods":["AchievementEnabler","BaseMod","Colored Map","Colored Powertips","Highlight Path","Minty Spire (QoL Compilation)","Quick Restart","Rare Cards Sparkle","StSLib","UnlockEverythingMod"],"gold_per_floor":[211,172,182,194,194,222,222,222,271,271,271,323,607,639,639,779,851,883,905,905,905],"floor_reached":20,"playtime":476,"items_purged":[],"score":207,"play_id":"3203f6c8-1346-4afc-a252-03383e041fc4","local_time":"20201229143105","is_ascension_mode":false,"campfire_choices":[{"data":"Battle Trance","floor":7,"key":"SMITH"},{"data":"Seeing Red","floor":11,"key":"SMITH"},{"data":"Shockwave","floor":15,"key":"SMITH"}],"circlet_count":0,"master_deck":["Strike_R","Strike_R","Strike_R","Strike_R","Strike_R","Defend_R","Defend_R","Defend_R","Defend_R","Bash+1","Flex+1","Bloodletting","Battle Trance+1","Seeing Red+1","Shockwave+1","Regret","Dual Wield","Offering","Warcry","Havoc+1","Sword Boomerang"],"relics":["Burning Blood","Pen Nib","Golden Idol","CeramicFish","Paper Frog","Tiny House"],"acts_visited":["Exordium","TheCity"],"potions_floor_usage":[12,14,19,20],"damage_taken":[{"damage":8.0,"enemies":"2 Louse","floor":1.0,"turns":3.0},{"damage":0,"enemies":"Small Slimes","floor":3,"turns":4},{"damage":6,"enemies":"Cultist","floor":4,"turns":3},{"damage":34,"enemies":"Lagavulin","floor":6,"turns":5},{"damage":0,"enemies":"Gremlin Nob","floor":12,"turns":2},{"damage":15,"enemies":"Exordium Wildlife","floor":14,"turns":3},{"damage":42,"enemies":"Hexaghost","floor":16,"turns":8},{"damage":43,"enemies":"Spheric Guardian","floor":18,"turns":4},{"damage":20,"enemies":"2 Thieves","floor":19,"turns":3},{"damage":33,"enemies":"Sentry and Sphere","floor":20,"turns":3}],"seed_played":"-440705558184175060","potions_obtained":[{"floor":3,"key":"Fire Potion"},{"floor":4,"key":"Swift Potion"},{"floor":16,"key":"CultistPotion"},{"floor":17,"key":"CultistPotion"},{"floor":18,"key":"Explosive Potion"},{"floor":19,"key":"Strength Potion"}],"is_trial":false,"path_per_floor":["M","$","M","M","?","E","R","?","T","?","R","E","?","M","R","B",null,"M","M","M"],"character_chosen":"IRONCLAD","items_purchased":["Bloodletting"],"campfire_rested":0,"item_purchase_floors":[2],"current_hp_per_floor":[78,78,80,80,80,52,52,52,52,52,52,58,58,49,49,13,79,42,28,0,0],"gold":905,"neow_bonus":"HUNDRED_GOLD","is_daily":false,"chose_seed":false,"campfire_upgraded":3,"win_rate":0.0,"timestamp":1609223465,"path_taken":["M","$","M","M","?","E","R","?","T","?","R","E","?","M","R","BOSS","M","?","M"],"items_purchased_type":["Card"],"build_version":"2020-12-22","purchased_purges":0,"victory":false,"max_hp_per_floor":[80,80,80,80,80,80,80,74,74,74,74,74,74,74,74,74,79,79,79,79,79],"card_choices":[{"not_picked":["Havoc","Headbutt"],"picked":"Flex","floor":1.0},{"not_picked":["Anger","Evolve"],"picked":"Battle Trance","floor":3},{"not_picked":["Fire Breathing","Perfected Strike"],"picked":"Seeing Red","floor":4},{"not_picked":["Ghostly Armor","Heavy Blade","Reckless Charge"],"picked":"SKIP","floor":6},{"not_picked":["Double Tap","Wild Strike"],"picked":"Shockwave","floor":12},{"not_picked":["Burning Pact","Heavy Blade"],"picked":"Dual Wield","floor":14},{"not_picked":["Exhume","Feed"],"picked":"Offering","floor":16},{"not_picked":["Anger","Shockwave"],"picked":"Warcry","floor":17},{"not_picked":["True Grit","Feel No Pain"],"picked":"Havoc+1","floor":18},{"not_picked":["Flex","Exhume"],"picked":"Sword Boomerang","floor":19}],"player_experience":17639,"relics_obtained":[{"floor":6,"key":"Pen Nib"},{"floor":9,"key":"CeramicFish"},{"floor":12,"key":"Paper Frog"}],"event_choices":[{"damage_healed":0,"gold_gain":0,"player_choice":"Grow","damage_taken":0,"max_hp_gain":0,"max_hp_loss":0,"event_name":"Living Wall","floor":5,"gold_loss":0,"cards_upgraded":["Flex"]},{"damage_healed":0,"gold_gain":0,"player_choice":"Lose Max HP","damage_taken":0,"relics_obtained":["Golden Idol"],"max_hp_gain":0,"max_hp_loss":6,"event_name":"Golden Idol","floor":8,"gold_loss":0},{"damage_healed":0,"gold_gain":0,"player_choice":"Ignored","damage_taken":0,"max_hp_gain":0,"max_hp_loss":0,"event_name":"Golden Wing","floor":10,"gold_loss":0},{"damage_healed":0,"gold_gain":275,"player_choice":"Desecrate","damage_taken":0,"max_hp_gain":0,"max_hp_loss":0,"event_name":"Golden Shrine","floor":13,"gold_loss":0,"cards_obtained":["Regret"]}],"is_beta":false,"boss_relics":[{"not_picked":["SacredBark","Empty Cage"],"picked":"Tiny House"}],"items_purged_floors":[],"is_endless":false,"potions_floor_spawned":[3,4,16,18,19],"killed_by":"Sentry and Sphere","ascension_level":0}}