{"host":"lku4gktzilv18rfq","time":1609207334,"event":{"mods":["BaseMod","Downfall","Minty Spire (QoL Compilation)","Permanent Neow","StSLib"],"gold_per_floor":[99,119,138,138,48,48,48,48,6,37,37,67,67,78,88,88,88,88],"floor_reached":16,"playtime":1921,"items_purged":["Guardian:Strike_Guardian"],"score":135,"play_id":"fcd9fff1-7cc9-4a73-aa4e-9a5033a18c3c","local_time":"20201228180214","is_ascension_mode":true,"campfire_choices":[{"data":"Guardian:PrismaticBarrier","floor":1,"key":"SMITH"},{"data":"Guardian:TwinSlam","floor":6,"key":"SMITH"},{"data":"Guardian:WalkerClaw","floor":8,"key":"SMITH"},{"data":"Guardian:CurlUp","floor":13,"key":"SMITH"}],"circlet_count":0,"master_deck":["Guardian:Strike_Guardian","Guardian:Defend_Guardian","Guardian:Defend_Guardian","Guardian:Defend_Guardian","Guardian:Defend_Guardian","Guardian:CurlUp+1","Guardian:TwinSlam+1","Guardian:PrismaticBarrier+1","Guardian:WalkerClaw+1","Guardian:BaubleBeam","Guardian:Gem_Fragmented","Guardian:Gem_Red","Guardian:Gem_Lightblue"],"relics":["Guardian:ModeShifter","Blue Candle","Bottled Lightning","White Beast Statue","Juzu Bracelet"],"acts_visited":["Exordium"],"potions_floor_usage":[9,12,16,16,16],"damage_taken":[{"damage":6,"enemies":"Small Slimes","floor":2,"turns":4},{"damage":5,"enemies":"Jaw Worm","floor":3,"turns":4},{"damage":0,"enemies":"downfall:FleeingMerchant","floor":5,"turns":4},{"damage":4,"enemies":"downfall:FleeingMerchant","floor":9,"turns":4},{"damage":21,"enemies":"Lagavulin","floor":10,"turns":11},{"damage":15,"enemies":"3 Sentries","floor":12,"turns":10},{"damage":0,"enemies":"Cultist","floor":14,"turns":2},{"damage":0,"enemies":"3 Louse","floor":15,"turns":3},{"damage":28,"enemies":"downfall:Defect","floor":16,"turns":6}],"seed_played":"-4083662051249114270","potions_obtained":[{"floor":3,"key":"Slimebound:ThreeZeroPotion"},{"floor":10,"key":"Fruit Juice"},{"floor":12,"key":"LiquidBronze"},{"floor":14,"key":"LiquidBronze"},{"floor":15,"key":"Weak Potion"}],"is_trial":false,"path_per_floor":["R","M","M","?","$","R","T","R","$","E","T","E","R","M","M","B"],"character_chosen":"GUARDIAN","items_purchased":["Guardian:Gem_Cyan"],"campfire_rested":0,"item_purchase_floors":[9],"current_hp_per_floor":[72,66,61,61,61,61,61,61,57,36,36,26,26,26,26,0,0,0],"gold":88,"neow_bonus":"TRANSFORM_TWO_CARDS","is_daily":false,"chose_seed":false,"campfire_upgraded":4,"win_rate":0.0,"timestamp":1609207334,"path_taken":["R","M","M","?","$","R","T","R","$","E","?","E","R","M","M","BOSS"],"items_purchased_type":["Card"],"build_version":"2020-12-22","purchased_purges":1,"victory":false,"max_hp_per_floor":[72,72,72,72,72,72,72,72,72,72,72,77,77,77,77,77,77,77],"card_choices":[{"not_picked":["Guardian:PiercingHide","Guardian:Reroute"],"picked":"Guardian:Gem_Fragmented","floor":2},{"not_picked":["Guardian:Gem_Red","Guardian:CrystalBeam"],"picked":"Guardian:Gem_Purple","floor":3},{"not_picked":["Guardian:TemporalStrike","Guardian:Gem_Yellow"],"picked":"Guardian:BaubleBeam","floor":5},{"not_picked":["Guardian:EvasiveProtocol","Guardian:ArmoredProtocol"],"picked":"Guardian:Gem_Fragmented","floor":9},{"not_picked":["Guardian:Recover","Guardian:TimeBomb"],"picked":"Guardian:Gem_Crimson","floor":10},{"not_picked":["Guardian:Emergency","Guardian:PiercingHide"],"picked":"Guardian:Gem_Green","floor":12},{"not_picked":["Guardian:Gem_Crimson","Guardian:RollAttack"],"picked":"Guardian:Gem_Red","floor":14},{"not_picked":["Guardian:GuardianWhirl","Guardian:Suspension"],"picked":"Guardian:Gem_Lightblue","floor":15}],"player_experience":944762,"relics_obtained":[{"floor":7,"key":"Blue Candle"},{"floor":10,"key":"Bottled Lightning"},{"floor":11,"key":"White Beast Statue"},{"floor":12,"key":"Juzu Bracelet"}],"event_choices":[],"is_beta":false,"boss_relics":[],"items_purged_floors":[5],"is_endless":false,"potions_floor_spawned":[3,10,12,14,15],"killed_by":"downfall:Defect","ascension_level":5}}