{"host":"qdfumeom6htv8yxl","time":1609200848,"event":{"mods":["AchievementEnabler","BaseMod","Block Reminder","Minty Spire (QoL Compilation)","Quick Restart","Relic Stats"],"gold_per_floor":[109,120,41,41,41,41,76,76,76,93,93,122,138,154,154,231,231,246,171,171,223,223,256,256,284,284,297,297,315,315,348,348,348,348],"floor_reached":33,"playtime":2384,"items_purged":["Strike_G"],"score":560,"play_id":"0a193175-825f-4915-8b6e-8bb1845aa891","local_time":"20201228181408","is_ascension_mode":true,"campfire_choices":[{"data":"Caltrops","floor":6,"key":"SMITH"},{"floor":8,"key":"REST"},{"data":"Terror","floor":15,"key":"SMITH"},{"data":"Noxious Fumes","floor":24,"key":"SMITH"},{"floor":28,"key":"REST"},{"floor":30,"key":"REST"},{"data":"Choke","floor":32,"key":"SMITH"}],"circlet_count":0,"master_deck":["AscendersBane","Strike_G","Strike_G","Strike_G","Strike_G","Defend_G","Defend_G","Defend_G+1","Defend_G+1","Defend_G","Survivor","Neutralize","Quick Slash","Caltrops+1","Footwork+1","Venomology","Poisoned Stab","Blade Dance","Crippling Poison","Terror+1","Corpse Explosion","Noxious Fumes+1","Catalyst","Leg Sweep","Choke+1"],"relics":["Ring of the Snake","FossilizedHelix","Orichalcum","Ninja Scroll","TungstenRod","Snecko Eye","Bag of Marbles","Art of War","Mercury Hourglass","Bottled Flame","Ornamental Fan"],"acts_visited":["Exordium","TheCity"],"potions_floor_usage":[2,7,13,16,16,18,18,18,23,23,25,29,31],"damage_taken":[{"damage":2,"enemies":"Small Slimes","floor":1,"turns":7},{"damage":0,"enemies":"Cultist","floor":2,"turns":6},{"damage":21,"enemies":"3 Sentries","floor":7,"turns":10},{"damage":0,"enemies":"2 Louse","floor":10,"turns":4},{"damage":21,"enemies":"Gremlin Nob","floor":12,"turns":4},{"damage":0,"enemies":"Exordium Wildlife","floor":13,"turns":2},{"damage":0,"enemies":"Exordium Thugs","floor":14,"turns":3},{"damage":15,"enemies":"Slime Boss","floor":16,"turns":12},{"damage":0,"enemies":"Spheric Guardian","floor":18,"turns":3},{"damage":9,"enemies":"Slavers","floor":23,"turns":3},{"damage":36,"enemies":"Gremlin Leader","floor":25,"turns":7},{"damage":0,"enemies":"3 Byrds","floor":27,"turns":1},{"damage":0,"enemies":"3 Cultists","floor":29,"turns":4},{"damage":12,"enemies":"Slavers","floor":31,"turns":4},{"damage":0,"enemies":"Automaton","floor":33,"turns":2}],"seed_played":"4515837874304635542","potions_obtained":[{"floor":1,"key":"EntropicBrew"},{"floor":13,"key":"Block Potion"},{"floor":14,"key":"GamblersBrew"},{"floor":18,"key":"Poison Potion"},{"floor":27,"key":"CunningPotion"},{"floor":29,"key":"Fire Potion"}],"is_trial":false,"path_per_floor":["M","M","$","?","?","R","E","R","T","M","?","E","M","M","R","B",null,"M","$","?","T","?","E","R","E","T","M","R","M","R","E","R","B"],"character_chosen":"THE_SILENT","items_purchased":["Footwork"],"campfire_rested":3,"item_purchase_floors":[3],"current_hp_per_floor":[57,57,57,39,39,39,33,51,51,51,56,35,35,35,35,20,54,54,54,54,54,54,45,45,9,9,9,28,28,47,35,35,35,35],"gold":348,"neow_bonus":"ONE_RARE_RELIC","is_daily":false,"chose_seed":false,"campfire_upgraded":4,"win_rate":0.0,"timestamp":1609200848,"path_taken":["M","M","$","?","?","R","E","R","T","?","?","E","M","M","R","BOSS","M","$","?","?","?","E","R","E","T","M","R","?","R","E","R","BOSS"],"items_purchased_type":["Card"],"build_version":"2020-12-22","purchased_purges":1,"victory":false,"max_hp_per_floor":[60,60,60,60,60,60,60,60,60,60,65,65,65,65,65,65,65,65,65,65,65,65,65,65,65,65,65,65,65,65,65,65,65,65],"relic_stats":{"counters":[15,72],"Ornamental Fan":[4],"Snecko Eye":[42,43,43,39],"Art of War":[3],"Orichalcum":[162],"obtain_stats":[{"Bottled Flame":26,"Ninja Scroll":9,"Ornamental Fan":31,"Snecko Eye":17,"Bag of Marbles":21,"Art of War":23,"Orichalcum":7,"FossilizedHelix":0,"TungstenRod":12,"Ring of the Snake":0,"Mercury Hourglass":25},{"Bottled Flame":11,"Ninja Scroll":3,"Ornamental Fan":14,"Snecko Eye":8,"Bag of Marbles":9,"Art of War":10,"Orichalcum":3,"FossilizedHelix":0,"TungstenRod":5,"Ring of the Snake":0,"Mercury Hourglass":11},{"Bottled Flame":61,"Ninja Scroll":23,"Ornamental Fan":70,"Snecko Eye":48,"Bag of Marbles":51,"Art of War":54,"Orichalcum":23,"FossilizedHelix":0,"TungstenRod":31,"Ring of the Snake":0,"Mercury Hourglass":61}],"TungstenRod":11,"Ring of the Snake":[16],"Mercury Hourglass":[78]},"card_choices":[{"not_picked":["Calculated Gamble","Dagger Throw"],"picked":"Quick Slash","floor":1},{"not_picked":["Dagger Spray","Infinite Blades"],"picked":"Caltrops","floor":2},{"not_picked":["Underhanded Strike","Deflect"],"picked":"Venomology","floor":7},{"not_picked":["Heel Hook","Underhanded Strike"],"picked":"Poisoned Stab","floor":10},{"not_picked":["Eviscerate","Dodge and Roll"],"picked":"Blade Dance","floor":12},{"not_picked":["Backstab","Quick Slash"],"picked":"Crippling Poison","floor":13},{"not_picked":["Slice","Quick Slash"],"picked":"Terror","floor":14},{"not_picked":["Malaise","A Thousand Cuts"],"picked":"Corpse Explosion","floor":16},{"not_picked":["Dagger Throw","Sucker Punch","Deflect+1"],"picked":"SKIP","floor":18},{"not_picked":["Reflex+1","Deflect","Flechettes"],"picked":"SKIP","floor":23},{"not_picked":["Eviscerate","Dash"],"picked":"Catalyst","floor":25},{"not_picked":["Dagger Spray+1","Acrobatics+1"],"picked":"Leg Sweep","floor":27},{"not_picked":["Blade Dance","Caltrops","Backstab"],"picked":"SKIP","floor":29},{"not_picked":["Caltrops","Quick Slash"],"picked":"Choke","floor":31}],"player_experience":1594314,"relics_obtained":[{"floor":7,"key":"Orichalcum"},{"floor":9,"key":"Ninja Scroll"},{"floor":12,"key":"TungstenRod"},{"floor":21,"key":"Bag of Marbles"},{"floor":23,"key":"Art of War"},{"floor":25,"key":"Mercury Hourglass"},{"floor":26,"key":"Bottled Flame"},{"floor":31,"key":"Ornamental Fan"}],"event_choices":[{"damage_healed":0,"gold_gain":0,"player_choice":"Entered Light","damage_taken":18,"max_hp_gain":0,"max_hp_loss":0,"event_name":"Shining Light","floor":4,"gold_loss":0,"cards_upgraded":["Defend_G","Defend_G"]},{"damage_healed":0,"gold_gain":0,"player_choice":"Forge","damage_taken":0,"max_hp_gain":0,"max_hp_loss":0,"event_name":"Accursed Blacksmith","floor":5,"gold_loss":0,"cards_upgraded":["Footwork"]},{"damage_healed":0,"gold_gain":0,"player_choice":"Donut","damage_taken":0,"max_hp_gain":5,"max_hp_loss":0,"event_name":"Big Fish","floor":11,"gold_loss":0},{"damage_healed":0,"gold_gain":0,"player_choice":"Read","damage_taken":0,"max_hp_gain":0,"max_hp_loss":0,"event_name":"The Library","floor":20,"gold_loss":0,"cards_obtained":["Noxious Fumes"]},{"damage_healed":0,"gold_gain":0,"player_choice":"Ignored","damage_taken":0,"max_hp_gain":0,"max_hp_loss":0,"event_name":"Ghosts","floor":22,"gold_loss":0}],"is_beta":false,"boss_relics":[{"not_picked":["Philosopher\u0027s Stone","Ring of the Serpent"],"picked":"Snecko Eye"}],"items_purged_floors":[19],"is_endless":false,"potions_floor_spawned":[1,13,14,18,27,29],"killed_by":"Automaton","ascension_level":16}}