{"host":"sav7uxregyirlf69","time":1609243721,"event":{"mods":["AchievementEnabler","BaseMod","Colored Map","DeckTracker","Keyboard Shortcuts","Minty Spire (QoL Compilation)","READ ME - Guardian Mod","StSLib","SuperFastMode"],"gold_per_floor":[114,39,39,114,127,127,144,159,241,269,280,280,312,328,328,328,328],"floor_reached":16,"playtime":283,"items_purged":[],"score":224,"play_id":"3859b6e6-1ab6-4544-b79c-147aee1823db","local_time":"20201229210841","is_ascension_mode":true,"campfire_choices":[{"data":"Masterful Stab","floor":6,"key":"SMITH"},{"floor":12,"key":"REST"},{"data":"Leg Sweep","floor":15,"key":"SMITH"}],"circlet_count":0,"master_deck":["AscendersBane","Strike_G","Strike_G","Strike_G","Strike_G","Defend_G","Defend_G+1","Defend_G","Defend_G","Defend_G","Survivor+1","Neutralize","Adrenaline","Masterful Stab+1","Deadly Poison","Leg Sweep+1","Adrenaline","Heel Hook"],"relics":["Ring of the Snake","War Paint","PreservedInsect"],"acts_visited":["Exordium"],"potions_floor_usage":[10,13,16,16],"damage_taken":[{"damage":1,"enemies":"Cultist","floor":1,"turns":4},{"damage":0,"enemies":"2 Louse","floor":5,"turns":3},{"damage":0,"enemies":"Jaw Worm","floor":7,"turns":3},{"damage":1,"enemies":"2 Fungi Beasts","floor":8,"turns":3},{"damage":20,"enemies":"Gremlin Nob","floor":10,"turns":4},{"damage":1,"enemies":"Exordium Wildlife","floor":11,"turns":4},{"damage":13,"enemies":"Lagavulin","floor":13,"turns":6},{"damage":0,"enemies":"Blue Slaver","floor":14,"turns":3},{"damage":19,"enemies":"Hexaghost","floor":16,"turns":11}],"seed_played":"-5877832701502411903","potions_obtained":[{"floor":5,"key":"Block Potion"},{"floor":7,"key":"SneckoOil"},{"floor":11,"key":"SteroidPotion"},{"floor":14,"key":"FearPotion"}],"is_trial":false,"path_per_floor":["M","?","$","?","M","R","M","M","T","E","M","R","E","M","R","B"],"character_chosen":"THE_SILENT","items_purchased":[],"campfire_rested":1,"item_purchase_floors":[],"current_hp_per_floor":[43,43,43,32,32,32,32,31,31,11,10,29,16,16,16,0,0],"gold":328,"neow_bonus":"THREE_RARE_CARDS","is_daily":false,"chose_seed":false,"campfire_upgraded":2,"win_rate":0.0,"timestamp":1609243721,"path_taken":["M","?","$","?","M","R","M","M","T","E","M","R","E","M","R","BOSS"],"items_purchased_type":[],"build_version":"2020-12-22","purchased_purges":0,"victory":false,"max_hp_per_floor":[66,66,66,66,66,66,66,66,66,66,66,66,66,66,66,66,66],"card_choices":[{"not_picked":["Venomology","Envenom"],"picked":"Adrenaline","floor":0},{"not_picked":["Bane","Deflect"],"picked":"Masterful Stab","floor":1},{"not_picked":["Distraction","Quick Slash"],"picked":"Deadly Poison","floor":5},{"not_picked":["Accuracy","Quick Slash","Poisoned Stab"],"picked":"SKIP","floor":7},{"not_picked":["Quick Slash","Outmaneuver","Blade Dance"],"picked":"SKIP","floor":8},{"not_picked":["Poisoned Stab","Underhanded Strike"],"picked":"Leg Sweep","floor":10},{"not_picked":["Prepared","Concentrate"],"picked":"Adrenaline","floor":11},{"not_picked":["Blur","Dodge and Roll"],"picked":"Heel Hook","floor":13},{"not_picked":["Dagger Throw","Prepared","Concentrate"],"picked":"SKIP","floor":14}],"player_experience":1052240,"relics_obtained":[{"floor":10,"key":"War Paint"},{"floor":13,"key":"PreservedInsect"}],"event_choices":[{"cards_removed":["Strike_G"],"damage_healed":0,"gold_gain":0,"player_choice":"Card Removal","damage_taken":0,"max_hp_gain":0,"max_hp_loss":0,"event_name":"The Cleric","floor":2,"gold_loss":75},{"damage_healed":0,"gold_gain":75,"player_choice":"Gather Gold","damage_taken":11,"max_hp_gain":0,"max_hp_loss":0,"event_name":"World of Goop","floor":4,"gold_loss":0}],"is_beta":false,"boss_relics":[],"items_purged_floors":[],"is_endless":false,"potions_floor_spawned":[5,7,11,14],"killed_by":"Hexaghost","ascension_level":20}}