{"host":"4tnjxquzd1sn7hrw","time":1609233280,"event":{"mods":["BaseMod","Colored Map","Downfall","Hubris","Minty Spire (QoL Compilation)","Quick Restart","StSLib"],"gold_per_floor":[99,116,116,116,133,133,187,337,262,291,306,337,337,355,379,379,379],"floor_reached":16,"playtime":638,"items_purged":[],"score":116,"play_id":"dff3b852-5359-40c3-863c-cd189eac06bd","local_time":"20201229181440","is_ascension_mode":true,"campfire_choices":[{"floor":1,"key":"RECALL"},{"data":"sneckomod:TrashToTreasure","floor":9,"key":"SMITH"},{"data":"sneckomod:PureSnecko","floor":13,"key":"SMITH"}],"circlet_count":0,"master_deck":["sneckomod:Strike","sneckomod:Strike","sneckomod:Strike","sneckomod:Defend","sneckomod:Defend+1","sneckomod:Defend","sneckomod:TailWhip","sneckomod:SnekBite+1","sneckomod:Unknown","sneckomod:Unknown","sneckomod:QuickBite+1","sneckomod:TrashToTreasure+1","Slimebound:Icky","sneckomod:UnknownEthereal","sneckomod:PureSnecko+1","sneckomod:UnknownUncommonSkill","sneckomod:UnknownBlock"],"relics":["sneckomod:SneckoSoul","Singing Bowl","Pen Nib","downfall:HeartBlessingRed","Bottled Flame","Regal Pillow"],"acts_visited":["Exordium"],"potions_floor_usage":[10,10,15,16,16],"damage_taken":[{"damage":6,"enemies":"Jaw Worm","floor":2,"turns":3},{"damage":1,"enemies":"2 Louse","floor":5,"turns":3},{"damage":17,"enemies":"3 Sentries","floor":10,"turns":5},{"damage":17,"enemies":"Small Slimes","floor":11,"turns":3},{"damage":24,"enemies":"Lagavulin","floor":12,"turns":3},{"damage":9,"enemies":"2 Fungi Beasts","floor":14,"turns":3},{"damage":12,"enemies":"Exordium Wildlife","floor":15,"turns":5},{"damage":18,"enemies":"downfall:Silent","floor":16,"turns":4}],"seed_played":"-2752499734306999047","potions_obtained":[{"floor":2,"key":"champ:CounterPotion"},{"floor":5,"key":"Regen Potion"},{"floor":11,"key":"SpeedPotion"},{"floor":12,"key":"SkillPotion"},{"floor":14,"key":"SkillPotion"}],"is_trial":false,"path_per_floor":["R","M","?","?","M","?","T","?","R","E","M","E","R","M","M","B"],"character_chosen":"THE_SNECKO","items_purchased":[],"campfire_rested":0,"item_purchase_floors":[],"current_hp_per_floor":[90,84,84,89,88,76,76,76,76,75,59,35,35,27,16,0,0],"gold":379,"neow_bonus":"UPGRADE_CARD","is_daily":false,"chose_seed":false,"campfire_upgraded":2,"win_rate":0.0,"timestamp":1609233280,"path_taken":["R","M","?","?","M","?","T","?","R","E","M","E","R","M","M","BOSS"],"items_purchased_type":[],"build_version":"2020-12-22","purchased_purges":0,"victory":false,"max_hp_per_floor":[90,90,90,95,95,95,95,95,95,97,98,98,98,99,100,100,100],"card_choices":[{"not_picked":["sneckomod:WideSting","sneckomod:UnknownClassPURPLE"],"picked":"sneckomod:QuickBite","floor":2},{"not_picked":["sneckomod:UnknownClassGUARDIAN","sneckomod:UnknownWeak"],"picked":"sneckomod:TrashToTreasure","floor":5},{"not_picked":["sneckomod:SerpentMind","sneckomod:IronFang","sneckomod:DiceBlock"],"picked":"Singing Bowl","floor":10},{"not_picked":["sneckomod:UnknownUncommonAttack","sneckomod:UnknownClassPURPLE"],"picked":"sneckomod:UnknownEthereal","floor":11},{"not_picked":["sneckomod:UnknownClassBLUE","sneckomod:UnknownCommonSkill"],"picked":"sneckomod:PureSnecko","floor":12},{"not_picked":["sneckomod:SnekBeam","sneckomod:DiceBlock"],"picked":"sneckomod:UnknownUncommonSkill","floor":14},{"not_picked":["sneckomod:QuickMove","sneckomod:RainOfDice"],"picked":"sneckomod:UnknownBlock","floor":15}],"player_experience":528836,"relics_obtained":[{"floor":7,"key":"Pen Nib"},{"floor":10,"key":"Bottled Flame"},{"floor":12,"key":"Regal Pillow"}],"event_choices":[{"damage_healed":0,"gold_gain":0,"player_choice":"Donut","damage_taken":0,"max_hp_gain":5,"max_hp_loss":0,"event_name":"Big Fish","floor":4,"gold_loss":0},{"damage_healed":0,"gold_gain":0,"player_choice":"Success","damage_taken":12,"relics_obtained":["Singing Bowl"],"max_hp_gain":0,"max_hp_loss":0,"event_name":"Scrap Ooze","floor":6,"gold_loss":0}],"is_beta":false,"boss_relics":[],"items_purged_floors":[],"is_endless":false,"potions_floor_spawned":[2,5,11,12,14],"killed_by":"downfall:Silent","ascension_level":1}}