{"host":"qc268ltokmxwqyrx","time":1609283580,"event":{"mods":["BaseMod","Colored Map","Colored Powertips","Minty Spire (QoL Compilation)","Relic Stats","Slay the Relics Exporter","StSLib","ojb\u0027s Info Mod"],"gold_per_floor":[109,26,26,45,57,82,82,97,149,179,198,273,306,323,323,394,394,406,144,161,8,28,28,59,59,59,74,105,119,119,479,479,551,551,570,282,327,327,352,380,380,399,399,429,440,450,481,494,494,494,494,494,494,50,79,79,79],"floor_reached":56,"playtime":7263,"items_purged":["Shame","Strike_G","Strike_G","Strike_G"],"score":2319,"play_id":"1e4f85ab-f3c6-45d3-b141-123ff70abd8e","local_time":"20201229171300","is_ascension_mode":true,"campfire_choices":[{"data":"Cloak And Dagger","floor":7.0,"key":"SMITH"},{"data":"Cloak And Dagger","floor":15.0,"key":"SMITH"},{"data":"Apotheosis","floor":23.0,"key":"SMITH"},{"data":"After Image","floor":30.0,"key":"SMITH"},{"data":"Accuracy","floor":32.0,"key":"SMITH"},{"data":"After Image","floor":41.0,"key":"SMITH"},{"floor":49.0,"key":"RECALL"},{"data":"Calculated Gamble","floor":53.0,"key":"SMITH"}],"circlet_count":0,"master_deck":["AscendersBane","Strike_G","Defend_G","Defend_G","Defend_G","Defend_G","Defend_G","Survivor","Neutralize","Choke","Dagger Spray","After Image+1","Neutralize","Acrobatics","Cloak And Dagger+1","Endless Agony","Cloak And Dagger+1","Blade Dance","Acrobatics","Burst","Malaise","Distraction+1","Apotheosis+1","Terror","Blade Dance","Concentrate+1","Accuracy+1","PiercingWail","Phantasmal Killer","PiercingWail","Acrobatics","After Image+1","Acrobatics+1","Calculated Gamble+1","Blade Dance+1","Tactician","Well Laid Plans","Thinking Ahead"],"relics":["Ring of the Snake","NeowsBlessing","Shuriken","Bag of Preparation","Lantern","Eternal Feather","Philosopher\u0027s Stone","Letter Opener","Ice Cream","PreservedInsect","HoveringKite","Sling","Calipers","Girya","Pantograph","Lizard Tail","Regal Pillow","StrikeDummy"],"acts_visited":["Exordium","TheCity","TheBeyond","TheEnding"],"potions_floor_usage":[],"damage_taken":[{"damage":0.0,"enemies":"Cultist","floor":1.0,"turns":1.0},{"damage":0.0,"enemies":"Jaw Worm","floor":4.0,"turns":1.0},{"damage":0.0,"enemies":"2 Louse","floor":5.0,"turns":1.0},{"damage":21.0,"enemies":"3 Sentries","floor":6.0,"turns":8.0},{"damage":0.0,"enemies":"2 Fungi Beasts","floor":8.0,"turns":2.0},{"damage":0.0,"enemies":"Gremlin Nob","floor":10.0,"turns":2.0},{"damage":0.0,"enemies":"Lots of Slimes","floor":11.0,"turns":1.0},{"damage":3.0,"enemies":"3 Sentries","floor":13.0,"turns":4.0},{"damage":0.0,"enemies":"Large Slime","floor":14.0,"turns":4.0},{"damage":13.0,"enemies":"Hexaghost","floor":16.0,"turns":9.0},{"damage":0.0,"enemies":"2 Thieves","floor":18.0,"turns":2.0},{"damage":0.0,"enemies":"Spheric Guardian","floor":20.0,"turns":1.0},{"damage":8.0,"enemies":"Centurion and Healer","floor":22.0,"turns":5.0},{"damage":2.0,"enemies":"Slavers","floor":24.0,"turns":4.0},{"damage":0.0,"enemies":"Chosen and Byrds","floor":27.0,"turns":2.0},{"damage":12.0,"enemies":"Book of Stabbing","floor":28.0,"turns":4.0},{"damage":0.0,"enemies":"3 Cultists","floor":29.0,"turns":2.0},{"damage":10.0,"enemies":"Collector","floor":33.0,"turns":4.0},{"damage":0.0,"enemies":"3 Shapes","floor":35.0,"turns":1.0},{"damage":0.0,"enemies":"2 Orb Walkers","floor":37.0,"turns":2.0},{"damage":0.0,"enemies":"Mind Bloom Boss Battle","floor":39.0,"turns":2.0},{"damage":26.0,"enemies":"Reptomancer","floor":40.0,"turns":3.0},{"damage":0.0,"enemies":"Orb Walker","floor":42.0,"turns":2.0},{"damage":0.0,"enemies":"Giant Head","floor":44.0,"turns":3.0},{"damage":0.0,"enemies":"3 Darklings","floor":45.0,"turns":4.0},{"damage":0.0,"enemies":"Writhing Mass","floor":46.0,"turns":4.0},{"damage":0.0,"enemies":"Nemesis","floor":47.0,"turns":3.0},{"damage":0.0,"enemies":"Maw","floor":48.0,"turns":4.0},{"damage":4.0,"enemies":"Donu and Deca","floor":50.0,"turns":7.0},{"damage":0.0,"enemies":"Awakened One","floor":51.0,"turns":6.0},{"damage":65.0,"enemies":"Shield and Spear","floor":55.0,"turns":4.0},{"damage":83,"enemies":"The Heart","floor":56,"turns":6}],"seed_played":"-1713527744244840278","potions_obtained":[{"floor":1.0,"key":"LiquidBronze"},{"floor":6.0,"key":"CunningPotion"},{"floor":10.0,"key":"ColorlessPotion"},{"floor":14.0,"key":"Block Potion"},{"floor":16.0,"key":"FearPotion"},{"floor":24.0,"key":"PowerPotion"},{"floor":28.0,"key":"ColorlessPotion"},{"floor":40.0,"key":"SpeedPotion"},{"floor":42.0,"key":"CunningPotion"},{"floor":48.0,"key":"Energy Potion"},{"floor":55.0,"key":"Weak Potion"}],"is_trial":false,"path_per_floor":["M","$","?","M","M","E","R","M","T","E","M","?","E","M","R","B",null,"M","$","M","$","M","R","E","?","T","M","E","M","R","?","R","B",null,"M","$","?","?","?","E","R","M","T","E","M","M","E","M","R","B","B",null,"R","$","E","B"],"character_chosen":"THE_SILENT","items_purchased":["Dagger Spray","Fire Potion","Apotheosis","Strength Potion","Sling","Well Laid Plans","Thinking Ahead"],"campfire_rested":0,"item_purchase_floors":[2,2,19,21,36,54,54],"current_hp_per_floor":[59,59,59,59,59,38,38,38,38,38,38,27,24,24,39,26,56,56,56,56,56,48,63,61,61,61,61,49,49,66,30,48,38,59,59,59,59,59,59,33,51,51,51,51,51,51,51,51,66,62,66,66,66,66,1,0,0],"gold":79,"neow_bonus":"THREE_ENEMY_KILL","is_daily":false,"chose_seed":false,"campfire_upgraded":7,"win_rate":0.0,"timestamp":1609283580,"path_taken":["M","?","?","M","?","E","R","M","T","E","M","?","E","M","R","BOSS","M","$","M","$","M","R","E","?","T","M","E","M","R","?","R","BOSS","M","?","?","?","?","E","R","M","T","E","?","M","E","M","R","BOSS","BOSS","R","$","E","BOSS"],"items_purchased_type":["Card","Potion","Card","Potion","Relic","Card","Card"],"build_version":"2020-12-22","purchased_purges":4,"victory":false,"max_hp_per_floor":[66,66,66,66,66,66,66,66,66,66,66,66,66,66,66,66,66,66,66,66,66,66,66,66,66,66,66,66,66,66,66,66,66,66,66,66,66,66,66,66,66,66,66,66,66,66,66,66,66,66,66,66,66,66,66,66,66],"relic_stats":{"Lizard Tail":33,"Regal Pillow":0,"counters":[32,108],"Shuriken":[129],"Pantograph":29,"HoveringKite":[29],"Eternal Feather":98,"PreservedInsect":318,"Bag of Preparation":[54],"Letter Opener":[531],"obtain_stats":[{"Ice Cream":26,"Girya":39,"Lantern":10,"Regal Pillow":47,"Calipers":37,"NeowsBlessing":0,"HoveringKite":34,"Eternal Feather":13,"PreservedInsect":28,"Bag of Preparation":9,"Letter Opener":24,"Sling":36,"Lizard Tail":44,"Shuriken":6,"Pantograph":40,"Philosopher\u0027s Stone":17,"StrikeDummy":55,"Ring of the Snake":0},{"Ice Cream":14,"Girya":21,"Lantern":6,"Regal Pillow":27,"Calipers":20,"NeowsBlessing":0,"HoveringKite":18,"Eternal Feather":8,"PreservedInsect":16,"Bag of Preparation":5,"Letter Opener":14,"Sling":19,"Lizard Tail":24,"Shuriken":4,"Pantograph":22,"Philosopher\u0027s Stone":10,"StrikeDummy":31,"Ring of the Snake":0},{"Ice Cream":45,"Girya":62,"Lantern":15,"Regal Pillow":81,"Calipers":60,"NeowsBlessing":0,"HoveringKite":57,"Eternal Feather":20,"PreservedInsect":51,"Bag of Preparation":13,"Letter Opener":45,"Sling":58,"Lizard Tail":70,"Shuriken":11,"Pantograph":65,"Philosopher\u0027s Stone":33,"StrikeDummy":102,"Ring of the Snake":0}],"Ring of the Snake":[65]},"card_choices":[{"not_picked":["All Out Attack","Cloak And Dagger"],"picked":"Choke","floor":1.0},{"not_picked":["Flying Knee","Well Laid Plans"],"picked":"Acrobatics","floor":4.0},{"not_picked":["Acrobatics","Distraction","Infinite Blades"],"picked":"SKIP","floor":5.0},{"not_picked":["Backflip","Concentrate"],"picked":"Cloak And Dagger","floor":6.0},{"not_picked":["Underhanded Strike","Setup"],"picked":"Endless Agony","floor":8.0},{"not_picked":["Bullet Time","Setup"],"picked":"Cloak And Dagger","floor":10.0},{"not_picked":["Flechettes","Underhanded Strike"],"picked":"Blade Dance","floor":11.0},{"not_picked":["All Out Attack","Bane"],"picked":"Acrobatics","floor":13.0},{"not_picked":["Sucker Punch","Prepared"],"picked":"Burst","floor":14.0},{"not_picked":["A Thousand Cuts","Burst"],"picked":"Malaise","floor":16.0},{"not_picked":["Bane","Flying Knee"],"picked":"Distraction+1","floor":18.0},{"not_picked":["Outmaneuver","Backflip","Heel Hook"],"picked":"SKIP","floor":20.0},{"not_picked":["Heel Hook","Dagger Throw"],"picked":"Terror","floor":22.0},{"not_picked":["Acrobatics","All Out Attack"],"picked":"Blade Dance","floor":24.0},{"not_picked":["Cloak And Dagger","Dodge and Roll"],"picked":"Concentrate+1","floor":27.0},{"not_picked":["Poisoned Stab","All Out Attack"],"picked":"Accuracy","floor":28.0},{"not_picked":["Crippling Poison","Skewer"],"picked":"PiercingWail","floor":29.0},{"not_picked":["A Thousand Cuts","Corpse Explosion"],"picked":"Phantasmal Killer","floor":33.0},{"not_picked":["Footwork","Blade Dance"],"picked":"PiercingWail","floor":35.0},{"not_picked":["Deadly Poison","Quick Slash+1"],"picked":"Acrobatics","floor":37.0},{"not_picked":["Sucker Punch+1","Underhanded Strike+1"],"picked":"After Image","floor":40.0},{"not_picked":["Distraction","Riddle With Holes+1"],"picked":"Acrobatics+1","floor":42.0},{"not_picked":["Blade Dance","Dagger Throw"],"picked":"Calculated Gamble","floor":44.0},{"not_picked":["PiercingWail","Deflect"],"picked":"Blade Dance+1","floor":45.0},{"not_picked":["Accuracy","Slice"],"picked":"Tactician","floor":46.0},{"not_picked":["Predator","Setup+1","Blade Dance"],"picked":"SKIP","floor":47.0},{"not_picked":["Endless Agony","Slice","Caltrops"],"picked":"SKIP","floor":48.0},{"not_picked":["Slice+1","Envenom","Cloak And Dagger"],"picked":"SKIP","floor":55.0}],"player_experience":1749137,"relics_obtained":[{"floor":6.0,"key":"Shuriken"},{"floor":9.0,"key":"Bag of Preparation"},{"floor":10.0,"key":"Lantern"},{"floor":13.0,"key":"Eternal Feather"},{"floor":24.0,"key":"Letter Opener"},{"floor":26.0,"key":"Ice Cream"},{"floor":28.0,"key":"PreservedInsect"},{"floor":37.0,"key":"Calipers"},{"floor":39.0,"key":"Girya"},{"floor":40.0,"key":"Pantograph"},{"floor":44.0,"key":"Lizard Tail"},{"floor":47.0,"key":"Regal Pillow"},{"floor":55.0,"key":"StrikeDummy"}],"event_choices":[{"damage_healed":0.0,"max_hp_gain":0.0,"max_hp_loss":0.0,"gold_gain":0.0,"event_name":"Match and Keep!","player_choice":"3 cards matched","floor":3.0,"gold_loss":0.0,"damage_taken":0.0,"cards_obtained":["After Image","Neutralize","Shame"]},{"damage_healed":0.0,"max_hp_gain":0.0,"max_hp_loss":0.0,"gold_gain":75.0,"event_name":"World of Goop","player_choice":"Gather Gold","floor":12.0,"gold_loss":0.0,"damage_taken":11.0},{"damage_healed":0.0,"max_hp_gain":0.0,"max_hp_loss":0.0,"gold_gain":0.0,"event_name":"Vampires","player_choice":"Ignored","floor":25.0,"gold_loss":0.0,"damage_taken":0.0},{"damage_healed":0.0,"max_hp_gain":0.0,"max_hp_loss":0.0,"gold_gain":360.0,"event_name":"Knowing Skull","player_choice":"GOLD GOLD GOLD GOLD ","floor":31.0,"potions_obtained":[],"gold_loss":0.0,"damage_taken":36.0,"cards_obtained":[]},{"damage_healed":0.0,"max_hp_gain":0.0,"max_hp_loss":0.0,"gold_gain":0.0,"event_name":"Mysterious Sphere","player_choice":"Fight","floor":37.0,"gold_loss":0.0,"damage_taken":0.0},{"cards_removed":["Strike_G"],"damage_healed":0.0,"max_hp_gain":0.0,"max_hp_loss":0.0,"gold_gain":0.0,"event_name":"Falling","player_choice":"Removed Attack","floor":38.0,"gold_loss":0.0,"damage_taken":0.0},{"damage_healed":0.0,"max_hp_gain":0.0,"max_hp_loss":0.0,"gold_gain":0.0,"event_name":"MindBloom","player_choice":"Fight","floor":39.0,"gold_loss":0.0,"damage_taken":0.0}],"is_beta":false,"boss_relics":[{"not_picked":["Ectoplasm","Ring of the Serpent"],"picked":"Philosopher\u0027s Stone"},{"not_picked":["Snecko Eye","Empty Cage"],"picked":"HoveringKite"}],"items_purged_floors":[19,21,36,54],"is_endless":false,"potions_floor_spawned":[1,6,10,14,16,24,28,29,40,42,48,55],"killed_by":"The Heart","ascension_level":20}}