{"host":"eocn4tduyrehyy81","time":1609280253,"event":{"mods":["AchievementEnabler","Aspiration","BaseMod","BetterRewards","Custom Start","Minty Spire (QoL Compilation)","Replay The Spire","StSLib"],"gold_per_floor":[109,184,184,201,201,201,201,16,16,16,29,29,84,103,103,207,207,223,223,223,36,36,36,55,55,128,159,159,159,110,125,125,125,125],"floor_reached":33,"playtime":1781,"items_purged":[],"score":349,"play_id":"fd630cde-e273-40b2-bf51-bd82163004ea","local_time":"20201229161733","is_ascension_mode":false,"campfire_choices":[{"data":"PathToVictory","floor":6,"key":"SMITH"},{"data":"Flying Knee","floor":10,"key":"SMITH"},{"floor":15,"key":"REST"},{"floor":23,"key":"REST"},{"data":"DeusExMachina","floor":25,"key":"SMITH"},{"floor":28,"key":"REST"},{"data":"TalkToTheHand","floor":32,"key":"SMITH"}],"circlet_count":0,"master_deck":["Eruption","Vigilance","Vengeance","TalkToTheHand+1","TalkToTheHand","PathToVictory+1","Flying Knee+1","Doubt","CarveReality+1","Replay:ManipulateFuture","CrushJoints+1","Dagger Throw+1","DeusExMachina+1","Sanctity","DeceiveReality","Swivel","WreathOfFlame","Replay:ManipulateFuture","BattleHymn","Worship","Swivel","Wallop+1","Consecrate+1","PathToVictory+1","ReplayTheSpireMod:Doomed","SashWhip+1","CrushJoints+1","ThirdEye","CutThroughFate+1"],"relics":["Anchor","Replay:M_StaffOfTheSnake","ReplayTheSpireMod:CursedCoin","Molten Egg 2","Onion Ring","Gremlin Horn","Pandora\u0027s Box","Medical Kit","WingedGreaves","Eternal Feather","Replay:Mystery Machine"],"acts_visited":["Exordium","TheCity"],"potions_floor_usage":[14,16,16,27,27,33],"damage_taken":[{"damage":0,"enemies":"2 Louse","floor":1,"turns":2},{"damage":0,"enemies":"Small Slimes","floor":4,"turns":3},{"damage":0,"enemies":"Jaw Worm","floor":11,"turns":2},{"damage":0,"enemies":"Exordium Thugs","floor":14,"turns":2},{"damage":40,"enemies":"Hexaghost","floor":16,"turns":11},{"damage":12,"enemies":"Shell Parasite","floor":18,"turns":4},{"damage":10,"enemies":"2 Thieves","floor":24,"turns":4},{"damage":25,"enemies":"Book of Stabbing","floor":27,"turns":5},{"damage":8,"enemies":"Shelled Parasite and Fungi","floor":31,"turns":3},{"damage":75,"enemies":"Collector","floor":33,"turns":7}],"seed_played":"6331997873572821947","potions_obtained":[{"floor":1,"key":"SteroidPotion"},{"floor":13,"key":"Reflective Coating"},{"floor":16,"key":"DuplicationPotion"},{"floor":18,"key":"ColorlessPotion"},{"floor":31,"key":"SteroidPotion"}],"is_trial":false,"path_per_floor":["M","?","?","M","?","R","$","$","T","R","M","$","?","M","R","B",null,"M","?","?","$","?","R","M","R","T","E","R","R","$","M","R","B"],"character_chosen":"WATCHER","items_purchased":["Anchor","Vengeance","TalkToTheHand","ReplayTheSpireMod:CursedCoin","Molten Egg 2","Fire Potion","CarveReality+1","Medical Kit","PathToVictory+1","ThirdEye"],"campfire_rested":3,"item_purchase_floors":[0,0,0,8,8,8,8,21,21,30],"current_hp_per_floor":[72,61,61,61,61,61,61,61,61,61,61,61,61,61,72,32,72,60,60,60,60,60,72,62,62,62,37,72,72,72,64,72,0,0],"gold":125,"neow_bonus":"","is_daily":false,"chose_seed":false,"campfire_upgraded":4,"win_rate":0.0,"timestamp":1609280253,"path_taken":["M","?","?","M","?","R","?","$","T","R","?","$","?","M","R","BOSS","M","?","?","$","?","R","?","R","T","E","R","R","$","M","R","BOSS"],"items_purchased_type":["Relic","Card","Card","Relic","Relic","Potion","Card","Relic","Card","Card"],"build_version":"2020-12-22","purchased_purges":0,"victory":false,"max_hp_per_floor":[72,72,72,72,72,72,72,72,72,72,72,72,72,72,72,72,72,72,72,72,72,72,72,72,72,72,72,72,72,72,72,72,72,72],"card_choices":[{"not_picked":["Replay:Hum","Halt"],"picked":"PathToVictory","floor":1},{"not_picked":["Halt","CarveReality"],"picked":"Flying Knee","floor":4},{"not_picked":["Replay:Cycle","Evaluate"],"picked":"Replay:ManipulateFuture","floor":11},{"not_picked":["Crescendo","FollowUp+1"],"picked":"CrushJoints+1","floor":13},{"not_picked":["Prostrate","EmptyBody"],"picked":"Dagger Throw+1","floor":14},{"not_picked":["Brilliance+1","Scrawl"],"picked":"DeusExMachina","floor":16},{"not_picked":["InnerPeace","Evaluate"],"picked":"Wallop+1","floor":18},{"not_picked":["Indignation+1","Replay:ManipulateFuture"],"picked":"SashWhip+1","floor":24},{"not_picked":["Halt","Indignation"],"picked":"CrushJoints+1","floor":27},{"not_picked":["Brilliance+1","Protect+1"],"picked":"CutThroughFate+1","floor":31}],"player_experience":36857,"relics_obtained":[{"floor":9,"key":"Onion Ring"},{"floor":13,"key":"Gremlin Horn"},{"floor":26,"key":"Eternal Feather"},{"floor":27,"key":"Replay:Mystery Machine"}],"event_choices":[{"damage_healed":0,"gold_gain":75,"player_choice":"Gather Gold","damage_taken":11,"max_hp_gain":0,"max_hp_loss":0,"event_name":"World of Goop","floor":2,"gold_loss":0},{"damage_healed":0,"gold_gain":0,"player_choice":"Read","damage_taken":0,"max_hp_gain":0,"max_hp_loss":0,"event_name":"The Library","floor":20,"gold_loss":0,"cards_obtained":["Consecrate"]}],"is_beta":false,"boss_relics":[{"not_picked":["ReplayTheSpireMod:DimensionalGlitch","Runic Pyramid"],"picked":"Pandora\u0027s Box"}],"items_purged_floors":[],"is_endless":false,"potions_floor_spawned":[1,16,18,31],"killed_by":"Collector","ascension_level":0}}