{"host":"hgkb2zpbo2dcws21","time":1609245210,"event":{"mods":["AchievementEnabler","BaseMod","Colored Map","Colored Powertips","Custom Start","DeckTracker","KOR Keyword Fix","Minty Spire (QoL Compilation)","Relic Stats","StSLib","SuperFastMode"],"gold_per_floor":[119,136,31,31,41,41,74,92,92,53,53,53],"floor_reached":11,"playtime":157,"items_purged":[],"score":146,"play_id":"06c1f53e-63ce-47cf-9828-7de4ca6811a8","local_time":"20201229213330","is_ascension_mode":true,"campfire_choices":[{"data":"Evolve","floor":6,"key":"SMITH"}],"circlet_count":0,"master_deck":["AscendersBane","Strike_R","Strike_R","Strike_R","Strike_R","Strike_R","Defend_R","Defend_R","Defend_R","Defend_R","Bash","Seeing Red","Spot Weakness","Evolve+1","Pommel Strike","Reaper","Shockwave","Dark Embrace"],"relics":["Burning Blood","NeowsBlessing","FaceOfCleric","Eternal Feather","White Beast Statue"],"acts_visited":["Exordium"],"potions_floor_usage":[],"damage_taken":[{"damage":0,"enemies":"Cultist","floor":1,"turns":1},{"damage":0,"enemies":"Small Slimes","floor":2,"turns":1},{"damage":0,"enemies":"2 Louse","floor":5,"turns":1},{"damage":40,"enemies":"3 Sentries","floor":7,"turns":6},{"damage":47,"enemies":"Exordium Wildlife","floor":8,"turns":6},{"damage":36,"enemies":"Gremlin Nob","floor":11,"turns":3}],"seed_played":"-7191605934932752983","potions_obtained":[{"floor":1,"key":"FearPotion"},{"floor":7,"key":"SpeedPotion"}],"is_trial":false,"path_per_floor":["M","M","$","?","M","R","E","M","T","$","E"],"character_chosen":"IRONCLAD","items_purchased":["Evolve","Pommel Strike","Dark Embrace"],"campfire_rested":0,"item_purchase_floors":[3,3,10],"current_hp_per_floor":[74,75,75,75,76,76,43,13,13,13,0,0],"gold":53,"neow_bonus":"THREE_ENEMY_KILL","is_daily":false,"chose_seed":false,"campfire_upgraded":1,"win_rate":0.0,"timestamp":1609245210,"path_taken":["M","?","$","?","?","R","E","M","T","?","E"],"items_purchased_type":["Card","Card","Card"],"build_version":"2020-12-22","purchased_purges":0,"victory":false,"max_hp_per_floor":[75,75,75,75,76,76,77,78,78,78,78,78],"relic_stats":{"FaceOfCleric":3,"counters":[6,18],"Eternal Feather":0,"obtain_stats":[{"NeowsBlessing":0,"FaceOfCleric":4,"Eternal Feather":7,"Burning Blood":0,"White Beast Statue":9},{"NeowsBlessing":0,"FaceOfCleric":2,"Eternal Feather":4,"Burning Blood":0,"White Beast Statue":5},{"NeowsBlessing":0,"FaceOfCleric":2,"Eternal Feather":9,"Burning Blood":0,"White Beast Statue":15}],"Burning Blood":19},"card_choices":[{"not_picked":["Sentinel","Rage"],"picked":"Seeing Red","floor":1},{"not_picked":["Flex","Seeing Red"],"picked":"Spot Weakness","floor":2},{"not_picked":["Body Slam","Armaments","Pommel Strike"],"picked":"SKIP","floor":5},{"not_picked":["Anger","Havoc"],"picked":"Reaper","floor":7},{"not_picked":["Thunderclap","Shrug It Off"],"picked":"Shockwave","floor":8}],"player_experience":1118072,"relics_obtained":[{"floor":7,"key":"Eternal Feather"},{"floor":9,"key":"White Beast Statue"}],"event_choices":[{"damage_healed":0,"gold_gain":0,"player_choice":"Trade","damage_taken":0,"relics_obtained":["FaceOfCleric"],"max_hp_gain":0,"max_hp_loss":0,"event_name":"FaceTrader","floor":4,"gold_loss":0}],"is_beta":false,"boss_relics":[],"items_purged_floors":[],"is_endless":false,"potions_floor_spawned":[1,7],"killed_by":"Gremlin Nob","ascension_level":20}}