{"host":"BK","time":1609206040,"event":{"mods":["BaseMod","Highlight Path","Minty Spire (QoL Compilation)","StSLib"],"gold_per_floor":[118,118,130,130,12,12,47,47,115,141,175,193,208,225,225,225,225],"floor_reached":16,"playtime":495,"items_purged":["Strike_P"],"score":270,"play_id":"ff91e282-71ae-477d-8708-9f6940235f20","local_time":"20201228184040","is_ascension_mode":true,"campfire_choices":[{"data":"Conclude","floor":6.0,"key":"SMITH"},{"data":"EmptyMind","floor":8.0,"key":"SMITH"},{"data":"TalkToTheHand","floor":15,"key":"SMITH"}],"circlet_count":0,"master_deck":["AscendersBane","Defend_P","Defend_P","Defend_P+1","Defend_P","Eruption","Vigilance","Evaluate+1","CutThroughFate+1","SashWhip+1","WheelKick+1","Wallop+1","Conclude+1","EmptyMind+1","Protect","TalkToTheHand+1"],"relics":["Astrolabe","Juzu Bracelet","TeardropLocket","MealTicket","Bag of Preparation"],"acts_visited":["Exordium"],"potions_floor_usage":[16],"damage_taken":[{"damage":0.0,"enemies":"Jaw Worm","floor":1.0,"turns":2.0},{"damage":0.0,"enemies":"Small Slimes","floor":3.0,"turns":2.0},{"damage":2.0,"enemies":"3 Sentries","floor":7.0,"turns":6.0},{"damage":0.0,"enemies":"Gremlin Nob","floor":11.0,"turns":2.0},{"damage":0.0,"enemies":"Cultist","floor":12.0,"turns":1.0},{"damage":0.0,"enemies":"3 Louse","floor":13.0,"turns":1.0},{"damage":0,"enemies":"Large Slime","floor":14,"turns":3},{"damage":40,"enemies":"Hexaghost","floor":16,"turns":9}],"seed_played":"2174276641461585582","potions_obtained":[{"floor":1.0,"key":"EssenceOfSteel"},{"floor":3.0,"key":"Energy Potion"},{"floor":11.0,"key":"PowerPotion"}],"is_trial":false,"path_per_floor":["M","?","M","?","$","R","E","R","T","T","E","M","M","M","R","B"],"character_chosen":"WATCHER","items_purchased":["Conclude"],"campfire_rested":0,"item_purchase_floors":[5],"current_hp_per_floor":[61,41,41,41,41,41,39,39,39,39,39,39,39,39,39,0,0],"gold":225,"neow_bonus":"BOSS_RELIC","is_daily":false,"chose_seed":false,"campfire_upgraded":3,"win_rate":0.0,"timestamp":1609206040,"path_taken":["M","?","M","?","$","R","E","R","T","?","E","M","M","M","R","BOSS"],"items_purchased_type":["Card"],"build_version":"2020-12-18","purchased_purges":1,"victory":false,"max_hp_per_floor":[68,68,68,68,68,68,68,68,68,68,68,68,68,68,68,68,68],"card_choices":[{"not_picked":["ForeignInfluence","FlurryOfBlows"],"picked":"WheelKick","floor":1.0},{"not_picked":["CrushJoints","Crescendo"],"picked":"Wallop","floor":3.0},{"not_picked":["Study","EmptyFist"],"picked":"EmptyMind","floor":7.0},{"not_picked":["ThirdEye","Evaluate","WreathOfFlame"],"picked":"SKIP","floor":11.0},{"not_picked":["Wallop","Wish"],"picked":"Protect","floor":12.0},{"not_picked":["FlyingSleeves","ClearTheMind","BowlingBash"],"picked":"SKIP","floor":13.0},{"not_picked":["ThirdEye","Vengeance"],"picked":"TalkToTheHand","floor":14}],"player_experience":2466123,"relics_obtained":[{"floor":7.0,"key":"Juzu Bracelet"},{"floor":9.0,"key":"TeardropLocket"},{"floor":10.0,"key":"MealTicket"},{"floor":11.0,"key":"Bag of Preparation"}],"event_choices":[{"damage_healed":0.0,"max_hp_gain":0.0,"max_hp_loss":0.0,"gold_gain":0.0,"event_name":"Shining Light","player_choice":"Entered Light","floor":2.0,"gold_loss":0.0,"damage_taken":20.0,"cards_upgraded":["Defend_P","WheelKick"]},{"damage_healed":0.0,"max_hp_gain":0.0,"max_hp_loss":0.0,"gold_gain":0.0,"event_name":"Living Wall","player_choice":"Grow","floor":4.0,"gold_loss":0.0,"damage_taken":0.0,"cards_upgraded":["Wallop"]}],"is_beta":true,"boss_relics":[],"items_purged_floors":[5],"is_endless":false,"potions_floor_spawned":[1,3,11,13],"killed_by":"Hexaghost","ascension_level":20}}