{"host":"fhq3k2nq5elnbks3","time":1609234739,"event":{"mods":["2.2 Compatiblity","AchievementEnabler","Act Like it!","AlwaysNeverKeys","Aspiration","Astrologer","Bard","BaseMod","Better Altar","Better Vampires","Better-Laid Plans","Block Reminder","CCEM","CapriCore","Card Filter","Colored Powertips","Conspire","Displayed Cursed Tome","Ekko","Energized Spire","Fireblade Mod","Friendly Minions","FutureSeer","GifTheSpireLib","Gremlin Mod","Gremlin Skip","HololiveMod","Hunter ??","Infinite Spire","Jorbs\u0027s Wanderer Trilogy","Koishi","Magitek Elite","Marisa????????","Mathemortician","Minty Spire (QoL Compilation)","Onozuka Komachi Mod","Pale of the Ancients","Permanent Neow","Prisma Mod","Quick Restart","Reimu??????","Relic Filter","Robot Space Explorer","Shop Mod","Spikes Relics","StSLib","SuperFastMode","The Blackbeard","The Cursed","The Death Knight","The Exordian Avenger","The Gatherer","The Hierophant","The Runesmith","The Servant 0.9.4","The Trickster","The Valiant","The Wild Card","TheBandit","Trackpad","Transform Curses","Uncapped","Unknown Chances","Wandering Minibosses","thorton","vexMod"],"gold_per_floor":[114,132,151,165,179,179,179,191,240,259,259,279,279,292,292,395,395,415,434,434,434],"floor_reached":20,"playtime":1624,"items_purged":[],"score":172,"play_id":"90dd483c-f093-459a-ad56-6ebe9f406ca1","local_time":"20201229033859","daily_mods":["Vintage","Heirloom","Time Dilation","Flight"],"is_ascension_mode":false,"campfire_choices":[{"data":"Fire2","floor":6,"key":"SMITH"},{"data":"Fire2","floor":7,"key":"SMITH"},{"data":"Cure","floor":11,"key":"SMITH"},{"data":"Cure","floor":13,"key":"SMITH"}],"circlet_count":0,"master_deck":["Strike_L","Strike_L","Strike_L","Strike_L","Defend_L","Defend_L","Defend_L","Defend_L","Defend_L","Fire2+2","Cure+2","Dramatic Entrance+1","Mayhem+1"],"relics":["Pendant","vexMod:HeadHunter","Mastiff:ReiMu","Sundial","PreservedInsect","Rawhide","Art of War","CCEMRelics:FestiveHat","Blood Vial","ShockBauble","Anchor","CCEMRelics:SpiritsEdge","Meat on the Bone","CCEMRelics:TechnogenicHelmet"],"acts_visited":["Exordium","TheCity"],"potions_floor_usage":[4,4,20,20],"damage_taken":[{"damage":5,"enemies":"Small Slimes","floor":1,"turns":5},{"damage":11,"enemies":"Jaw Worm","floor":2,"turns":5},{"damage":6,"enemies":"Cultist","floor":3,"turns":4},{"damage":55,"enemies":"Gremlin Gang","floor":4,"turns":7},{"damage":19,"enemies":"Exordium Thugs","floor":5,"turns":6},{"damage":5,"enemies":"Blue Slaver","floor":8,"turns":5},{"damage":2,"enemies":"3 Louse","floor":10,"turns":6},{"damage":13,"enemies":"Looter","floor":12,"turns":5},{"damage":0,"enemies":"Exordium Wildlife","floor":14,"turns":1},{"damage":16,"enemies":"Hexaghost","floor":16,"turns":9},{"damage":6,"enemies":"Shell Parasite","floor":18,"turns":5},{"damage":8,"enemies":"conspire:FuzzyDice","floor":19,"turns":5},{"damage":76,"enemies":"Chosen and Byrds","floor":20,"turns":6}],"seed_played":"7856921921510248509","potions_obtained":[{"floor":2,"key":"conspire:TimeTravelPotion"},{"floor":3,"key":"LiquidBronze"},{"floor":4,"key":"GrandPatriotsElixir:ReiMu"},{"floor":8,"key":"SkillPotion"},{"floor":10,"key":"FearPotion"}],"is_trial":true,"path_per_floor":["M","M","M","M","M","R","R","M","T","M","R","M","R","M","R","B",null,"M","M","M"],"character_chosen":"MAGITEKELITE","items_purchased":[],"campfire_rested":0,"item_purchase_floors":[],"current_hp_per_floor":[63,58,57,32,19,19,19,20,20,26,26,24,24,26,26,24,63,57,55,0,0],"gold":434,"neow_bonus":"","is_daily":false,"chose_seed":false,"campfire_upgraded":4,"win_rate":0.0,"timestamp":1609234739,"path_taken":["M","M","M","M","M","R","R","M","T","M","R","M","R","M","R","BOSS","M","M","M"],"items_purchased_type":[],"build_version":"2020-12-22","purchased_purges":0,"victory":false,"max_hp_per_floor":[63,63,63,63,63,63,63,63,63,63,63,63,63,63,63,63,63,63,63,63,63],"card_choices":[{"not_picked":["Bandage Up+1","Deep Breath+1"],"picked":"Dramatic Entrance+1","floor":10},{"not_picked":["Trip+1","Transmutation+1"],"picked":"Mayhem+1","floor":12},{"not_picked":["Sadistic Nature+1","Violence+1","The Bomb+1"],"picked":"SKIP","floor":14}],"player_experience":383839,"relics_obtained":[{"floor":1,"key":"Mastiff:ReiMu"},{"floor":2,"key":"Sundial"},{"floor":3,"key":"PreservedInsect"},{"floor":4,"key":"Rawhide"},{"floor":5,"key":"Art of War"},{"floor":8,"key":"CCEMRelics:FestiveHat"},{"floor":9,"key":"Blood Vial"},{"floor":10,"key":"ShockBauble"},{"floor":12,"key":"Anchor"},{"floor":14,"key":"CCEMRelics:SpiritsEdge"},{"floor":18,"key":"Meat on the Bone"},{"floor":19,"key":"CCEMRelics:TechnogenicHelmet"}],"event_choices":[],"is_beta":false,"boss_relics":[{"not_picked":["Snecko Eye","energizedSpire:NeverEndingSparkler","Calling Bell"]}],"items_purged_floors":[],"is_endless":false,"potions_floor_spawned":[2,3,4,8,10],"killed_by":"Chosen and Byrds","ascension_level":0}}