{"host":"6a06qhlf17v5rcww","time":1609230070,"event":{"mods":["BaseMod","Beaked The Cultist","Better Altar","Better Match","Better Note","Better Sensory Stone","Better Skull","Better Third Choice","BetterRewards","Downfall","Hermit","Infinite Spire","Minty Spire (QoL Compilation)","Rare Cards Sparkle","Replay The Spire","StSLib","The Cursed","The Witch"],"gold_per_floor":[119,129,129,140,158,158,36,49,95,145,145,145,156,168,168,273,300,329,329,374,398,427,427,455,455,455,455,476,504,523,219,219,327,327,356,356,356,263,282,282,282,305,314,334,357,384,403,422,422,422],"floor_reached":51,"playtime":3743,"items_purged":["hexamod:Haunted"],"score":997,"play_id":"a13c37f1-3ceb-4da1-aa67-07cf2516d08d","local_time":"20201229032110","is_ascension_mode":false,"campfire_choices":[{"floor":6,"key":"REST"},{"data":"TheCursedMod:Hemoplague","floor":12,"key":"SMITH"},{"data":"TheCursedMod:CollectTribute","floor":23,"key":"SMITH"},{"data":"TheCursedMod:CircleOfBlood","floor":25,"key":"SMITH"},{"data":"TheCursedMod:Evocation","floor":27,"key":"SMITH"},{"data":"TheCursedMod:ReleasedStrength","floor":32,"key":"SMITH"},{"data":"TheCursedMod:CircleOfBlood","floor":40,"key":"SMITH"},{"floor":49,"key":"DIG"}],"circlet_count":0,"master_deck":["TheCursedMod:Defend_TheCursed","TheCursedMod:Defend_TheCursed","TheCursedMod:Defend_TheCursed","TheCursedMod:Defend_TheCursed","TheCursedMod:CursedWand","TheCursedMod:CleanUpWorkshop","TheCursedMod:Dregs","TheCursedMod:Hemoplague+1","TheCursedMod:CircleOfCorruption","TheCursedMod:CursedShiv","TheCursedMod:CursedBlade","TheCursedMod:Torture","TheCursedMod:ReleasedStrength+1","TheCursedMod:CursedBlade","TheCursedMod:SoulReap+1","TheCursedMod:CursedStaff","TheCursedMod:CursedBlade+1","TheCursedMod:DemonSword","TheCursedMod:SpitefulPray","TheCursedMod:Evocation+1","TheCursedMod:CollectTribute+1","Harmlessness","Clumsy","Harmlessness","TheCursedMod:CircleOfBlood+1","Bite","Bite","Bite","Bite","Bite","TheCursedMod:WearCloak+1","TheCursedMod:TroublousMinions","TheCursedMod:Neurasthenia+1","TheCursedMod:SoulCrush+1","TheCursedMod:Stretching","TheCursedMod:LuckyCharm","TheCursedMod:AntiAging+1","TheCursedMod:NeowsMight+1","TheCursedMod:NeowsMight+1","TheCursedMod:ManaBullet+1","TheCursedMod:ManaCirculation+1","TheCursedMod:CircleOfBlood+1","TheCursedMod:CursedShiv+1","TheCursedMod:CircleOfCorruption","TheCursedMod:Grudge","Decay","TheCursedMod:AshesToAshes+1","TheCursedMod:CursedMace","Regret","Decay","infinitespire:TheBestDefense","TheCursedMod:SoulReap","TheCursedMod:CircleOfCorruption+1"],"relics":["TheCursedMod:BlackMagic101","Guardian:GemstoneGun","downfall:RedIOU","Boot","Vajra","Replay:Ancient Bell","CeramicFish","Golden Egg","TungstenRod","Replay:WaspNest","Cursed Key","Lantern","infinitespire:PuzzleCube","Bottled Tornado","Bag of Marbles"],"acts_visited":["Exordium","TheCity","TheBeyond"],"potions_floor_usage":[33,33,39,42,50,50,50],"damage_taken":[{"damage":1,"enemies":"Cultist","floor":1,"turns":4},{"damage":7,"enemies":"Small Slimes","floor":2,"turns":2},{"damage":6,"enemies":"Jaw Worm","floor":4,"turns":2},{"damage":13,"enemies":"2 Fungi Beasts","floor":5,"turns":3},{"damage":8,"enemies":"Gremlin Gang","floor":8,"turns":3},{"damage":0,"enemies":"Looter","floor":13,"turns":2},{"damage":0,"enemies":"Lots of Slimes","floor":14,"turns":2},{"damage":8,"enemies":"Slime Boss","floor":16,"turns":6},{"damage":4,"enemies":"Chosen","floor":18,"turns":4},{"damage":18,"enemies":"2 Thieves","floor":21,"turns":2},{"damage":31,"enemies":"Snake Plant","floor":22,"turns":4},{"damage":21,"enemies":"Centurion and Healer","floor":24,"turns":7},{"damage":6,"enemies":"3 Cultists","floor":28,"turns":3},{"damage":8,"enemies":"Chosen and Byrds","floor":29,"turns":4},{"damage":2,"enemies":"Centurion and Healer","floor":30,"turns":6},{"damage":58,"enemies":"Champ","floor":33,"turns":9},{"damage":2,"enemies":"Orb Walker","floor":35,"turns":3},{"damage":13,"enemies":"3 Shapes","floor":39,"turns":3},{"damage":24,"enemies":"Sphere and 2 Shapes","floor":42,"turns":4},{"damage":11,"enemies":"Maw","floor":44,"turns":6},{"damage":35,"enemies":"Spire Growth","floor":45,"turns":5},{"damage":30,"enemies":"4 Shapes","floor":47,"turns":4},{"damage":17,"enemies":"Writhing Mass","floor":48,"turns":5},{"damage":76,"enemies":"Time Eater","floor":50,"turns":13}],"seed_played":"-1829657285655331879","potions_obtained":[{"floor":1,"key":"Explosive Potion"},{"floor":5,"key":"Strength Potion"},{"floor":8,"key":"Cursed Concoction"},{"floor":14,"key":"TheCursedMod:DregsPotion"},{"floor":33,"key":"SpeedPotion"},{"floor":35,"key":"GamblersBrew"},{"floor":41,"key":"SkillPotion"},{"floor":41,"key":"sneckomod:MuddlingPotion"},{"floor":42,"key":"LifebloodPotion"}],"is_trial":false,"path_per_floor":["M","M","$","M","M","R","$","M","T","?","?","R","M","M","R","B",null,"M","?","?","M","M","R","M","R","T","R","M","M","M","$","R","B",null,"M","?","?","$","M","R","?","M","T","M","M","?","M","M","R","B",null],"character_chosen":"THE_CURSED","items_purchased":["TheCursedMod:Hemoplague","TheCursedMod:CircleOfCorruption","TheCursedMod:SoulReap+1","TheCursedMod:CursedStaff","TheCursedMod:AntiAging","TheCursedMod:NeowsMight","TheCursedMod:ManaBullet","TheCursedMod:CursedShiv"],"campfire_rested":1,"item_purchase_floors":[0,0,7,7,31,31,31,38],"current_hp_per_floor":[46,39,39,33,20,42,42,42,42,42,42,42,42,51,51,55,75,75,75,52,36,22,22,26,26,26,26,40,46,50,50,50,21,55,58,58,18,18,36,36,36,34,34,52,54,54,47,50,50,16],"gold":422,"neow_bonus":"","is_daily":false,"chose_seed":false,"campfire_upgraded":6,"win_rate":0.0,"timestamp":1609230070,"path_taken":["M","M","?","?","M","R","?","M","T","?","?","R","?","M","R","BOSS","M","?","?","M","M","R","M","R","T","R","M","M","M","$","R","BOSS","M","?","?","$","?","R","?","M","T","?","?","?","M","M","R","BOSS"],"items_purchased_type":["Card","Card","Card","Card","Card","Card","Card","Card"],"build_version":"2020-12-22","purchased_purges":1,"victory":true,"max_hp_per_floor":[75,75,75,75,75,75,75,75,75,75,75,75,75,75,75,75,75,75,75,52,52,52,52,52,52,52,52,52,52,52,52,52,55,55,58,58,58,58,58,58,58,58,58,61,61,61,64,67,67,70],"card_choices":[{"not_picked":["TheCursedMod:RapidMovement","TheCursedMod:Stretching"],"picked":"TheCursedMod:CursedBlade","floor":1},{"not_picked":["TheCursedMod:StunningStrike","TheCursedMod:CircleOfFocus"],"picked":"TheCursedMod:Torture","floor":2},{"not_picked":["TheCursedMod:SmokeScreen","TheCursedMod:SpitefulStrike"],"picked":"TheCursedMod:ReleasedStrength","floor":4},{"not_picked":["TheCursedMod:CursedShiv","TheCursedMod:FuryStrike"],"picked":"TheCursedMod:CursedBlade","floor":5},{"not_picked":["TheCursedMod:SmokeScreen","TheCursedMod:SurpriseAttack"],"picked":"TheCursedMod:CursedBlade","floor":8},{"not_picked":["TheCursedMod:FleshFromBone","TheCursedMod:CursedMace"],"picked":"TheCursedMod:SpitefulPray","floor":13},{"not_picked":["TheCursedMod:SmokeScreen","TheCursedMod:Grudge","TheCursedMod:DoubleShield"],"picked":"SKIP","floor":14},{"not_picked":["TheCursedMod:AntiAging","TheCursedMod:ParallelWorld"],"picked":"TheCursedMod:CollectTribute","floor":16},{"not_picked":["Slimebound:Icky","Amnesia"],"picked":"Harmlessness","floor":17},{"not_picked":["sneckomod:Bewildered","ReplayTheSpireMod:Faulty Equipment"],"picked":"Clumsy","floor":17},{"not_picked":["ReplayTheSpireMod:Splinters","TheCursedMod:Dregs"],"picked":"Harmlessness","floor":17},{"not_picked":["TheCursedMod:CursedAmulet","TheCursedMod:Wield"],"picked":"TheCursedMod:CircleOfBlood","floor":18},{"not_picked":["TheCursedMod:SurpriseAttack","TheCursedMod:SpitefulStrike"],"picked":"TheCursedMod:WearCloak","floor":21},{"not_picked":["TheCursedMod:StingEye","TheCursedMod:SurpriseAttack"],"picked":"TheCursedMod:TroublousMinions","floor":22},{"not_picked":["TheCursedMod:CircleOfFlame","TheCursedMod:FleshFromBone"],"picked":"TheCursedMod:Neurasthenia","floor":24},{"not_picked":["TheCursedMod:CursedAmulet","TheCursedMod:Wield+1"],"picked":"TheCursedMod:SoulCrush+1","floor":28},{"not_picked":["TheCursedMod:AshesToAshes","TheCursedMod:Torture"],"picked":"TheCursedMod:Stretching","floor":29},{"not_picked":["TheCursedMod:SurpriseAttack+1","TheCursedMod:SpitefulPray+1"],"picked":"TheCursedMod:LuckyCharm","floor":30},{"not_picked":["TheCursedMod:ShockAndAwe","TheCursedMod:DemonSword"],"picked":"TheCursedMod:ManaCirculation","floor":33},{"not_picked":["TheCursedMod:Wield","TheCursedMod:WearCloak+1"],"picked":"TheCursedMod:CircleOfBlood","floor":35},{"not_picked":["TheCursedMod:SpitefulPlan","TheCursedMod:BloodBarrier"],"picked":"TheCursedMod:CircleOfCorruption","floor":39},{"not_picked":["TheCursedMod:Torture","TheCursedMod:SpitefulPray"],"picked":"TheCursedMod:Grudge","floor":42},{"not_picked":["TheCursedMod:ManaBullet+1","TheCursedMod:ReleasedKnowledge"],"picked":"TheCursedMod:AshesToAshes+1","floor":44},{"not_picked":["TheCursedMod:StingEye+1","TheCursedMod:SurpriseAttack+1"],"picked":"TheCursedMod:CursedMace","floor":45},{"not_picked":["ReplayTheSpireMod:Book of Names","infinitespire:DeathsTouch"],"picked":"infinitespire:TheBestDefense","floor":46},{"not_picked":["TheCursedMod:Obscuration","TheCursedMod:CircleOfCorruption"],"picked":"TheCursedMod:SoulReap","floor":47},{"not_picked":["TheCursedMod:CollectTribute","TheCursedMod:TroublousMinions"],"picked":"TheCursedMod:CircleOfCorruption+1","floor":48}],"player_experience":720312,"relics_obtained":[{"floor":9,"key":"Vajra"},{"floor":26,"key":"Replay:WaspNest"},{"floor":43,"key":"Bottled Tornado"},{"floor":49,"key":"Bag of Marbles"}],"event_choices":[{"damage_healed":0,"gold_gain":50,"player_choice":"Gained Gold","damage_taken":0,"max_hp_gain":0,"max_hp_loss":0,"event_name":"Golden Wing","floor":10,"gold_loss":0},{"damage_healed":0,"gold_gain":0,"cards_transformed":["TheCursedMod:Strike_TheCursed"],"player_choice":"Transformed","damage_taken":0,"max_hp_gain":0,"max_hp_loss":0,"event_name":"Transmorgrifier","floor":11,"gold_loss":0,"cards_obtained":["TheCursedMod:DemonSword"]},{"damage_healed":0,"gold_gain":0,"player_choice":"Ignored","damage_taken":0,"max_hp_gain":0,"max_hp_loss":0,"event_name":"betterNote:BetterNote","floor":19,"gold_loss":0,"cards_obtained":["Guardian:AncientConstruct"]},{"damage_healed":0,"gold_gain":0,"player_choice":"Became a vampire","damage_taken":0,"max_hp_gain":0,"max_hp_loss":23,"event_name":"Vampires","floor":20,"gold_loss":0,"cards_obtained":["Bite","Bite","Bite","Bite","Bite"]},{"damage_healed":0,"gold_gain":0,"player_choice":"Ignored","damage_taken":0,"max_hp_gain":0,"max_hp_loss":0,"event_name":"Tomb of Lord Red Mask","floor":36,"gold_loss":0},{"damage_healed":0,"gold_gain":0,"player_choice":"RE UP RE UP ","damage_taken":53,"relics_obtained":["Lantern","infinitespire:PuzzleCube"],"max_hp_gain":0,"max_hp_loss":0,"event_name":"betterSkull:BetterSkull","floor":37,"gold_loss":0,"cards_upgraded":["TheCursedMod:CursedBlade","TheCursedMod:WearCloak"]},{"damage_healed":0,"gold_gain":0,"player_choice":"Got Potions","damage_taken":0,"max_hp_gain":0,"max_hp_loss":0,"event_name":"Lab","floor":41,"gold_loss":0}],"is_beta":false,"boss_relics":[{"not_picked":["Velvet Choker","Coffee Dripper"],"picked":"Replay:Ancient Bell"},{"not_picked":["Centennial Puzzle","Potion Belt"],"picked":"CeramicFish"},{"not_picked":["Quantum Egg","Replay:Bottled Eggs"],"picked":"Golden Egg"},{"not_picked":["CaptainsWheel","infinitespire:CursedDice"],"picked":"TungstenRod"},{"not_picked":["Runic Pyramid","SacredBark"],"picked":"Cursed Key"}],"items_purged_floors":[38],"is_endless":false,"potions_floor_spawned":[1,5,8,14,18,21,29,33,35,42,47,48],"ascension_level":0}}