{"host":"f5gffvlv6a66yqkd","time":1609250881,"event":{"mods":["2.2 Compatiblity","BaseMod","Colored Map","DeckTracker","Keyboard Shortcuts","Minty Spire (QoL Compilation)","Permanent Neow","Quick Restart","Relic Stats","StSLib","SuperFastMode"],"gold_per_floor":[114,64,64,64,82,7,24,24,24,59,70,70,70,70,70,166,166,178,190,150,150,150],"floor_reached":21,"playtime":363,"items_purged":["Strike_B"],"score":366,"play_id":"e6ec7a91-6590-417c-a5ca-cce8e6c2806a","local_time":"20201229230801","is_ascension_mode":true,"campfire_choices":[{"data":"Darkness","floor":8.0,"key":"SMITH"},{"floor":12.0,"key":"REST"},{"data":"Aggregate","floor":15.0,"key":"SMITH"}],"circlet_count":0,"master_deck":["AscendersBane","Strike_B","Strike_B","Defend_B","Defend_B","Defend_B","Defend_B","Zap","Dualcast","Compile Driver","Darkness+1","Coolheaded","Aggregate+1","Redo+1","White Noise","Ball Lightning","Core Surge","Gash+1","Gash"],"relics":["Cracked Core","NeowsBlessing","Smiling Mask","Frozen Egg 2","Omamori","Pear","Nuclear Battery"],"acts_visited":["Exordium","TheCity"],"potions_floor_usage":[20,21],"damage_taken":[{"damage":0.0,"enemies":"Jaw Worm","floor":1.0,"turns":1.0},{"damage":0.0,"enemies":"2 Louse","floor":5.0,"turns":1.0},{"damage":0.0,"enemies":"Small Slimes","floor":7.0,"turns":1.0},{"damage":25.0,"enemies":"3 Sentries","floor":10.0,"turns":7.0},{"damage":39.0,"enemies":"Gremlin Gang","floor":11.0,"turns":5.0},{"damage":0.0,"enemies":"Slime Boss","floor":16.0,"turns":4.0},{"damage":2.0,"enemies":"3 Byrds","floor":18.0,"turns":2.0},{"damage":69.0,"enemies":"Shell Parasite","floor":19.0,"turns":7.0},{"damage":9,"enemies":"Snake Plant","floor":21,"turns":2}],"seed_played":"3616972050994428082","potions_obtained":[{"floor":5.0,"key":"Regen Potion"},{"floor":7.0,"key":"Explosive Potion"},{"floor":10.0,"key":"PowerPotion"},{"floor":18.0,"key":"DistilledChaos"},{"floor":20,"key":"Fruit Juice"},{"floor":20,"key":"BlessingOfTheForge"},{"floor":20,"key":"Dexterity Potion"}],"is_trial":false,"path_per_floor":["M","?","?","T","M","$","M","R","T","E","M","R","?","?","R","B",null,"M","M","?","M"],"character_chosen":"DEFECT","items_purchased":["Coolheaded"],"campfire_rested":1,"item_purchase_floors":[6],"current_hp_per_floor":[68,68,50,50,50,50,50,50,50,50,11,36,36,36,36,36,73,71,2,7,0,0],"gold":150,"neow_bonus":"THREE_ENEMY_KILL","is_daily":false,"chose_seed":false,"campfire_upgraded":2,"win_rate":0.0,"timestamp":1609250881,"path_taken":["M","?","?","?","M","$","M","R","T","E","M","R","?","?","R","BOSS","M","?","?","?"],"items_purchased_type":["Card"],"build_version":"2020-12-22","purchased_purges":1,"victory":false,"max_hp_per_floor":[75,75,75,75,75,75,75,75,75,85,85,85,85,85,85,85,85,85,85,90,90,90],"relic_stats":{"counters":[9,30],"Smiling Mask":25,"obtain_stats":[{"Pear":10,"NeowsBlessing":0,"Omamori":9,"Frozen Egg 2":4,"Cracked Core":0,"Smiling Mask":3,"Nuclear Battery":17},{"Pear":4,"NeowsBlessing":0,"Omamori":3,"Frozen Egg 2":1,"Cracked Core":0,"Smiling Mask":1,"Nuclear Battery":6},{"Pear":10,"NeowsBlessing":0,"Omamori":3,"Frozen Egg 2":1,"Cracked Core":0,"Smiling Mask":1,"Nuclear Battery":19}]},"card_choices":[{"not_picked":["Leap","Sweeping Beam"],"picked":"Compile Driver","floor":1.0},{"not_picked":["Auto Shields","Beam Cell"],"picked":"Darkness","floor":5.0},{"not_picked":["Auto Shields","Tempest"],"picked":"Aggregate","floor":7.0},{"not_picked":["Barrage","Melter","Fusion"],"picked":"SKIP","floor":10.0},{"not_picked":["Streamline","Go for the Eyes"],"picked":"Redo","floor":11.0},{"not_picked":["Buffer+1","All For One"],"picked":"Core Surge","floor":16.0},{"not_picked":["FTL","Ball Lightning"],"picked":"Gash+1","floor":18.0},{"not_picked":["Stack","Storm+1"],"picked":"Gash","floor":19.0}],"player_experience":1512507,"relics_obtained":[{"floor":4.0,"key":"Frozen Egg 2"},{"floor":9.0,"key":"Omamori"},{"floor":10.0,"key":"Pear"}],"event_choices":[{"cards_removed":["Strike_B"],"damage_healed":0.0,"max_hp_gain":0.0,"max_hp_loss":0.0,"gold_gain":0.0,"event_name":"The Cleric","player_choice":"Card Removal","floor":2.0,"gold_loss":50.0,"damage_taken":0.0},{"damage_healed":0.0,"max_hp_gain":0.0,"max_hp_loss":0.0,"gold_gain":0.0,"event_name":"Scrap Ooze","player_choice":"Success","floor":3.0,"gold_loss":0.0,"damage_taken":18.0,"relics_obtained":["Smiling Mask"]},{"damage_healed":0.0,"max_hp_gain":0.0,"max_hp_loss":0.0,"gold_gain":0.0,"event_name":"Living Wall","player_choice":"Grow","floor":13.0,"gold_loss":0.0,"damage_taken":0.0,"cards_upgraded":["Redo"]},{"damage_healed":0.0,"max_hp_gain":0.0,"max_hp_loss":0.0,"gold_gain":0.0,"event_name":"Match and Keep!","player_choice":"2 cards matched","floor":14.0,"gold_loss":0.0,"damage_taken":0.0,"cards_obtained":["White Noise","Ball Lightning"]},{"damage_healed":0,"gold_gain":0,"player_choice":"Bought 3 Potions","damage_taken":0,"max_hp_gain":0,"max_hp_loss":0,"event_name":"The Woman in Blue","floor":20,"gold_loss":0}],"is_beta":false,"boss_relics":[{"not_picked":["Empty Cage","FrozenCore"],"picked":"Nuclear Battery"}],"items_purged_floors":[6],"is_endless":false,"potions_floor_spawned":[5,7,10,18],"killed_by":"Snake Plant","ascension_level":10}}