{"host":"nokkww7jwsecww7q","time":1609274267,"event":{"mods":["AchievementEnabler","BaseMod","Better Skull","Better Third Choice","BetterRewards","Colored Map","Colored Powertips","DeckTracker","Displayed Cursed Tome","Minty Spire (QoL Compilation)","Quick Restart","Relic Stats","Spicy Shops","StSLib","Thieving Mod","everything is the same but u backflip on backflip"],"gold_per_floor":[109,109,109,122,122,137,137,172,197,197,208,225,24,34,34,112,112,130,130,130,130,180,209,223,250,250,266,266,266],"floor_reached":28,"playtime":888,"items_purged":["Strike_G","Strike_G","Strike_G"],"score":759,"play_id":"8bb5264e-cbfe-42c1-9f0e-4eb6f0e83b26","local_time":"20201229233747","is_ascension_mode":true,"campfire_choices":[{"floor":7.0,"key":"REST"},{"floor":10.0,"key":"REST"},{"data":"A Thousand Cuts","floor":15.0,"key":"SMITH"}],"circlet_count":0,"master_deck":["AscendersBane","Strike_G+1","Defend_G+1","Defend_G+1","Defend_G+1","Defend_G+1","Defend_G+1","Survivor","Neutralize","Blade Dance","Malaise","Terror","Prepared","Dodge and Roll+1","Cloak And Dagger","Blade Dance+1","Choke","Cloak And Dagger","A Thousand Cuts+1","Blade Dance","Blur","Panache","Burst+1","Escape Plan+1","J.A.X.","Corpse Explosion","Cloak And Dagger","Blade Dance","Well Laid Plans+1"],"relics":["Ring of the Snake","Dead Branch","ClockworkSouvenir","Orrery","Shuriken","Ice Cream","Vajra","Orichalcum","Art of War","Sozu","Oddly Smooth Stone","Du-Vu Doll","War Paint"],"acts_visited":["Exordium","TheCity"],"potions_floor_usage":[23],"damage_taken":[{"damage":0.0,"enemies":"Small Slimes","floor":1.0,"turns":2.0},{"damage":0.0,"enemies":"2 Louse","floor":4.0,"turns":1.0},{"damage":0.0,"enemies":"Cultist","floor":6.0,"turns":2.0},{"damage":13.0,"enemies":"Gremlin Nob","floor":8.0,"turns":4.0},{"damage":1.0,"enemies":"Exordium Thugs","floor":11.0,"turns":3.0},{"damage":0.0,"enemies":"2 Fungi Beasts","floor":12.0,"turns":2.0},{"damage":0.0,"enemies":"Blue Slaver","floor":14.0,"turns":2.0},{"damage":0.0,"enemies":"Slime Boss","floor":16.0,"turns":4.0},{"damage":0.0,"enemies":"Chosen","floor":18.0,"turns":1.0},{"damage":15,"enemies":"Gremlin Leader","floor":23,"turns":4},{"damage":0,"enemies":"3 Byrds","floor":24,"turns":3},{"damage":18,"enemies":"Slavers","floor":25,"turns":4},{"damage":15,"enemies":"Snake Plant","floor":27,"turns":3},{"damage":7,"enemies":"Gremlin Leader","floor":28,"turns":1}],"seed_played":"-6422328346799696089","potions_obtained":[{"floor":6.0,"key":"Block Potion"}],"is_trial":false,"path_per_floor":["M","?","?","M","?","M","R","E","T","R","M","M","$","M","R","B",null,"M","?","?","?","?","E","M","E","T","M","E"],"character_chosen":"THE_SILENT","items_purchased":["Dead Branch","ClockworkSouvenir","Orrery","Shuriken","Cloak And Dagger","Ice Cream","Vajra","Panache"],"campfire_rested":2,"item_purchase_floors":[0,0,0,0,0,0,0,13],"current_hp_per_floor":[17,17,10,10,10,10,29,16,16,35,34,34,34,34,34,34,58,58,58,58,58,52,37,37,19,19,4,0,0],"gold":266,"neow_bonus":"","is_daily":false,"chose_seed":false,"campfire_upgraded":1,"win_rate":0.0,"timestamp":1609274267,"path_taken":["M","?","?","M","?","M","R","E","T","R","M","?","$","M","R","BOSS","M","?","?","?","?","E","?","E","T","M","E"],"items_purchased_type":["Relic","Relic","Relic","Relic","Card","Relic","Relic","Card"],"build_version":"2020-12-22","purchased_purges":3,"victory":false,"max_hp_per_floor":[66,66,66,66,66,66,66,66,66,66,66,66,66,66,66,66,66,66,66,66,66,66,66,66,66,66,66,66,66],"relic_stats":{"Sozu":3,"counters":[64,225],"Shuriken":[152],"Dead Branch":[176],"Art of War":[1],"Orichalcum":[102],"War Paint":["Burst","Dodge and Roll"],"obtain_stats":[{"Ice Cream":21,"Mark of the Bloom":47,"Calipers":37,"Gremlin Horn":0,"Vajra":0,"HoveringKite":17,"Bottled Tornado":37,"Sling":0,"Old Coin":9,"Sozu":17,"Lizard Tail":25,"HornCleat":44,"DollysMirror":0,"Sundial":7,"Strawberry":47,"Fusion Hammer":34,"Kunai":0,"Toxic Egg 2":48,"Happy Flower":13,"Dead Branch":6,"Oddly Smooth Stone":26,"Eternal Feather":10,"War Paint":26,"Du-Vu Doll":25,"Shuriken":8,"Bird Faced Urn":9,"Bronze Scales":23,"Ring of the Serpent":17,"Lantern":0,"Singing Bowl":8,"GremlinMask":5,"StoneCalendar":43,"Snake Skull":0,"Bag of Preparation":11,"Incense Burner":28,"ClockworkSouvenir":0,"Tough Bandages":13,"Matryoshka":0,"WristBlade":34,"Mummified Hand":0,"Gambling Chip":22,"Tiny Chest":5,"InkBottle":26,"Ring of the Snake":0,"Potion Belt":0,"PreservedInsect":0,"The Courier":40,"Frozen Egg 2":5,"Orichalcum":8,"White Beast Statue":24,"Mercury Hourglass":43,"CaptainsWheel":29,"Ornamental Fan":46,"betterThird:SlimedRelic":4,"Orrery":0,"Art of War":9,"Membership Card":0,"TungstenRod":0,"FossilizedHelix":28,"Toy Ornithopter":42},{"Ice Cream":11,"Mark of the Bloom":24,"Calipers":43,"Gremlin Horn":0,"Vajra":0,"HoveringKite":9,"Bottled Tornado":20,"Sling":0,"Old Coin":30,"Sozu":58,"Lizard Tail":14,"HornCleat":47,"DollysMirror":0,"Sundial":29,"Strawberry":48,"Fusion Hammer":40,"Kunai":26,"Toxic Egg 2":25,"Happy Flower":8,"Dead Branch":5,"Oddly Smooth Stone":37,"Eternal Feather":6,"War Paint":62,"Du-Vu Doll":62,"Shuriken":6,"Bird Faced Urn":6,"Bronze Scales":13,"Ring of the Serpent":33,"Lantern":0,"Singing Bowl":30,"GremlinMask":29,"StoneCalendar":46,"Snake Skull":0,"Bag of Preparation":30,"Incense Burner":38,"ClockworkSouvenir":0,"Tough Bandages":31,"Matryoshka":0,"WristBlade":18,"Mummified Hand":0,"Gambling Chip":36,"Tiny Chest":4,"InkBottle":14,"Ring of the Snake":0,"Potion Belt":0,"PreservedInsect":1,"The Courier":22,"Frozen Egg 2":4,"Orichalcum":54,"White Beast Statue":37,"Mercury Hourglass":23,"CaptainsWheel":16,"Ornamental Fan":24,"betterThird:SlimedRelic":29,"Orrery":1,"Art of War":54,"Membership Card":1,"TungstenRod":1,"FossilizedHelix":15,"Toy Ornithopter":23},{"Ice Cream":39,"Mark of the Bloom":78,"Calipers":150,"Gremlin Horn":0,"Vajra":0,"HoveringKite":33,"Bottled Tornado":64,"Sling":0,"Old Coin":94,"Sozu":209,"Lizard Tail":49,"HornCleat":171,"DollysMirror":0,"Sundial":91,"Strawberry":176,"Fusion Hammer":141,"Kunai":86,"Toxic Egg 2":81,"Happy Flower":28,"Dead Branch":18,"Oddly Smooth Stone":125,"Eternal Feather":20,"War Paint":221,"Du-Vu Doll":221,"Shuriken":20,"Bird Faced Urn":20,"Bronze Scales":46,"Ring of the Serpent":110,"Lantern":0,"Singing Bowl":94,"GremlinMask":91,"StoneCalendar":165,"Snake Skull":0,"Bag of Preparation":94,"Incense Burner":130,"ClockworkSouvenir":0,"Tough Bandages":97,"Matryoshka":0,"WristBlade":60,"Mummified Hand":0,"Gambling Chip":120,"Tiny Chest":14,"InkBottle":49,"Ring of the Snake":0,"Potion Belt":0,"PreservedInsect":3,"The Courier":71,"Frozen Egg 2":14,"Orichalcum":198,"White Beast Statue":125,"Mercury Hourglass":76,"CaptainsWheel":54,"Ornamental Fan":78,"betterThird:SlimedRelic":91,"Orrery":3,"Art of War":198,"Membership Card":3,"TungstenRod":3,"FossilizedHelix":52,"Toy Ornithopter":76}],"Ring of the Snake":[28]},"card_choices":[{"not_picked":["Prepared","Backflip"],"picked":"Blade Dance","floor":0.0},{"not_picked":["Skewer","Slice"],"picked":"Malaise","floor":0.0},{"not_picked":["Distraction","Sucker Punch"],"picked":"Terror","floor":0.0},{"not_picked":["Deadly Poison","Caltrops"],"picked":"Prepared","floor":0.0},{"not_picked":["Dagger Throw","Masterful Stab"],"picked":"Dodge and Roll","floor":0.0},{"not_picked":["Underhanded Strike","Slice"],"picked":"Blade Dance","floor":1.0},{"not_picked":["Poisoned Stab","Prepared"],"picked":"Choke","floor":4.0},{"not_picked":["Prepared","Flying Knee"],"picked":"Cloak And Dagger","floor":6.0},{"not_picked":["Bane","Endless Agony"],"picked":"A Thousand Cuts","floor":8.0},{"not_picked":["Acrobatics","Quick Slash"],"picked":"Blade Dance","floor":11.0},{"not_picked":["Deflect","Quick Slash"],"picked":"Blur","floor":12.0},{"not_picked":["Quick Slash","Expertise","Dagger Spray"],"picked":"SKIP","floor":14.0},{"not_picked":["Tools of the Trade","Venomology"],"picked":"Burst","floor":16.0},{"not_picked":["Slice+1","Heel Hook"],"picked":"Escape Plan+1","floor":18.0},{"not_picked":["Slice","Deadly Poison"],"picked":"Corpse Explosion","floor":23},{"not_picked":["Sucker Punch","Backflip"],"picked":"Cloak And Dagger","floor":24},{"not_picked":["Malaise","Masterful Stab"],"picked":"Blade Dance","floor":25},{"not_picked":["Flechettes+1","Flying Knee"],"picked":"Well Laid Plans+1","floor":27}],"player_experience":544872,"relics_obtained":[{"floor":8.0,"key":"Orichalcum"},{"floor":9.0,"key":"Art of War"},{"floor":23,"key":"Oddly Smooth Stone"},{"floor":25,"key":"Du-Vu Doll"},{"floor":26,"key":"War Paint"}],"event_choices":[{"damage_healed":0.0,"max_hp_gain":0.0,"max_hp_loss":0.0,"gold_gain":0.0,"event_name":"Living Wall","player_choice":"Grow","floor":2.0,"gold_loss":0.0,"damage_taken":0.0,"cards_upgraded":["Blade Dance"]},{"cards_removed":["Strike_G"],"damage_healed":0.0,"max_hp_gain":0.0,"max_hp_loss":0.0,"gold_gain":0.0,"event_name":"Golden Wing","player_choice":"Card Removal","floor":3.0,"gold_loss":0.0,"damage_taken":7.0},{"damage_healed":0.0,"max_hp_gain":0.0,"max_hp_loss":0.0,"gold_gain":0.0,"event_name":"Match and Keep!","player_choice":"0 cards matched","floor":5.0,"gold_loss":0.0,"damage_taken":0.0,"cards_obtained":[]},{"damage_healed":0.0,"max_hp_gain":0.0,"max_hp_loss":0.0,"gold_gain":0.0,"event_name":"Vampires","player_choice":"Ignored","floor":19.0,"gold_loss":0.0,"damage_taken":0.0},{"damage_healed":0.0,"max_hp_gain":0.0,"max_hp_loss":6.0,"gold_gain":0.0,"event_name":"betterThird:BetterWriting","player_choice":"Simplicity","floor":20.0,"gold_loss":0.0,"damage_taken":0.0},{"damage_healed":0.0,"max_hp_gain":0.0,"max_hp_loss":0.0,"gold_gain":0.0,"event_name":"Drug Dealer","player_choice":"Obtain J.A.X.","floor":21.0,"gold_loss":0.0,"damage_taken":0.0,"cards_obtained":["J.A.X."]},{"damage_healed":0,"gold_gain":50,"player_choice":"Touch","damage_taken":6,"max_hp_gain":0,"max_hp_loss":0,"event_name":"FaceTrader","floor":22,"gold_loss":0}],"is_beta":false,"boss_relics":[{"not_picked":["HoveringKite","Astrolabe"],"picked":"Sozu"}],"items_purged_floors":[0,0,0],"is_endless":false,"potions_floor_spawned":[6,8,11,14,23,24,27],"killed_by":"Gremlin Leader","ascension_level":16}}