{"host":"J","time":1609258040,"event":{"mods":["AchievementEnabler","BaseMod","Block Reminder","Highlight Path","Minty Spire (QoL Compilation)","Permanent Neow","Quick Restart","Relic Stats","UnlockEverythingMod"],"gold_per_floor":[110,129,178,197,177,177,203,203,228,245,277,277,302,316,316,395,395,411,411,423,79,79,105,105,122,122,157,172,172,172],"floor_reached":29,"playtime":2894,"items_purged":["Gash"],"score":546,"play_id":"9c0a9374-cbf9-4ed3-b55f-fd44873db69b","local_time":"20201229170720","is_ascension_mode":true,"campfire_choices":[{"data":"Zap","floor":6.0,"key":"SMITH"},{"data":"Dualcast","floor":8.0,"key":"SMITH"},{"data":"Darkness","floor":15.0,"key":"SMITH"},{"data":"Creative AI","floor":24.0,"key":"SMITH"}],"circlet_count":0,"master_deck":["AscendersBane","Zap+1","Dualcast+1","BootSequence","Turbo","Cold Snap","Chill","Cold Snap","Ball Lightning","Go for the Eyes","Ball Lightning","Darkness+1","Creative AI+1","Compile Driver","Rip and Tear","Coolheaded","Sunder","Undo","Barrage+1","Compile Driver","Capacitor","Rip and Tear","Loop","Undo+1"],"relics":["Cracked Core","Shuriken","Vajra","Anchor","Blood Vial","Boot","Pandora\u0027s Box","MutagenicStrength","Strawberry","Tiny Chest","Ancient Tea Set","Dream Catcher"],"acts_visited":["Exordium","TheCity"],"potions_floor_usage":[28,29],"damage_taken":[{"damage":0.0,"enemies":"Cultist","floor":1.0,"turns":3.0},{"damage":1.0,"enemies":"Small Slimes","floor":2.0,"turns":5.0},{"damage":0.0,"enemies":"Jaw Worm","floor":4.0,"turns":3.0},{"damage":28.0,"enemies":"Gremlin Nob","floor":7.0,"turns":6.0},{"damage":0.0,"enemies":"Exordium Wildlife","floor":10.0,"turns":3.0},{"damage":9.0,"enemies":"3 Sentries","floor":11.0,"turns":7.0},{"damage":0.0,"enemies":"Lots of Slimes","floor":14.0,"turns":4.0},{"damage":12.0,"enemies":"Hexaghost","floor":16.0,"turns":9.0},{"damage":0.0,"enemies":"2 Thieves","floor":18.0,"turns":3.0},{"damage":0.0,"enemies":"Spheric Guardian","floor":20.0,"turns":1.0},{"damage":24.0,"enemies":"Slavers","floor":23.0,"turns":4.0},{"damage":3.0,"enemies":"Centurion and Healer","floor":25.0,"turns":8.0},{"damage":39.0,"enemies":"Gremlin Leader","floor":27.0,"turns":5.0},{"damage":2,"enemies":"Snake Plant","floor":28,"turns":2},{"damage":0,"enemies":"Book of Stabbing","floor":29,"turns":2}],"seed_played":"-274292957105117790","potions_obtained":[{"floor":2.0,"key":"FearPotion"},{"floor":5.0,"key":"Swift Potion"},{"floor":7.0,"key":"Explosive Potion"},{"floor":16.0,"key":"EssenceOfSteel"},{"floor":22.0,"key":"AttackPotion"},{"floor":25.0,"key":"GamblersBrew"},{"floor":28,"key":"Dexterity Potion"}],"is_trial":false,"path_per_floor":["M","M","T","M","?","R","E","R","T","M","E","?","T","M","R","B",null,"M","?","M","$","?","E","R","M","T","E","M","E"],"character_chosen":"DEFECT","items_purchased":["Compile Driver","Strawberry","Capacitor"],"campfire_rested":0,"item_purchase_floors":[21,21,21],"current_hp_per_floor":[64,63,63,63,63,63,35,35,35,35,26,21,21,23,23,13,51,53,53,55,62,62,40,40,39,39,2,2,4,4],"gold":172,"neow_bonus":"TRANSFORM_TWO_CARDS","is_daily":false,"chose_seed":false,"campfire_upgraded":4,"win_rate":0.0,"timestamp":1609258040,"path_taken":["M","M","?","M","?","R","E","R","T","?","E","?","?","?","R","BOSS","M","?","M","$","?","E","R","M","T","E","?","E"],"items_purchased_type":["Card","Relic","Card"],"build_version":"2020-12-18","purchased_purges":1,"victory":false,"max_hp_per_floor":[64,64,64,64,64,64,64,64,64,64,64,64,64,64,64,64,64,64,64,64,71,71,71,71,71,71,71,71,71,71],"relic_stats":{"Blood Vial":18,"Dream Catcher":0,"counters":[15,65],"Shuriken":[18],"Pandora\u0027s Box":["Compile Driver","Rip and Tear","Coolheaded","Sunder","Undo","Gash"],"Tiny Chest":0,"Boot":[10],"obtain_stats":[{"Blood Vial":12,"Anchor":11,"Dream Catcher":27,"Shuriken":7,"MutagenicStrength":19,"Strawberry":21,"Vajra":9,"Pandora\u0027s Box":17,"Tiny Chest":23,"Cracked Core":0,"Boot":13,"Ancient Tea Set":26},{"Blood Vial":6,"Anchor":6,"Dream Catcher":13,"Shuriken":4,"MutagenicStrength":9,"Strawberry":10,"Vajra":4,"Pandora\u0027s Box":8,"Tiny Chest":11,"Cracked Core":0,"Boot":6,"Ancient Tea Set":12},{"Blood Vial":27,"Anchor":27,"Dream Catcher":61,"Shuriken":17,"MutagenicStrength":43,"Strawberry":44,"Vajra":17,"Pandora\u0027s Box":40,"Tiny Chest":48,"Cracked Core":0,"Boot":27,"Ancient Tea Set":56}]},"card_choices":[{"not_picked":["Steam","Coolheaded"],"picked":"Cold Snap","floor":1.0},{"not_picked":["Aggregate","Lockon"],"picked":"Chill","floor":2.0},{"not_picked":["Turbo","Capacitor"],"picked":"Cold Snap","floor":4.0},{"not_picked":["Steam","Streamline"],"picked":"Ball Lightning","floor":7.0},{"not_picked":["Meteor Strike","Leap"],"picked":"Go for the Eyes","floor":10.0},{"not_picked":["Streamline","Sunder"],"picked":"Ball Lightning","floor":11.0},{"not_picked":["Rebound","Chill"],"picked":"Darkness","floor":14.0},{"not_picked":["Electrodynamics","Machine Learning"],"picked":"Creative AI","floor":16.0},{"not_picked":["Redo","Melter"],"picked":"Barrage+1","floor":18.0},{"not_picked":["Hologram","Rebound","Thunder Strike"],"picked":"SKIP","floor":20.0},{"not_picked":["Double Energy","Hologram"],"picked":"Rip and Tear","floor":23.0},{"not_picked":["Aggregate","Hologram"],"picked":"Loop","floor":25.0},{"not_picked":["Sweeping Beam","Recycle","Go for the Eyes"],"picked":"SKIP","floor":27.0},{"not_picked":["Go for the Eyes","Ball Lightning"],"picked":"Undo+1","floor":28}],"player_experience":211742,"relics_obtained":[{"floor":7.0,"key":"Shuriken"},{"floor":9.0,"key":"Vajra"},{"floor":11.0,"key":"Anchor"},{"floor":13.0,"key":"Boot"},{"floor":23.0,"key":"Tiny Chest"},{"floor":26.0,"key":"Ancient Tea Set"},{"floor":27.0,"key":"Dream Catcher"}],"event_choices":[{"damage_healed":0.0,"max_hp_gain":0.0,"max_hp_loss":0.0,"gold_gain":0.0,"event_name":"The Woman in Blue","player_choice":"Bought 1 Potion","floor":5.0,"gold_loss":0.0,"damage_taken":0.0},{"damage_healed":0.0,"max_hp_gain":0.0,"max_hp_loss":0.0,"gold_gain":0.0,"event_name":"Scrap Ooze","player_choice":"Success","floor":12.0,"gold_loss":0.0,"damage_taken":5.0,"relics_obtained":["Blood Vial"]},{"damage_healed":0.0,"max_hp_gain":0.0,"max_hp_loss":0.0,"gold_gain":0.0,"event_name":"Drug Dealer","player_choice":"Inject Mutagens","floor":19.0,"gold_loss":0.0,"damage_taken":0.0,"relics_obtained":["MutagenicStrength"]},{"damage_healed":0.0,"max_hp_gain":0.0,"max_hp_loss":0.0,"gold_gain":0.0,"event_name":"Lab","player_choice":"Got Potions","floor":22.0,"gold_loss":0.0,"damage_taken":0.0}],"is_beta":true,"boss_relics":[{"not_picked":["Empty Cage","Tiny House"],"picked":"Pandora\u0027s Box"}],"items_purged_floors":[21],"is_endless":false,"potions_floor_spawned":[2,7,10,11,14,16,25,28],"killed_by":"Book of Stabbing","ascension_level":20}}