{"host":"s9oaroyyjdd3e4af","time":1609208071,"event":{"mods":["BaseMod","Colored Powertips","Minty Spire (QoL Compilation)"],"gold_per_floor":[116,116,130,147,147,147,161,161,206,206,206,217,217,250,250,355,355,345,364,364,382,382,382,394,394,394,394,394],"floor_reached":27,"playtime":1611,"items_purged":[],"score":213,"play_id":"5267dc4f-4d42-4b13-8e2a-208932723fbb","local_time":"20201228211431","is_ascension_mode":false,"campfire_choices":[{"data":"Rampage","floor":6,"key":"SMITH"},{"data":"Seeing Red","floor":8,"key":"SMITH"},{"data":"Bash","floor":10,"key":"SMITH"},{"floor":13,"key":"REST"},{"floor":15,"key":"REST"},{"floor":23,"key":"REST"},{"floor":25,"key":"REST"}],"circlet_count":0,"master_deck":["Strike_R","Strike_R","Strike_R","Strike_R","Strike_R","Defend_R","Defend_R","Defend_R","Defend_R","Bash+1","Corruption","Armaments+1","Shrug It Off","Rampage+1","Seeing Red+1","Inflame","Disarm","Double Tap","Cleave+1","Iron Wave","Dropkick","Heavy Blade+1"],"relics":["Burning Blood","Omamori","Art of War","SlaversCollar","Lantern"],"acts_visited":["Exordium","TheCity"],"potions_floor_usage":[14,16,19,21,27],"damage_taken":[{"damage":1,"enemies":"2 Louse","floor":1,"turns":3},{"damage":5,"enemies":"Jaw Worm","floor":3,"turns":4},{"damage":5,"enemies":"Small Slimes","floor":4,"turns":4},{"damage":14,"enemies":"Exordium Wildlife","floor":7,"turns":6},{"damage":10,"enemies":"Looter","floor":12,"turns":3},{"damage":18,"enemies":"Lagavulin","floor":14,"turns":7},{"damage":14,"enemies":"Slime Boss","floor":16,"turns":14},{"damage":30,"enemies":"2 Thieves","floor":18,"turns":5},{"damage":12,"enemies":"3 Byrds","floor":19,"turns":5},{"damage":32,"enemies":"Cultist and Chosen","floor":21,"turns":7},{"damage":38,"enemies":"Snecko","floor":24,"turns":7},{"damage":77,"enemies":"Sentry and Sphere","floor":27,"turns":11}],"seed_played":"-8596232551357711602","potions_obtained":[{"floor":3,"key":"AttackPotion"},{"floor":4,"key":"LiquidMemories"},{"floor":12,"key":"LiquidBronze"},{"floor":14,"key":"Weak Potion"},{"floor":19,"key":"AttackPotion"},{"floor":24,"key":"FairyPotion"}],"is_trial":false,"path_per_floor":["M","?","M","M","?","R","M","R","T","R","?","M","R","E","R","B",null,"M","M","?","M","?","R","M","R","T","M"],"character_chosen":"IRONCLAD","items_purchased":[],"campfire_rested":4,"item_purchase_floors":[],"current_hp_per_floor":[80,80,80,80,80,80,72,72,72,72,72,68,80,68,80,72,80,56,50,50,24,24,48,16,40,40,0,0],"gold":394,"neow_bonus":"ONE_RANDOM_RARE_CARD","is_daily":false,"chose_seed":false,"campfire_upgraded":3,"win_rate":0.0,"timestamp":1609208071,"path_taken":["M","?","M","M","?","R","M","R","T","R","?","M","R","E","R","BOSS","M","M","?","M","?","R","M","R","T","M"],"items_purchased_type":[],"build_version":"2020-12-22","purchased_purges":0,"victory":false,"max_hp_per_floor":[80,80,80,80,80,80,80,80,80,80,80,80,80,80,80,80,80,80,80,80,80,80,80,80,80,80,80,80],"card_choices":[{"not_picked":["Heavy Blade","Warcry"],"picked":"Armaments","floor":1},{"not_picked":["Twin Strike","Pommel Strike"],"picked":"Shrug It Off","floor":3},{"not_picked":["Sword Boomerang","Cleave"],"picked":"Rampage","floor":4},{"not_picked":["Pommel Strike","Demon Form"],"picked":"Seeing Red","floor":7},{"not_picked":["Shrug It Off","Twin Strike"],"picked":"Inflame","floor":12},{"not_picked":["Battle Trance","Havoc"],"picked":"Disarm","floor":14},{"not_picked":["Bludgeon","Corruption"],"picked":"Double Tap","floor":16},{"not_picked":["Combust","Anger"],"picked":"Cleave+1","floor":18},{"not_picked":["Armaments","Twin Strike"],"picked":"Iron Wave","floor":19},{"not_picked":["Cleave","Entrench"],"picked":"Dropkick","floor":21},{"not_picked":["True Grit","Clothesline+1"],"picked":"Heavy Blade+1","floor":24}],"player_experience":696166,"relics_obtained":[{"floor":9,"key":"Omamori"},{"floor":14,"key":"Art of War"},{"floor":26,"key":"Lantern"}],"event_choices":[{"damage_healed":0,"gold_gain":0,"player_choice":"Grow","damage_taken":0,"max_hp_gain":0,"max_hp_loss":0,"event_name":"Living Wall","floor":2,"gold_loss":0,"cards_upgraded":["Armaments"]},{"damage_healed":0,"gold_gain":0,"player_choice":"Leave","damage_taken":0,"max_hp_gain":0,"max_hp_loss":0,"event_name":"The Cleric","floor":5,"gold_loss":0},{"damage_healed":0,"gold_gain":0,"player_choice":"Ignored","damage_taken":0,"max_hp_gain":0,"max_hp_loss":0,"event_name":"Shining Light","floor":11,"gold_loss":0},{"damage_healed":0,"gold_gain":0,"player_choice":"Ignored","damage_taken":0,"max_hp_gain":0,"max_hp_loss":0,"event_name":"Ghosts","floor":20,"gold_loss":0},{"damage_healed":0,"gold_gain":0,"player_choice":"Smashed Altar","damage_taken":0,"max_hp_gain":0,"max_hp_loss":0,"event_name":"Forgotten Altar","floor":22,"gold_loss":0,"cards_obtained":["Decay"]}],"is_beta":false,"boss_relics":[{"not_picked":["Philosopher\u0027s Stone","Busted Crown"],"picked":"SlaversCollar"}],"items_purged_floors":[],"is_endless":false,"potions_floor_spawned":[3,4,12,14,19,24],"killed_by":"Sentry and Sphere","ascension_level":0}}