{"host":"sav7uxregyirlf69","time":1609223550,"event":{"mods":["AchievementEnabler","BaseMod","Colored Map","DeckTracker","Keyboard Shortcuts","Minty Spire (QoL Compilation)","READ ME - Guardian Mod","StSLib","SuperFastMode"],"gold_per_floor":[118,118,132,132,148,148,166,166,166,201,211,226,240,259,259,259,259],"floor_reached":16,"playtime":214,"items_purged":[],"score":262,"play_id":"50b5c4e6-e1b4-4b3b-b8a4-83e061c1ec8b","local_time":"20201229153230","is_ascension_mode":true,"campfire_choices":[{"data":"Darkness","floor":6,"key":"SMITH"},{"floor":8,"key":"REST"},{"data":"Dualcast","floor":15,"key":"SMITH"}],"circlet_count":0,"master_deck":["AscendersBane","Strike_B","Strike_B","Strike_B+1","Strike_B","Defend_B","Defend_B","Defend_B","Defend_B","Zap","Dualcast+1","Coolheaded","Darkness+1","Cold Snap+1","Turbo","Conserve Battery"],"relics":["Cracked Core","NeowsBlessing","Symbiotic Virus","Turnip","Pantograph","Whetstone"],"acts_visited":["Exordium"],"potions_floor_usage":[11],"damage_taken":[{"damage":0,"enemies":"Cultist","floor":1,"turns":1},{"damage":0,"enemies":"Small Slimes","floor":3,"turns":1},{"damage":0,"enemies":"2 Louse","floor":5,"turns":1},{"damage":7,"enemies":"Lots of Slimes","floor":7,"turns":4},{"damage":0,"enemies":"Lagavulin","floor":10,"turns":4},{"damage":0,"enemies":"Large Slime","floor":11,"turns":4},{"damage":13,"enemies":"Exordium Wildlife","floor":12,"turns":4},{"damage":10,"enemies":"Looter","floor":13,"turns":3},{"damage":1,"enemies":"Blue Slaver","floor":14,"turns":3},{"damage":38,"enemies":"Hexaghost","floor":16,"turns":9}],"seed_played":"2420391735452528252","potions_obtained":[{"floor":3,"key":"SteroidPotion"},{"floor":10,"key":"LiquidMemories"},{"floor":12,"key":"Strength Potion"},{"floor":13,"key":"SpeedPotion"}],"is_trial":false,"path_per_floor":["M","?","M","?","M","R","M","R","T","E","M","M","M","M","R","B"],"character_chosen":"DEFECT","items_purchased":[],"campfire_rested":1,"item_purchase_floors":[],"current_hp_per_floor":[64,19,19,19,19,19,12,33,33,33,33,20,10,9,9,0,0],"gold":259,"neow_bonus":"THREE_ENEMY_KILL","is_daily":false,"chose_seed":false,"campfire_upgraded":2,"win_rate":0.0,"timestamp":1609223550,"path_taken":["M","?","M","?","M","R","M","R","T","E","M","M","?","M","R","BOSS"],"items_purchased_type":[],"build_version":"2020-12-22","purchased_purges":0,"victory":false,"max_hp_per_floor":[71,71,71,71,71,71,71,71,71,71,71,71,71,71,71,71,71],"card_choices":[{"not_picked":["Compile Driver","Rebound"],"picked":"Coolheaded","floor":1},{"not_picked":["White Noise","Chaos"],"picked":"Darkness","floor":3},{"not_picked":["Sunder","Force Field"],"picked":"Cold Snap","floor":5},{"not_picked":["Tempest","Streamline","Beam Cell"],"picked":"SKIP","floor":7},{"not_picked":["Creative AI","Conserve Battery"],"picked":"Turbo","floor":10},{"not_picked":["Barrage","Chaos","Sweeping Beam"],"picked":"SKIP","floor":11},{"not_picked":["Heatsinks","Rebound","Stack"],"picked":"SKIP","floor":12},{"not_picked":["Tempest","Streamline","Blizzard"],"picked":"SKIP","floor":13},{"not_picked":["Heatsinks","All For One"],"picked":"Conserve Battery","floor":14}],"player_experience":1040432,"relics_obtained":[{"floor":9,"key":"Pantograph"},{"floor":10,"key":"Whetstone"}],"event_choices":[{"damage_healed":0,"gold_gain":0,"player_choice":"Success","damage_taken":45,"relics_obtained":["Symbiotic Virus"],"max_hp_gain":0,"max_hp_loss":0,"event_name":"Scrap Ooze","floor":2,"gold_loss":0},{"damage_healed":0,"gold_gain":0,"player_choice":"Gave Potion","damage_taken":0,"relics_obtained":["Turnip"],"max_hp_gain":0,"max_hp_loss":0,"event_name":"WeMeetAgain","floor":4,"gold_loss":0}],"is_beta":false,"boss_relics":[],"items_purged_floors":[],"is_endless":false,"potions_floor_spawned":[3,10,12,13],"killed_by":"Hexaghost","ascension_level":20}}