{"host":"78zdngn0u28jm0pp","time":1609278075,"event":{"mods":["BaseMod","Jorbs\u0027s Wanderer Trilogy","Minty Spire (QoL Compilation)","Permanent Neow","Quick Restart","Relic Stats","StSLib","Unceasing Turn Reminder"],"gold_per_floor":[109,109,109,184,195,195,208,208,277,307,307,341,361,378,378,457,457,470,470,470,487,467,467,487,487,487],"floor_reached":25,"playtime":960,"items_purged":[],"score":472,"play_id":"5a340614-cd5c-416a-9fa4-58672180065a","local_time":"20201229144115","is_ascension_mode":true,"campfire_choices":[{"data":"Neutralize","floor":6,"key":"SMITH"},{"data":"Glass Knife","floor":11,"key":"SMITH"},{"data":"Cloak And Dagger","floor":15,"key":"SMITH"},{"data":"RitualDagger","floor":23,"key":"SMITH"}],"circlet_count":0,"master_deck":["AscendersBane","Strike_G","Strike_G","Strike_G","Strike_G","Defend_G","Defend_G","Defend_G","Defend_G","Defend_G","Survivor","Neutralize+1","Flying Knee","Dagger Throw","Backstab","Glass Knife+1","Wraith Form v2","Footwork","Cloak And Dagger+1","Phantasmal Killer","Deflect","RitualDagger+1","Endless Agony"],"relics":["WristBlade","HornCleat","Mummified Hand","Pocketwatch","Smiling Mask","Philosopher\u0027s Stone"],"acts_visited":["Exordium","TheCity"],"potions_floor_usage":[10,18,24],"damage_taken":[{"damage":0,"enemies":"2 Louse","floor":1,"turns":3},{"damage":0,"enemies":"Small Slimes","floor":5,"turns":4},{"damage":0,"enemies":"Jaw Worm","floor":7,"turns":4},{"damage":21,"enemies":"Lagavulin","floor":10,"turns":6},{"damage":0,"enemies":"3 Sentries","floor":12,"turns":6},{"damage":0,"enemies":"Lots of Slimes","floor":13,"turns":3},{"damage":4,"enemies":"2 Fungi Beasts","floor":14,"turns":2},{"damage":2,"enemies":"The Guardian","floor":16,"turns":14},{"damage":11,"enemies":"2 Thieves","floor":18,"turns":4},{"damage":12,"enemies":"Shell Parasite","floor":21,"turns":4},{"damage":17,"enemies":"Shelled Parasite and Fungi","floor":24,"turns":3},{"damage":34,"enemies":"Gremlin Leader","floor":25,"turns":3}],"seed_played":"1254151373348193813","potions_obtained":[{"floor":5,"key":"CultistPotion"},{"floor":10,"key":"Weak Potion"},{"floor":12,"key":"Ancient Potion"},{"floor":22,"key":"SteroidPotion"},{"floor":24,"key":"Ancient Potion"}],"is_trial":false,"path_per_floor":["M","?","?","?","M","R","M","T","T","E","R","E","M","M","R","B",null,"M","?","?","M","?","R","M","E"],"character_chosen":"THE_SILENT","items_purchased":[],"campfire_rested":0,"item_purchase_floors":[],"current_hp_per_floor":[59,64,57,46,46,46,46,46,46,25,25,25,25,21,21,19,58,47,41,55,43,43,43,26,0,0],"gold":487,"neow_bonus":"BOSS_RELIC","is_daily":false,"chose_seed":false,"campfire_upgraded":4,"win_rate":0.0,"timestamp":1609278075,"path_taken":["M","?","?","?","M","R","M","?","T","E","R","E","M","M","R","BOSS","M","?","?","M","?","R","?","E"],"items_purchased_type":[],"build_version":"2020-12-22","purchased_purges":0,"victory":false,"max_hp_per_floor":[66,71,71,71,71,71,71,71,71,71,71,71,71,71,71,71,71,71,71,71,71,71,71,71,71,71],"relic_stats":{"counters":[12,56],"Mummified Hand":[6],"Smiling Mask":0,"obtain_stats":[{"HornCleat":8,"WristBlade":0,"Mummified Hand":9,"Philosopher\u0027s Stone":17,"Smiling Mask":12,"Ring of the Snake":0,"Pocketwatch":10},{"HornCleat":3,"WristBlade":0,"Mummified Hand":3,"Philosopher\u0027s Stone":8,"Smiling Mask":5,"Ring of the Snake":0,"Pocketwatch":4},{"HornCleat":11,"WristBlade":0,"Mummified Hand":11,"Philosopher\u0027s Stone":42,"Smiling Mask":23,"Ring of the Snake":0,"Pocketwatch":17}],"Pocketwatch":[33]},"card_choices":[{"not_picked":["Acrobatics","Outmaneuver"],"picked":"Flying Knee","floor":1},{"not_picked":["Deflect","Prepared"],"picked":"Dagger Throw","floor":5},{"not_picked":["Quick Slash","Flying Knee"],"picked":"Backstab","floor":7},{"not_picked":["Caltrops","Acrobatics"],"picked":"Glass Knife","floor":10},{"not_picked":["Accuracy","Expertise"],"picked":"Wraith Form v2","floor":12},{"not_picked":["Flechettes","Poisoned Stab"],"picked":"Footwork","floor":13},{"not_picked":["Acrobatics","Deadly Poison"],"picked":"Cloak And Dagger","floor":14},{"not_picked":["Storm of Steel","Venomology"],"picked":"Phantasmal Killer","floor":16},{"not_picked":["Poisoned Stab","Flying Knee+1"],"picked":"Deflect","floor":18},{"not_picked":["Setup","Flying Knee"],"picked":"Endless Agony","floor":21},{"not_picked":["Flying Knee","Sucker Punch","Underhanded Strike"],"picked":"SKIP","floor":24}],"player_experience":732254,"relics_obtained":[{"floor":8,"key":"HornCleat"},{"floor":9,"key":"Mummified Hand"},{"floor":10,"key":"Pocketwatch"},{"floor":12,"key":"Smiling Mask"}],"event_choices":[{"damage_healed":0,"gold_gain":0,"player_choice":"Donut","damage_taken":0,"max_hp_gain":5,"max_hp_loss":0,"event_name":"Big Fish","floor":2,"gold_loss":0},{"cards_removed":["Strike_G"],"damage_healed":0,"gold_gain":0,"player_choice":"Card Removal","damage_taken":7,"max_hp_gain":0,"max_hp_loss":0,"event_name":"Golden Wing","floor":3,"gold_loss":0},{"damage_healed":0,"gold_gain":75,"player_choice":"Gather Gold","damage_taken":11,"max_hp_gain":0,"max_hp_loss":0,"event_name":"World of Goop","floor":4,"gold_loss":0},{"damage_healed":0,"gold_gain":0,"player_choice":"Joined the Cult","damage_taken":6,"max_hp_gain":0,"max_hp_loss":0,"event_name":"Nest","floor":19,"gold_loss":0,"cards_obtained":["RitualDagger"]},{"damage_healed":14,"gold_gain":0,"player_choice":"Heal","damage_taken":0,"max_hp_gain":0,"max_hp_loss":0,"event_name":"The Library","floor":20,"gold_loss":0},{"damage_healed":0,"gold_gain":0,"player_choice":"Bought 1 Potion","damage_taken":0,"max_hp_gain":0,"max_hp_loss":0,"event_name":"The Woman in Blue","floor":22,"gold_loss":0}],"is_beta":false,"boss_relics":[{"not_picked":["Runic Pyramid","Velvet Choker"],"picked":"Philosopher\u0027s Stone"}],"items_purged_floors":[],"is_endless":false,"potions_floor_spawned":[5,10,12,13,24],"killed_by":"Gremlin Leader","ascension_level":20}}