{"host":"v1m5rkjj38qutr02","time":1609228980,"event":{"mods":["Act Like it!","BaseMod","Conspire","Gensokyo","GungeonMod","Hallownest","Minty Spire (QoL Compilation)","Replay The Spire","StSLib","The Bug Knight","Youmu£®ªÍ∆«—˝√Œ£©"],"gold_per_floor":[112,112,130,80,155,155,155,155,178,178,16,50,61,61,61,160,160,174,74,89,105,117,152,152,185,212,227,227,261,261,277,277,379,379,393,393,137,155,155,155,11,11,86,86,112,112,127,143,143,143],"floor_reached":51,"playtime":2393,"items_purged":["Strike_B","Strike_B"],"score":1062,"play_id":"db67bd48-822a-45e1-a0de-e3ea5f221fc4","local_time":"20201229160300","is_ascension_mode":true,"campfire_choices":[{"data":"Zap","floor":6.0,"key":"SMITH"},{"data":"Reboot","floor":8.0,"key":"SMITH"},{"data":"Dualcast","floor":10.0,"key":"SMITH"},{"data":"Storm","floor":15.0,"key":"SMITH"},{"floor":24.0,"key":"REST"},{"data":"Chill","floor":28.0,"key":"SMITH"},{"data":"Turbo","floor":30.0,"key":"SMITH"},{"data":"Hologram","floor":32.0,"key":"SMITH"},{"data":"All For One","floor":40,"key":"SMITH"},{"data":"ReplayTheSpireMod:Calculation Training","floor":42,"key":"SMITH"},{"data":"Aggregate","floor":44,"key":"SMITH"},{"data":"Storm","floor":49,"key":"SMITH"}],"circlet_count":0,"master_deck":["Strike_B+1","Defend_B","Defend_B","Defend_B","Defend_B+1","Zap+1","Dualcast+1","Creative AI+1","Reboot+1","Coolheaded","Storm+1","Turbo+1","Chill+1","Self Repair","Redo","Pot Of Greed","Pot Of Greed","Hologram+1","ReplayTheSpireMod:Calculation Training+1","All For One+1","Go for the Eyes+1","Stack+1","Capacitor","Conserve Battery+1","Scrape+1","Aggregate+1","Pot Of Greed","Storm+1","Creative AI+1"],"relics":["Cracked Core","Simple Rune","Replay:Baseball","Pantograph","FaceOfCleric","Busted Crown","Prayer Wheel","conspire:TopHat","Grinning Jar","Akabeko","Bag of Preparation","Runic Pyramid","Geode","Runic Capacitor","Divine Protection","Blood Vial"],"acts_visited":["Exordium","TheCity","TheBeyond"],"potions_floor_usage":[47],"damage_taken":[{"damage":0.0,"enemies":"conspire:RoseBush","floor":1.0,"turns":4.0},{"damage":0.0,"enemies":"2 Louse","floor":3.0,"turns":3.0},{"damage":5.0,"enemies":"HollowMod:MossKnight","floor":12.0,"turns":7.0},{"damage":0.0,"enemies":"Cultist","floor":13.0,"turns":3.0},{"damage":39.0,"enemies":"Fading Forest","floor":16.0,"turns":11.0},{"damage":3.0,"enemies":"Chosen","floor":18.0,"turns":4.0},{"damage":11.0,"enemies":"3 Byrds","floor":20.0,"turns":4.0},{"damage":18.0,"enemies":"Snake Plant","floor":21.0,"turns":3.0},{"damage":9.0,"enemies":"Snecko","floor":22.0,"turns":7.0},{"damage":19.0,"enemies":"HollowMod:Nosk","floor":23.0,"turns":7.0},{"damage":23.0,"enemies":"conspire:SneckoGhost","floor":25.0,"turns":6.0},{"damage":8.0,"enemies":"Shelled Parasite and Fungi","floor":27.0,"turns":6.0},{"damage":0.0,"enemies":"HollowMod:Nosk","floor":29.0,"turns":10.0},{"damage":0.0,"enemies":"3 Cultists","floor":31.0,"turns":5.0},{"damage":27.0,"enemies":"conspire:MysteriousRune","floor":33.0,"turns":9.0},{"damage":1.0,"enemies":"3 Shapes","floor":35.0,"turns":5.0},{"damage":1.0,"enemies":"Orb Walker","floor":38.0,"turns":4.0},{"damage":0,"enemies":"HollowMod:StalkingDevout","floor":45,"turns":4},{"damage":6,"enemies":"Jaw Worm Horde","floor":47,"turns":4},{"damage":0,"enemies":"3 Darklings","floor":48,"turns":3},{"damage":61,"enemies":"Time Eater","floor":50,"turns":7}],"seed_played":"-2869697341282466587","potions_obtained":[{"floor":1.0,"key":"Weak Potion"},{"floor":12.0,"key":"FocusPotion"},{"floor":16.0,"key":"GamblersBrew"},{"floor":18.0,"key":"ColorlessPotion"},{"floor":22.0,"key":"Flashbang"},{"floor":25.0,"key":"Milkshake"},{"floor":31.0,"key":"Swift Potion"},{"floor":45,"key":"AttackPotion"},{"floor":48,"key":"AttackPotion"}],"is_trial":false,"path_per_floor":["M","?","M","?","?","R","T","R","T","R","$","E","M","?","R","B",null,"M","$","M","M","M","E","R","E","T","M","R","E","R","M","R","B",null,"M","?","$","M","?","R","$","R","T","R","E","?","M","M","R","B",null],"character_chosen":"DEFECT","items_purchased":["Storm","Turbo","Capacitor","Runic Capacitor","Conserve Battery+1","Aggregate","Storm"],"campfire_rested":1,"item_purchase_floors":[11,11,37,37,37,41,41],"current_hp_per_floor":[68,68,68,68,57,57,57,57,57,57,57,52,52,52,52,43,68,73,73,70,60,59,48,72,57,57,57,57,65,65,73,73,54,78,85,85,85,88,88,88,88,88,88,88,89,89,84,91,91,31],"gold":143,"neow_bonus":"ONE_RANDOM_RARE_CARD","is_daily":false,"chose_seed":false,"campfire_upgraded":11,"win_rate":0.0,"timestamp":1609228980,"path_taken":["M","?","M","?","?","R","?","R","T","R","$","E","?","?","R","BOSS","M","$","M","?","M","E","R","E","T","M","R","E","R","M","R","BOSS","M","?","$","?","?","R","?","R","T","R","E","?","M","M","R","BOSS"],"items_purchased_type":["Card","Card","Card","Relic","Card","Card","Card"],"build_version":"2020-12-22","purchased_purges":2,"victory":true,"max_hp_per_floor":[75,75,75,75,75,75,75,75,75,75,75,75,75,75,75,76,76,77,77,78,79,80,81,81,82,82,83,83,84,84,85,85,86,86,87,87,87,88,88,88,88,88,88,88,89,89,90,91,91,92],"card_choices":[{"not_picked":["ReplayTheSpireMod:System Scan","Blizzard"],"picked":"Reboot","floor":1.0},{"not_picked":["Hello World","Streamline"],"picked":"Coolheaded","floor":3.0},{"not_picked":["Rebound","Go for the Eyes"],"picked":"Chill","floor":12.0},{"not_picked":["Barrage","Panic Button"],"picked":"Self Repair","floor":13.0},{"not_picked":["ReplayRNGCard","Seek"],"picked":"ReplayTheSpireMod:Fabricate Wheel","floor":16.0},{"not_picked":[],"picked":"Redo","floor":18.0},{"not_picked":["Compile Driver+1"],"picked":"SKIP","floor":18.0},{"not_picked":["Redo"],"picked":"SKIP","floor":20.0},{"not_picked":["Leap"],"picked":"SKIP","floor":20.0},{"not_picked":["Sweeping Beam"],"picked":"SKIP","floor":21.0},{"not_picked":["BasicCrystalCard"],"picked":"SKIP","floor":21.0},{"not_picked":["Fusion+1"],"picked":"SKIP","floor":22.0},{"not_picked":["Streamline"],"picked":"SKIP","floor":22.0},{"not_picked":["Redo"],"picked":"SKIP","floor":23.0},{"not_picked":["Rebound"],"picked":"SKIP","floor":25.0},{"not_picked":[],"picked":"Hologram","floor":27.0},{"not_picked":["Hologram"],"picked":"SKIP","floor":27.0},{"not_picked":["Redo"],"picked":"SKIP","floor":29.0},{"not_picked":[],"picked":"ReplayTheSpireMod:Calculation Training","floor":31.0},{"not_picked":["Sunder+1"],"picked":"SKIP","floor":31.0},{"not_picked":[],"picked":"All For One","floor":33.0},{"not_picked":[],"picked":"Go for the Eyes+1","floor":35.0},{"not_picked":[],"picked":"Stack+1","floor":35.0},{"not_picked":[],"picked":"Scrape+1","floor":38.0},{"not_picked":["Undo"],"picked":"SKIP","floor":38.0},{"not_picked":["Stack+1"],"picked":"SKIP","floor":45},{"not_picked":["Recycle"],"picked":"SKIP","floor":47},{"not_picked":["Streamline+1"],"picked":"SKIP","floor":47},{"not_picked":["ReplayTheSpireMod:System Scan+1"],"picked":"SKIP","floor":48},{"not_picked":["Scrape+1"],"picked":"SKIP","floor":48}],"player_experience":389237,"relics_obtained":[{"floor":7.0,"key":"Simple Rune"},{"floor":9.0,"key":"Replay:Baseball"},{"floor":12.0,"key":"Pantograph"},{"floor":23.0,"key":"conspire:TopHat"},{"floor":25.0,"key":"Grinning Jar"},{"floor":26.0,"key":"Akabeko"},{"floor":29.0,"key":"Bag of Preparation"},{"floor":43,"key":"Divine Protection"},{"floor":45,"key":"Blood Vial"}],"event_choices":[{"damage_healed":0.0,"max_hp_gain":0.0,"max_hp_loss":0.0,"gold_gain":0.0,"event_name":"Living Wall","player_choice":"Grow","floor":2.0,"gold_loss":0.0,"damage_taken":0.0,"cards_upgraded":["Creative AI"]},{"cards_removed":["Strike_B"],"damage_healed":0.0,"max_hp_gain":0.0,"max_hp_loss":0.0,"gold_gain":0.0,"event_name":"The Cleric","player_choice":"Card Removal","floor":4.0,"gold_loss":50.0,"damage_taken":0.0},{"damage_healed":0.0,"max_hp_gain":0.0,"max_hp_loss":0.0,"gold_gain":75.0,"event_name":"World of Goop","player_choice":"Gather Gold","floor":5.0,"gold_loss":0.0,"damage_taken":11.0},{"damage_healed":0.0,"max_hp_gain":0.0,"max_hp_loss":0.0,"gold_gain":0.0,"event_name":"FaceTrader","player_choice":"Trade","floor":14.0,"gold_loss":0.0,"damage_taken":0.0,"relics_obtained":["FaceOfCleric"]},{"damage_healed":0.0,"max_hp_gain":0.0,"max_hp_loss":0.0,"gold_gain":0.0,"event_name":"WeMeetAgain","player_choice":"Gave Potion","floor":36.0,"gold_loss":0.0,"damage_taken":0.0,"relics_obtained":["Geode"]},{"damage_healed":0,"gold_gain":0,"player_choice":"Copied","damage_taken":0,"max_hp_gain":0,"max_hp_loss":0,"event_name":"Duplicator","floor":46,"gold_loss":0,"cards_obtained":["Creative AI"]}],"is_beta":false,"boss_relics":[{"not_picked":["Replay:Grab Bag","Abe\u0027s Treasure"],"picked":"Busted Crown"},{"not_picked":["Painkiller Herb","conspire:RunicOctahedron"],"picked":"Runic Pyramid"}],"items_purged_floors":[11,19],"is_endless":false,"potions_floor_spawned":[1,12,16,18,22,25,31,45,48],"ascension_level":7}}