{"host":"m77rrhbqzv44va4v","time":1609208597,"event":{"mods":["AchievementEnabler","BaseMod","Colored Map","DeckTracker","Keyboard Shortcuts","Minty Spire (QoL Compilation)","StSLib","SuperFastMode","everything is the same but u backflip on backflip"],"gold_per_floor":[119,194,194,84,133,166,176,210,210,221,252,5,5,37,37,109,109,119,133,144,144,167,202,202,227,274,288,307,307,317,342,342,414,414,434,3,22,34,59,59,73,73,142,167,218,218,245,256,256,256],"floor_reached":51,"playtime":1713,"items_purged":["Strike_R","Strike_R","Strike_R"],"score":1507,"play_id":"97b89619-dec8-44cb-a2eb-64b93bd35549","local_time":"20201229112317","is_ascension_mode":true,"campfire_choices":[{"data":"Fire Breathing","floor":13,"key":"SMITH"},{"data":"Pommel Strike","floor":15,"key":"SMITH"},{"floor":24,"key":"REST"},{"floor":29,"key":"REST"},{"floor":32,"key":"RECALL"},{"floor":40,"key":"REST"},{"floor":42,"key":"REST"},{"floor":46,"key":"REST"},{"floor":49,"key":"REST"}],"circlet_count":0,"master_deck":["AscendersBane","Defend_R","Defend_R","Defend_R","Defend_R","Bash+1","Wild Strike","Fire Breathing+1","Immolate+1","Sever Soul","Seeing Red","Pommel Strike+1","Offering","Power Through","Battle Trance+1","Disarm","Shrug It Off","Disarm","Second Wind","Feel No Pain+1","Dark Embrace+1","Feed","Seeing Red+1","Armaments","Shrug It Off"],"relics":["Burning Blood","NeowsBlessing","Regal Pillow","Question Card","CaptainsWheel","Ornamental Fan","Bird Faced Urn","Medical Kit","HornCleat","Fusion Hammer","Vajra","Whetstone","PreservedInsect","Happy Flower","Pocketwatch","Sozu","Dream Catcher","HandDrill","Calipers","Kunai","Bag of Preparation","Magic Flower","Mango"],"acts_visited":["Exordium","TheCity","TheBeyond"],"potions_floor_usage":[11,14,23,35,50],"damage_taken":[{"damage":0.0,"enemies":"Small Slimes","floor":1.0,"turns":1.0},{"damage":0,"enemies":"3 Sentries","floor":6,"turns":2},{"damage":0,"enemies":"Jaw Worm","floor":7,"turns":1},{"damage":46,"enemies":"Lagavulin","floor":8,"turns":6},{"damage":1,"enemies":"Cultist","floor":10,"turns":3},{"damage":16,"enemies":"Gremlin Nob","floor":11,"turns":4},{"damage":25,"enemies":"3 Sentries","floor":14,"turns":4},{"damage":33,"enemies":"Hexaghost","floor":16,"turns":9},{"damage":0,"enemies":"Spheric Guardian","floor":18,"turns":3},{"damage":8,"enemies":"Chosen","floor":19,"turns":4},{"damage":17,"enemies":"Shelled Parasite and Fungi","floor":20,"turns":4},{"damage":14,"enemies":"Gremlin Leader","floor":23,"turns":3},{"damage":22,"enemies":"Slavers","floor":25,"turns":4},{"damage":25,"enemies":"Snake Plant","floor":27,"turns":2},{"damage":6,"enemies":"Chosen and Byrds","floor":28,"turns":3},{"damage":8,"enemies":"Centurion and Healer","floor":30,"turns":4},{"damage":6,"enemies":"Book of Stabbing","floor":31,"turns":3},{"damage":0,"enemies":"Collector","floor":33,"turns":6},{"damage":11,"enemies":"3 Darklings","floor":35,"turns":3},{"damage":6,"enemies":"Orb Walker","floor":37,"turns":4},{"damage":22,"enemies":"Transient","floor":38,"turns":5},{"damage":6,"enemies":"Mind Bloom Boss Battle","floor":39,"turns":4},{"damage":10,"enemies":"4 Shapes","floor":41,"turns":2},{"damage":18,"enemies":"Giant Head","floor":44,"turns":7},{"damage":6,"enemies":"2 Orb Walkers","floor":45,"turns":4},{"damage":6,"enemies":"Nemesis","floor":47,"turns":5},{"damage":6,"enemies":"Sphere and 2 Shapes","floor":48,"turns":3},{"damage":25,"enemies":"Awakened One","floor":50,"turns":13}],"seed_played":"3137980809784095884","potions_obtained":[{"floor":1.0,"key":"DistilledChaos"},{"floor":6,"key":"EntropicBrew"},{"floor":7,"key":"BloodPotion"},{"floor":14,"key":"AttackPotion"},{"floor":18,"key":"SkillPotion"},{"floor":23,"key":"LiquidBronze"}],"is_trial":false,"path_per_floor":["M","?","?","$","T","E","M","E","T","M","E","$","R","E","R","B",null,"M","M","M","?","T","E","R","E","T","M","M","R","M","E","R","B",null,"M","$","M","M","?","R","M","R","T","E","?","R","E","M","R","B",null],"character_chosen":"IRONCLAD","items_purchased":["Fire Breathing","Medical Kit","Dream Catcher","HandDrill"],"campfire_rested":6,"item_purchase_floors":[4,12,36,36],"current_hp_per_floor":[78,67,67,67,67,73,79,39,39,44,34,34,34,33,33,8,62,70,70,61,61,61,55,80,66,66,47,49,80,80,80,80,80,80,75,75,77,63,67,80,80,80,80,68,74,80,94,94,94,86],"gold":256,"neow_bonus":"THREE_ENEMY_KILL","is_daily":false,"chose_seed":false,"campfire_upgraded":2,"win_rate":0.0,"timestamp":1609208597,"path_taken":["M","?","?","?","?","E","M","E","T","M","E","$","R","E","R","BOSS","M","M","M","?","?","E","R","E","T","M","M","R","M","E","R","BOSS","M","$","M","M","?","R","M","R","T","E","?","R","E","M","R","BOSS"],"items_purchased_type":["Card","Relic","Relic","Relic"],"build_version":"2020-12-22","purchased_purges":3,"victory":true,"max_hp_per_floor":[80,80,80,80,80,80,80,80,80,80,80,80,80,80,80,80,80,80,80,80,80,80,80,80,80,80,80,80,80,80,80,80,80,80,80,80,80,80,80,80,80,80,80,80,80,80,94,94,94,97],"card_choices":[{"not_picked":["Battle Trance","Inflame"],"picked":"Wild Strike","floor":1.0},{"not_picked":["Body Slam","Feel No Pain"],"picked":"Immolate","floor":6},{"not_picked":["Iron Wave","Perfected Strike","Hemokinesis","Body Slam"],"picked":"SKIP","floor":7},{"not_picked":["Dark Embrace","Rage","Armaments"],"picked":"Sever Soul","floor":8},{"not_picked":["Sword Boomerang","Thunderclap","Headbutt"],"picked":"Seeing Red","floor":10},{"not_picked":["Feel No Pain","Demon Form","Perfected Strike","Flex"],"picked":"SKIP","floor":11},{"not_picked":["Headbutt","Inflame","True Grit"],"picked":"Pommel Strike","floor":14},{"not_picked":["Demon Form","Barricade","Immolate"],"picked":"Offering","floor":16},{"not_picked":["Hemokinesis","Dropkick","Perfected Strike","Warcry"],"picked":"SKIP","floor":18},{"not_picked":["Entrench","Headbutt","Havoc"],"picked":"Power Through","floor":19},{"not_picked":["Anger","Warcry","Cleave+1"],"picked":"Battle Trance+1","floor":20},{"not_picked":["Metallicize","Iron Wave","Clothesline","Demon Form"],"picked":"SKIP","floor":23},{"not_picked":["Battle Trance","Shockwave","Twin Strike","Armaments"],"picked":"SKIP","floor":25},{"not_picked":["Clothesline","Cleave","Perfected Strike"],"picked":"Disarm","floor":27},{"not_picked":["Wild Strike","Clash","Dropkick","Fire Breathing"],"picked":"SKIP","floor":28},{"not_picked":["Intimidate","Impervious","Heavy Blade"],"picked":"Shrug It Off","floor":30},{"not_picked":["Berserk","Iron Wave","Sever Soul"],"picked":"Disarm","floor":31},{"not_picked":["Twin Strike","Perfected Strike","Sword Boomerang"],"picked":"Second Wind","floor":35},{"not_picked":["Ghostly Armor","Whirlwind","Power Through","Flex+1"],"picked":"SKIP","floor":37},{"not_picked":["Second Wind","Dual Wield","Seeing Red+1"],"picked":"Feel No Pain+1","floor":38},{"not_picked":["Disarm","Power Through+1","Spot Weakness"],"picked":"Dark Embrace+1","floor":39},{"not_picked":["Wild Strike","Metallicize","Sword Boomerang"],"picked":"Feed","floor":41},{"not_picked":["Power Through","Battle Trance","Metallicize"],"picked":"Seeing Red+1","floor":44},{"not_picked":["Second Wind+1","Wild Strike","Headbutt+1"],"picked":"Armaments","floor":45},{"not_picked":["Headbutt","Bludgeon","Cleave"],"picked":"Shrug It Off","floor":47},{"not_picked":["Wild Strike","Anger","Pommel Strike+1","Thunderclap"],"picked":"SKIP","floor":48}],"player_experience":829361,"relics_obtained":[{"floor":5,"key":"Regal Pillow"},{"floor":6,"key":"Question Card"},{"floor":8,"key":"CaptainsWheel"},{"floor":9,"key":"Ornamental Fan"},{"floor":11,"key":"Bird Faced Urn"},{"floor":14,"key":"HornCleat"},{"floor":22,"key":"Vajra"},{"floor":23,"key":"Whetstone"},{"floor":25,"key":"PreservedInsect"},{"floor":26,"key":"Happy Flower"},{"floor":31,"key":"Pocketwatch"},{"floor":39,"key":"Calipers"},{"floor":43,"key":"Kunai"},{"floor":44,"key":"Bag of Preparation"},{"floor":45,"key":"Magic Flower"},{"floor":47,"key":"Mango"}],"event_choices":[{"damage_healed":0.0,"max_hp_gain":0.0,"max_hp_loss":0.0,"gold_gain":75.0,"event_name":"World of Goop","player_choice":"Gather Gold","floor":2.0,"gold_loss":0.0,"damage_taken":11.0},{"cards_removed":["Strike_R"],"damage_healed":0.0,"max_hp_gain":0.0,"max_hp_loss":0.0,"gold_gain":0.0,"event_name":"Living Wall","player_choice":"Forget","floor":3.0,"gold_loss":0.0,"damage_taken":0.0},{"cards_removed":["Strike_R"],"damage_healed":0,"gold_gain":0,"player_choice":"Elegance","damage_taken":0,"max_hp_gain":0,"max_hp_loss":0,"event_name":"Back to Basics","floor":21,"gold_loss":0},{"damage_healed":0,"gold_gain":0,"player_choice":"Fight","damage_taken":0,"max_hp_gain":0,"max_hp_loss":0,"event_name":"MindBloom","floor":39,"gold_loss":0},{"damage_healed":0,"gold_gain":0,"player_choice":"Fight","damage_taken":0,"max_hp_gain":0,"max_hp_loss":0,"event_name":"Mysterious Sphere","floor":45,"gold_loss":0}],"is_beta":false,"boss_relics":[{"not_picked":["Busted Crown","Empty Cage"],"picked":"Fusion Hammer"},{"not_picked":["SacredBark","Snecko Eye"],"picked":"Sozu"}],"items_purged_floors":[4,12,36],"is_endless":false,"potions_floor_spawned":[1,6,7,10,14,18,23,25,30,35,39,41,45,48],"ascension_level":13}}