{"host":"evok2ztcuz289k61","time":1609246936,"event":{"mods":["BaseMod","Colored Map","Downfall","Minty Spire (QoL Compilation)","StSLib"],"gold_per_floor":[99,115,130,185,198,224,269,194,205,223,237,387,387,297,316,418,418,418,418,418,418,429,448,527,543,576,426,460,31,31,31,47,152,152,152,168,180,196,196,210,210,225,256,220,220,251,251,213,231,231,231,256,113,113,113],"floor_reached":56,"playtime":4668,"items_purged":["Slimebound:Icky","Shame","sneckomod:Bewildered"],"score":1478,"play_id":"8a15e2a9-2b88-46ae-8a69-f499081a8991","local_time":"20201229080216","is_ascension_mode":true,"campfire_choices":[{"floor":1,"key":"RECALL"},{"data":"sneckomod:Unknown2Cost","floor":8,"key":"SMITH"},{"data":"sneckomod:SoulDraw","floor":13,"key":"SMITH"},{"data":"sneckomod:UnknownWeak","floor":18,"key":"SMITH"},{"data":"sneckomod:UnknownVulnerable","floor":27,"key":"SMITH"},{"data":"sneckomod:UnknownClassRED","floor":35,"key":"SMITH"},{"data":"sneckomod:UnknownRareSkill","floor":54,"key":"SMITH"}],"circlet_count":0,"master_deck":["sneckomod:TailWhip","sneckomod:SnekBite","sneckomod:Unknown","sneckomod:Unknown","Dramatic Entrance","sneckomod:QuickMove","sneckomod:QuickBite","sneckomod:QuickMove","sneckomod:Unknown2Cost+1","sneckomod:UnknownCommonSkill","sneckomod:SoulDraw+1","sneckomod:UnknownWeak+1","sneckomod:UnknownExhaust","sneckomod:Restock","sneckomod:Unknown1Cost","sneckomod:SoulExchange","sneckomod:UnknownVulnerable+1","sneckomod:UnknownClassPURPLE","sneckomod:SoulRoll","sneckomod:UnknownVulnerable+1","sneckomod:WideSting","sneckomod:UnknownClassRED+1","sneckomod:UnknownRareSkill+1","sneckomod:UnlimitedRolls","sneckomod:SoulCleanse","sneckomod:Unknown2Cost","sneckomod:UnknownClassRED","sneckomod:Unknown3Cost+1","sneckomod:QuickMove","sneckomod:MasterEye+1","sneckomod:Unknown2Cost","sneckomod:SlitherStrike+1","expansioncontent:Collect","sneckomod:UnknownClassRED","sneckomod:UnknownUncommonPower+1","sneckomod:UnknownRarePower"],"relics":["sneckomod:SneckoSoul","hexamod:BolsterEngine","Thread and Needle","Anchor","downfall:HeartBlessingRed","Snecko Eye","Pear","Pocketwatch","downfall:HeartBlessingGreen","downfall:HeartBlessingBlue","Blood Vial","Blue Candle","sneckomod:BabySnecko","Letter Opener","Pandora\u0027s Box","Singing Bowl","HornCleat","Shuriken","Calipers","Centennial Puzzle","Guardian:PocketSentry"],"acts_visited":["Exordium","TheCity","TheBeyond","TheEnding"],"potions_floor_usage":[16,28,43,55,55,55,55,55],"damage_taken":[{"damage":0,"enemies":"Small Slimes","floor":2,"turns":2},{"damage":1,"enemies":"Jaw Worm","floor":3,"turns":2},{"damage":19,"enemies":"Gremlin Nob","floor":4,"turns":4},{"damage":0,"enemies":"2 Louse","floor":5,"turns":2},{"damage":30,"enemies":"Gremlin Nob","floor":6,"turns":4},{"damage":0,"enemies":"Large Slime","floor":9,"turns":4},{"damage":0,"enemies":"Exordium Thugs","floor":10,"turns":3},{"damage":0,"enemies":"Gremlin Gang","floor":11,"turns":2},{"damage":12,"enemies":"downfall:FleeingMerchant","floor":14,"turns":4},{"damage":0,"enemies":"3 Louse","floor":15,"turns":2},{"damage":18,"enemies":"downfall:Silent","floor":16,"turns":11},{"damage":0,"enemies":"Spheric Guardian","floor":22,"turns":4},{"damage":0,"enemies":"Centurion and Healer","floor":23,"turns":2},{"damage":0,"enemies":"Snake Plant","floor":25,"turns":2},{"damage":7,"enemies":"Book of Stabbing","floor":26,"turns":7},{"damage":28,"enemies":"Slavers","floor":28,"turns":5},{"damage":2,"enemies":"downfall:FleeingMerchant","floor":29,"turns":5},{"damage":0,"enemies":"3 Cultists","floor":32,"turns":3},{"damage":0,"enemies":"downfall:Defect","floor":33,"turns":5},{"damage":0,"enemies":"3 Darklings","floor":36,"turns":3},{"damage":0,"enemies":"Orb Walker","floor":37,"turns":2},{"damage":24,"enemies":"Transient","floor":38,"turns":5},{"damage":3,"enemies":"Sphere and 2 Shapes","floor":40,"turns":2},{"damage":3,"enemies":"3 Darklings","floor":42,"turns":4},{"damage":38,"enemies":"Reptomancer","floor":43,"turns":4},{"damage":0,"enemies":"downfall:FleeingMerchant","floor":44,"turns":3},{"damage":27,"enemies":"Nemesis","floor":46,"turns":5},{"damage":0,"enemies":"Maw","floor":49,"turns":5},{"damage":21,"enemies":"downfall:Ironclad","floor":50,"turns":9},{"damage":17,"enemies":"downfall:CharBossMerchant","floor":52,"turns":5},{"damage":9,"enemies":"downfall:NeowBoss","floor":55,"turns":17}],"seed_played":"-4589171754819967950","potions_obtained":[{"floor":3,"key":"EssenceOfSteel"},{"floor":5,"key":"sneckomod:CheatPotion"},{"floor":9,"key":"PowerPotion"},{"floor":11,"key":"EntropicBrew"},{"floor":22,"key":"SkillPotion"},{"floor":42,"key":"Ancient Potion"},{"floor":43,"key":"PowerPotion"}],"is_trial":false,"path_per_floor":["R","M","M","?","M","E","T","R","M","M","M","?","R","$","M","B",null,"R","?","?","?","M","M","T","M","E","R","E","$","?","T","M","B",null,"R","M","M","M","?","M","T","M","E","$","?","E","?","$","M","B",null,"E","$","R","B",null],"character_chosen":"THE_SNECKO","items_purchased":["sneckomod:WideSting","Blue Candle","Shuriken","sneckomod:UnknownClassRED","Guardian:PocketSentry"],"campfire_rested":0,"item_purchase_floors":[29,29,44,48,53],"current_hp_per_floor":[90,90,89,70,71,42,42,42,42,43,44,44,44,44,45,27,95,95,95,76,86,87,87,87,87,81,91,63,64,64,64,67,70,128,128,128,129,115,115,114,114,115,100,102,102,81,81,82,85,66,137,125,125,125,122],"gold":113,"neow_bonus":"RANDOM_COLORLESS","is_daily":false,"chose_seed":false,"campfire_upgraded":6,"win_rate":0.0,"timestamp":1609246936,"path_taken":["R","M","M","?","M","E","T","R","M","M","M","?","R","$","M","BOSS","R","?","?","?","?","M","T","?","E","R","E","$","?","?","M","BOSS","R","M","M","M","?","?","T","M","E","$","?","E","?","$","M","BOSS","E","$","R","BOSS"],"items_purchased_type":["Card","Relic","Relic","Card","Relic"],"build_version":"2020-12-22","purchased_purges":3,"victory":true,"max_hp_per_floor":[90,90,90,90,91,92,92,92,92,93,94,94,94,94,95,95,95,95,95,100,110,111,111,111,111,112,122,122,123,123,123,124,125,128,128,128,129,129,129,129,129,131,133,133,133,135,135,136,137,137,137,138,138,138,138],"card_choices":[{"not_picked":["expansioncontent:FaceSlap","expansioncontent:Hexaburn"],"picked":"Dramatic Entrance","floor":0},{"not_picked":["sneckomod:UnknownX","sneckomod:UnknownUncommonSkill"],"picked":"sneckomod:QuickMove","floor":2},{"not_picked":["sneckomod:IronFang","sneckomod:UnknownClassTHE_CHAMP_GRAY"],"picked":"sneckomod:QuickBite","floor":3},{"not_picked":["sneckomod:SoulRoll","sneckomod:DangerNoodle"],"picked":"sneckomod:QuickMove","floor":4},{"not_picked":["sneckomod:SnakeSap","sneckomod:UnknownExhaust"],"picked":"sneckomod:Unknown2Cost","floor":5},{"not_picked":["sneckomod:UnknownClassTHE_CHAMP_GRAY","sneckomod:DefensiveFlair"],"picked":"sneckomod:UnknownCommonSkill","floor":6},{"not_picked":["sneckomod:QuickMove","sneckomod:SoulRoll"],"picked":"sneckomod:SoulDraw","floor":9},{"not_picked":["sneckomod:DiceBlock","sneckomod:UnknownCommonAttack"],"picked":"sneckomod:UnknownWeak","floor":10},{"not_picked":["sneckomod:QuickMove","sneckomod:ImprovisedGuard"],"picked":"sneckomod:UnknownExhaust","floor":11},{"not_picked":["sneckomod:UnknownClassSLIMEBOUND","sneckomod:DiceCrush"],"picked":"sneckomod:Restock","floor":14},{"not_picked":["sneckomod:UnknownCommonSkill","sneckomod:UnknownClassHEXA_GHOST_PURPLE"],"picked":"sneckomod:Unknown1Cost","floor":15},{"not_picked":["sneckomod:MorePower","sneckomod:GlitteringGambit"],"picked":"sneckomod:SoulExchange","floor":16},{"not_picked":["sneckomod:Unknown2Cost","sneckomod:UnknownCommonAttack"],"picked":"sneckomod:UnknownVulnerable","floor":22},{"not_picked":["sneckomod:DiceBlock+1","sneckomod:UnknownClassHEXA_GHOST_PURPLE","sneckomod:UnknownClassSLIMEBOUND"],"picked":"SKIP","floor":23},{"not_picked":["sneckomod:DiceBlock","sneckomod:IronFang","sneckomod:SnekBeam"],"picked":"SKIP","floor":25},{"not_picked":["sneckomod:WideSting","sneckomod:ImprovisedGuard"],"picked":"sneckomod:UnknownClassPURPLE","floor":26},{"not_picked":["sneckomod:Unknown0Cost","sneckomod:MixItUp"],"picked":"sneckomod:SoulRoll","floor":28},{"not_picked":["sneckomod:WideSting","sneckomod:SoulDraw+1"],"picked":"sneckomod:UnknownVulnerable+1","floor":29},{"not_picked":["sneckomod:UnknownExhaust+1","sneckomod:DiceCrush"],"picked":"sneckomod:UnknownClassRED","floor":32},{"not_picked":["sneckomod:Mudshield","sneckomod:MorePower"],"picked":"sneckomod:UnknownRareSkill","floor":33},{"not_picked":["sneckomod:PureSnecko","sneckomod:RainOfDice+1"],"picked":"sneckomod:MasterEye+1","floor":36},{"not_picked":["sneckomod:UnknownClassRED","sneckomod:DefensiveFlair+1"],"picked":"sneckomod:Unknown2Cost","floor":37},{"not_picked":["sneckomod:QuickMove","sneckomod:UnknownUncommonSkill","sneckomod:MasterEye+1"],"picked":"SKIP","floor":38},{"not_picked":["sneckomod:WideSting","sneckomod:SoulRoll","sneckomod:UnknownBlock+1"],"picked":"SKIP","floor":40},{"not_picked":["sneckomod:SoulDraw","sneckomod:ImprovisedGuard+1","sneckomod:UnknownStrike"],"picked":"Singing Bowl","floor":42},{"not_picked":["sneckomod:IronFang","sneckomod:Restock","sneckomod:UnknownCommonAttack"],"picked":"Singing Bowl","floor":43},{"not_picked":["sneckomod:UnknownClassTHE_CHAMP_GRAY","sneckomod:Rotation"],"picked":"sneckomod:SlitherStrike+1","floor":44},{"not_picked":["sneckomod:UnknownStrike","sneckomod:Nope+1","sneckomod:UnknownCommonAttack+1"],"picked":"Singing Bowl","floor":46},{"not_picked":["expansioncontent:Flail","expansioncontent:Sear"],"picked":"expansioncontent:Collect","floor":47},{"not_picked":["sneckomod:UnknownClassBLUE","sneckomod:DiceBoulder"],"picked":"sneckomod:UnknownUncommonPower+1","floor":49},{"not_picked":["sneckomod:WideSting","sneckomod:MixItUp+1"],"picked":"sneckomod:UnknownRarePower","floor":52}],"player_experience":329903,"relics_obtained":[{"floor":4,"key":"hexamod:BolsterEngine"},{"floor":6,"key":"Thread and Needle"},{"floor":7,"key":"Anchor"},{"floor":26,"key":"Pocketwatch"},{"floor":28,"key":"Blood Vial"},{"floor":31,"key":"Letter Opener"},{"floor":41,"key":"Singing Bowl"},{"floor":43,"key":"HornCleat"},{"floor":46,"key":"Calipers"},{"floor":52,"key":"Centennial Puzzle"}],"event_choices":[{"damage_healed":0,"gold_gain":0,"player_choice":"Stole Relic","damage_taken":0,"relics_obtained":["Pear"],"max_hp_gain":0,"max_hp_loss":0,"event_name":"Addict","floor":21,"gold_loss":0,"cards_obtained":["Shame"]},{"damage_healed":0,"gold_gain":0,"player_choice":"Forge","damage_taken":0,"max_hp_gain":0,"max_hp_loss":0,"event_name":"Accursed Blacksmith","floor":39,"gold_loss":0,"cards_upgraded":["sneckomod:Unknown3Cost"]}],"is_beta":false,"boss_relics":[{"not_picked":["downfall:Hecktoplasm","Runic Dome"],"picked":"Snecko Eye"},{"not_picked":["Tiny House","Philosopher\u0027s Stone"],"picked":"Pandora\u0027s Box"}],"items_purged_floors":[14,29,44],"is_endless":false,"potions_floor_spawned":[3,5,9,10,11,22,25,42,43,46],"ascension_level":1}}