{"host":"btkahjvw3wdsn6lk","time":1609255593,"event":{"mods":["ATMod(阿瑾Mod)","Act Like it!","BaseMod","Dota2Spire","Gensokyo","Highlight Path","Minty Spire (QoL Compilation)","RumiaBox-露米娅的神秘盒子","Spicy Shops","StSLib","The Alterego"],"gold_per_floor":[117,67,77,77,96,96,128,191,191,224,149,149,49,74,74,175,175,192,212,212,87,102,102,117,133,133,144,171,182,182,32,32,135,135,155,172,192,17,32,32,47,47,47,47,97,146,156,188,188,188,188,188,188,220,220,220],"floor_reached":55,"playtime":3437,"items_purged":["alterego_mod:Strike","alterego_mod:Strike","alterego_mod:BigMeatyClaws","alterego_mod:Weigh","alterego_mod:Defend"],"score":837,"play_id":"f131293a-b9d5-4bd3-b24d-3eff66cf4ed5","local_time":"20201229232633","is_ascension_mode":false,"campfire_choices":[{"data":"alterego_mod:TrashNCrash","floor":12.0,"key":"SMITH"},{"data":"alterego_mod:Palingenesis","floor":15.0,"key":"SMITH"},{"floor":23.0,"key":"RECALL"},{"data":"alterego_mod:Palingenesis+1","floor":30.0,"key":"SMITH"},{"data":"alterego_mod:Palingenesis+2","floor":32.0,"key":"SMITH"},{"data":"alterego_mod:Palingenesis","floor":40,"key":"SMITH"},{"data":"alterego_mod:Palingenesis+1","floor":42,"key":"SMITH"},{"data":"alterego_mod:Palingenesis+2","floor":44,"key":"SMITH"},{"data":"alterego_mod:Cushion","floor":49,"key":"SMITH"},{"data":"alterego_mod:Birthday","floor":52,"key":"SMITH"}],"circlet_count":0,"master_deck":["alterego_mod:Defend","alterego_mod:Defend","alterego_mod:Impale+1","alterego_mod:BrynhildrsRune","AT_ChampionKick+1","alterego_mod:Rip+1","alterego_mod:TrashNCrash+1","alterego_mod:Palingenesis+3","alterego_mod:Palingenesis+3","alterego_mod:BusterCard","alterego_mod:TrickOrTreatment","alterego_mod:Birthday+1","alterego_mod:Cushion+1"],"relics":["alterego_mod:MasochisticConstitution","AT_ATBox","AddBug","SecretRecord","SecretRecord","SecretRecord","SecretRecord","SecretRecord","SecretRecord"],"acts_visited":["Exordium","TheCity","TheBeyond","TheEnding"],"potions_floor_usage":[55,55,55],"damage_taken":[{"damage":4.0,"enemies":"Small Slimes","floor":1.0,"turns":4.0},{"damage":1.0,"enemies":"Jaw Worm","floor":3.0,"turns":3.0},{"damage":0.0,"enemies":"Cultist","floor":5.0,"turns":2.0},{"damage":9.0,"enemies":"3 Sentries","floor":7.0,"turns":4.0},{"damage":0.0,"enemies":"3 Sentries","floor":8.0,"turns":2.0},{"damage":12.0,"enemies":"Gremlin Nob","floor":10.0,"turns":3.0},{"damage":9.0,"enemies":"3 Sentries","floor":14.0,"turns":2.0},{"damage":37.0,"enemies":"Slime Boss","floor":16.0,"turns":4.0},{"damage":5.0,"enemies":"3 Byrds","floor":18.0,"turns":2.0},{"damage":23.0,"enemies":"Shell Parasite","floor":19.0,"turns":4.0},{"damage":15.0,"enemies":"Snecko","floor":22.0,"turns":3.0},{"damage":14.0,"enemies":"Centurion and Healer","floor":24.0,"turns":3.0},{"damage":15.0,"enemies":"Chosen and Byrds","floor":25.0,"turns":3.0},{"damage":0.0,"enemies":"3 Cultists","floor":27.0,"turns":2.0},{"damage":0.0,"enemies":"Gremlin Leader","floor":28.0,"turns":3.0},{"damage":18.0,"enemies":"Centurion and Healer","floor":29.0,"turns":4.0},{"damage":4.0,"enemies":"Collector","floor":33.0,"turns":3.0},{"damage":22.0,"enemies":"3 Shapes","floor":35.0,"turns":3.0},{"damage":4.0,"enemies":"Orb Walker","floor":36.0,"turns":1.0},{"damage":30,"enemies":"Maw","floor":37,"turns":5},{"damage":0,"enemies":"3 Darklings","floor":39,"turns":1},{"damage":9,"enemies":"Jaw Worm Horde","floor":41,"turns":2},{"damage":8,"enemies":"Mind Bloom Boss Battle","floor":45,"turns":2},{"damage":19,"enemies":"2 Orb Walkers","floor":46,"turns":2},{"damage":28,"enemies":"4 Shapes","floor":47,"turns":3},{"damage":11,"enemies":"Nemesis","floor":48,"turns":3},{"damage":56,"enemies":"Donu and Deca","floor":50,"turns":6},{"damage":39,"enemies":"Shield and Spear","floor":54,"turns":4},{"damage":137,"enemies":"The Heart","floor":55,"turns":9}],"seed_played":"-7258420895432740695","potions_obtained":[{"floor":1.0,"key":"Strength Potion"},{"floor":10.0,"key":"Dexterity Potion"},{"floor":14.0,"key":"Regen Potion"},{"floor":25.0,"key":"PowerPotion"},{"floor":37,"key":"Regen Potion"}],"is_trial":false,"path_per_floor":["M","?","M","?","M","?","E","?","T","E","$","R","$","E","R","B",null,"M","M","?","$","M","R","M","M","T","M","E","M","R","$","R","B",null,"M","M","M","$","M","R","M","R","T","R","?","?","M","E","R","B",null,"R","$","E","B"],"character_chosen":"The_Alterego","items_purchased":[],"campfire_rested":0,"item_purchase_floors":[],"current_hp_per_floor":[78,78,78,78,78,62,54,75,75,64,64,64,64,56,56,20,83,79,57,57,57,43,43,30,39,39,39,39,22,22,22,22,19,90,91,88,75,75,75,75,88,88,88,88,92,81,82,83,83,60,99,99,99,91,15,15],"gold":220,"neow_bonus":"TEN_PERCENT_HP_BONUS","is_daily":false,"chose_seed":false,"campfire_upgraded":9,"win_rate":0.0,"timestamp":1609255593,"path_taken":["M","?","M","?","?","?","E","?","T","E","$","R","$","E","R","BOSS","BOSS","M","M","?","$","M","R","M","M","T","M","E","M","R","$","R","BOSS","M","M","M","$","M","R","M","R","T","R","?","?","M","E","R","BOSS","R","$","E","BOSS"],"items_purchased_type":[],"build_version":"2020-12-22","purchased_purges":5,"victory":false,"max_hp_per_floor":[78,78,79,79,79,79,80,80,80,81,81,81,81,82,82,83,83,84,85,85,85,86,86,87,88,88,88,88,89,89,89,89,90,90,91,92,93,93,93,93,94,94,94,94,95,96,97,98,98,99,99,99,99,100,100,100],"card_choices":[{"not_picked":["alterego_mod:RocketPunch","alterego_mod:Skirt"],"picked":"alterego_mod:Rip","floor":1.0},{"not_picked":["alterego_mod:1TonWallop","alterego_mod:Bunnysuit","alterego_mod:BreastValley"],"picked":"SKIP","floor":3.0},{"not_picked":["alterego_mod:1TonWallop","alterego_mod:Rip"],"picked":"alterego_mod:TrashNCrash","floor":5.0},{"not_picked":["alterego_mod:Undulate","alterego_mod:DeftHands","alterego_mod:BiFurious"],"picked":"SKIP","floor":7.0},{"not_picked":["alterego_mod:Smother","alterego_mod:Pet"],"picked":"alterego_mod:Palingenesis","floor":8.0},{"not_picked":["alterego_mod:DiscoLights","alterego_mod:Rake","alterego_mod:GoddessCore"],"picked":"SKIP","floor":10.0},{"not_picked":["alterego_mod:DiscoLights","alterego_mod:Rake","alterego_mod:GoddessCore"],"picked":"SKIP","floor":10.0},{"not_picked":["alterego_mod:Nekomimi","alterego_mod:PerceptionDisorder","alterego_mod:Skirt"],"picked":"SKIP","floor":14.0},{"not_picked":["alterego_mod:VirginLaserPalladion","alterego_mod:SideboobHour"],"picked":"alterego_mod:Palingenesis","floor":16.0},{"not_picked":["alterego_mod:DeftHands","alterego_mod:MagicResistance","alterego_mod:BoobPocket"],"picked":"SKIP","floor":18.0},{"not_picked":["alterego_mod:SakuraLabyrinth","alterego_mod:TrashNCrash","alterego_mod:Schoolgirl"],"picked":"SKIP","floor":19.0},{"not_picked":["alterego_mod:Complex","alterego_mod:Mirror+1","alterego_mod:SakuraFive+1"],"picked":"SKIP","floor":22.0},{"not_picked":["alterego_mod:Bounce","alterego_mod:Jiggle","alterego_mod:Swimsuit"],"picked":"SKIP","floor":24.0},{"not_picked":["alterego_mod:PerceptionDisorder","alterego_mod:GoddessCore","alterego_mod:Punishment"],"picked":"SKIP","floor":25.0},{"not_picked":["alterego_mod:ChallengeComplete","alterego_mod:Cooking","alterego_mod:Swimsuit"],"picked":"SKIP","floor":27.0},{"not_picked":["alterego_mod:Undulate","alterego_mod:AlterEgo","alterego_mod:Jiggle"],"picked":"SKIP","floor":28.0},{"not_picked":["alterego_mod:Undulate+1","alterego_mod:Punishment","alterego_mod:DeftHands+1"],"picked":"SKIP","floor":29.0},{"not_picked":["alterego_mod:Antipathy","alterego_mod:Rake"],"picked":"alterego_mod:TrickOrTreatment","floor":33.0},{"not_picked":["alterego_mod:Cycle+1","alterego_mod:GoddessCore","alterego_mod:BiFurious"],"picked":"SKIP","floor":35.0},{"not_picked":["alterego_mod:Complex+1","alterego_mod:MaintainEyeContact+1","alterego_mod:Alter"],"picked":"SKIP","floor":36.0},{"not_picked":["alterego_mod:Undulate","alterego_mod:Rip+1","alterego_mod:Punishment+1"],"picked":"SKIP","floor":37},{"not_picked":["alterego_mod:Clap+1","alterego_mod:Exercise","alterego_mod:Maid+1"],"picked":"SKIP","floor":39},{"not_picked":["alterego_mod:RocketPunch","alterego_mod:Maid"],"picked":"alterego_mod:Birthday","floor":41},{"not_picked":["alterego_mod:TrashNCrash","alterego_mod:Cooking+1"],"picked":"alterego_mod:Cushion","floor":45},{"not_picked":["alterego_mod:Undulate","alterego_mod:Complex+1","alterego_mod:IdEs"],"picked":"SKIP","floor":47},{"not_picked":["alterego_mod:1TonWallop","alterego_mod:DeftHands","alterego_mod:SakuraLabyrinth"],"picked":"SKIP","floor":48},{"not_picked":["alterego_mod:Table","alterego_mod:DiscoLights","alterego_mod:BiFurious+1"],"picked":"SKIP","floor":54}],"player_experience":386320,"relics_obtained":[{"floor":1.0,"key":"AddBug"},{"floor":7.0,"key":"Shovel"},{"floor":8.0,"key":"WingedGreaves"},{"floor":10.0,"key":"SecretRecord"},{"floor":10.0,"key":"GodSword4"},{"floor":14.0,"key":"Dota2Spire:UrnOfShadows"},{"floor":26.0,"key":"Bag of Marbles"},{"floor":28.0,"key":"SecretRecord"},{"floor":28.0,"key":"AT_ImmortalShieldbow"},{"floor":35.0,"key":"SecretRecord"},{"floor":37,"key":"SecretRecord"},{"floor":43,"key":"AT_SilvercatRing"},{"floor":45,"key":"Old Coin"},{"floor":46,"key":"AT_LudenTempest"},{"floor":48,"key":"SecretRecord"},{"floor":48,"key":"Dota2Spire:ArcaneBoots"},{"floor":54,"key":"Dota2Spire:HandOfMidas"}],"event_choices":[{"cards_removed":["alterego_mod:Strike"],"damage_healed":0.0,"max_hp_gain":0.0,"max_hp_loss":0.0,"gold_gain":0.0,"event_name":"The Cleric","player_choice":"Card Removal","floor":2.0,"gold_loss":50.0,"damage_taken":0.0},{"damage_healed":0.0,"max_hp_gain":0.0,"max_hp_loss":0.0,"gold_gain":0.0,"event_name":"Upgrade Shrine","player_choice":"Upgraded","floor":4.0,"gold_loss":0.0,"damage_taken":0.0,"cards_upgraded":["alterego_mod:Impale"]},{"damage_healed":0.0,"max_hp_gain":0.0,"max_hp_loss":0.0,"gold_gain":0.0,"event_name":"Shining Light","player_choice":"Entered Light","floor":6.0,"gold_loss":0.0,"damage_taken":16.0,"cards_upgraded":["AT_ChampionKick","alterego_mod:Rip"]},{"damage_healed":0.0,"max_hp_gain":0.0,"max_hp_loss":0.0,"gold_gain":0.0,"event_name":"Dead Adventurer","player_choice":"Searched \u00271\u0027 times","floor":8.0,"gold_loss":0.0,"damage_taken":0.0},{"damage_healed":0.0,"max_hp_gain":0.0,"max_hp_loss":0.0,"gold_gain":0.0,"cards_transformed":["alterego_mod:Defend","alterego_mod:Strike"],"event_name":"Drug Dealer","player_choice":"Became Test Subject","floor":20.0,"gold_loss":0.0,"damage_taken":0.0,"cards_obtained":["alterego_mod:BusterCard","alterego_mod:Weigh"]},{"damage_healed":0,"gold_gain":0,"player_choice":"Fight","damage_taken":0,"max_hp_gain":0,"max_hp_loss":0,"event_name":"MindBloom","floor":45,"gold_loss":0},{"damage_healed":0,"gold_gain":0,"player_choice":"Fight","damage_taken":0,"max_hp_gain":0,"max_hp_loss":0,"event_name":"Mysterious Sphere","floor":46,"gold_loss":0}],"is_beta":false,"boss_relics":[{"not_picked":["Busted Crown","Philosopher\u0027s Stone"],"picked":"Runic Pyramid"},{"not_picked":["Fusion Hammer","Astrolabe"],"picked":"SacredBark"}],"items_purged_floors":[11,13,21,31,38],"is_endless":false,"potions_floor_spawned":[1,10,14,24,25,28,37,39,41,46,54],"killed_by":"The Heart","ascension_level":0}}