{"host":"h5acbxt0wmjo1kpm","time":1609231440,"event":{"mods":["2.2 Compatiblity","Act Like it!","AlwaysNeverKeys","Aspiration","Bartender","BaseMod","Better Third Choice","Colored Map","Elementarium","Gensokyo","GifTheSpireLib","Hallownest","Marisa????????","Minty Spire (QoL Compilation)","Permanent Neow","Potionbrewer","Relic Filter","Replay The Spire","Robot Space Explorer","RumiaBox-????????","Shade Mod","Spicy Shops","StSLib","Strawberry Spire","The Blackbeard","The Dragon Tamer","The Forsaken","The Gatherer","The Problem Sleuth","The Servant 0.9.4","Wandering Minibosses","vexMod"],"gold_per_floor":[113,35,55,155,155,186,186,199,199,226,226,226,241,241,241,318,318,328,328,347,87,87,87,102,102,127,145,161,161,187,26,26,100,100,110,110,50,68,68,97,110,110,110,141,141,141,170,170,201,213,213,213,213,213,9,37,37],"floor_reached":58,"playtime":3509,"items_purged":[],"score":2209,"play_id":"55edb701-5af0-4660-aa6c-d6a9fb571a87","local_time":"20201229004400","is_ascension_mode":true,"campfire_choices":[{"data":"strawberrySpire:Compressor","floor":7.0,"key":"SMITH"},{"data":"strawberrySpire:NeonFlight","floor":12.0,"key":"SMITH"},{"data":"Barrage","floor":15.0,"key":"SMITH"},{"floor":23.0,"key":"REST"},{"data":"strawberrySpire:ReturnNull","floor":25.0,"key":"SMITH"},{"data":"Zap","floor":32.0,"key":"SMITH"},{"floor":42.0,"key":"RECALL"},{"floor":51.0,"key":"REST"},{"floor":54.0,"key":"REST"}],"circlet_count":0,"master_deck":["AscendersBane","Strike_B+1","Strike_B+1","Strike_B+1","Strike_B+1","Defend_B+1","Defend_B+1","Defend_B+1","Defend_B+1","Zap+1","strawberrySpire:NeonFlight+1","Doom and Gloom","strawberrySpire:Compressor+1","Crystallizer","Compile Driver","strawberrySpire:DataDump","Barrage+1","Biased Cognition+1","strawberrySpire:Adapter+1","Barrage","strawberrySpire:Ronchyble+1","Ball Lightning+1","FTL","Compile Driver+1","Electrodynamics","Biased Cognition","strawberrySpire:NeonFlight","Sweeping Beam+1","Gensokyo:CustomPotion","Buffer","Leap","Cold Snap+1","Steam","strawberrySpire:BlasterWyrm","aspiration:Polymerization+1","Seek","Seek","Consume"],"relics":["Cracked Core","aspiration:DSix","Divine Protection","Replay:Antivirus Software","Ornamental Fan","strawberrySpire:WhoaramAlpha","SoulBox","Prayer Wheel","Guide Book","Solar Panel","wanderingMiniBosses:Inkheart","Molten Egg 2","Fusion Hammer","Geode","Bag of Marbles","Whetstone","PreservedInsect","DataDisk","strawberrySpire:ThornyGelberry"],"acts_visited":["Gensokyo:Gensokyo","TheCity","Gensokyo:Gensokyoest","TheEnding"],"potions_floor_usage":[57],"damage_taken":[{"damage":7.0,"enemies":"Gensokyo:3_Fairies","floor":1.0,"turns":4.0},{"damage":1.0,"enemies":"Gensokyo:Gryphon","floor":3.0,"turns":3.0},{"damage":2.0,"enemies":"Gensokyo:Mamizou","floor":6.0,"turns":7.0},{"damage":4.0,"enemies":"Gensokyo:Python","floor":8.0,"turns":3.0},{"damage":9.0,"enemies":"Gensokyo:Cirno","floor":10.0,"turns":7.0},{"damage":0.0,"enemies":"Gensokyo:Kitsune","floor":13.0,"turns":3.0},{"damage":15.0,"enemies":"Gensokyo:Yukari","floor":16.0,"turns":9.0},{"damage":23.0,"enemies":"Shell Parasite","floor":18.0,"turns":6.0},{"damage":22.0,"enemies":"2 Thieves","floor":20.0,"turns":3.0},{"damage":0.0,"enemies":"Snecko","floor":24.0,"turns":3.0},{"damage":9.0,"enemies":"Snake Plant","floor":27.0,"turns":3.0},{"damage":5.0,"enemies":"Cultist and Chosen","floor":28.0,"turns":5.0},{"damage":0.0,"enemies":"strawberrySpire:AncientClocktower","floor":30.0,"turns":4.0},{"damage":14.0,"enemies":"Automaton","floor":33.0,"turns":7.0},{"damage":0.0,"enemies":"Gensokyo:3_Bats","floor":35.0,"turns":4.0},{"damage":0.0,"enemies":"Gensokyo:3_Boulders","floor":38.0,"turns":1.0},{"damage":16.0,"enemies":"Gensokyo:Marisa","floor":40.0,"turns":4.0},{"damage":0.0,"enemies":"Gensokyo:AtlasGolem","floor":41.0,"turns":4.0},{"damage":0.0,"enemies":"Gensokyo:Doremy","floor":44.0,"turns":5.0},{"damage":0.0,"enemies":"Gensokyo:Marisa","floor":47.0,"turns":4.0},{"damage":0.0,"enemies":"Gensokyo:Doremy","floor":49.0,"turns":4.0},{"damage":0.0,"enemies":"Gensokyo:4_Bats","floor":50.0,"turns":3.0},{"damage":0.0,"enemies":"Gensokyo:Yuyuko","floor":52.0,"turns":6.0},{"damage":17.0,"enemies":"Shield and Spear","floor":56.0,"turns":4.0},{"damage":21,"enemies":"The Heart","floor":57,"turns":8}],"seed_played":"6296124430659090016","potions_obtained":[{"floor":1.0,"key":"FearPotion"},{"floor":11.0,"key":"potionbrewer:DiscountPotion"},{"floor":16.0,"key":"Swift Potion"},{"floor":20.0,"key":"potionbrewer:BarricadePotion"},{"floor":30.0,"key":"potionbrewer:NoxiousPotion"},{"floor":33.0,"key":"potionbrewer:CleansingPotion"},{"floor":35.0,"key":"potionbrewer:NoxiousPotion"},{"floor":40.0,"key":"Dexterity Potion"},{"floor":41.0,"key":"Elixir"}],"is_trial":false,"path_per_floor":["M","$","M","?","?","E","R","M","T","E","?","R","M","?","R","B",null,"M","?","M","$","?","R","M","R","T","M","M","?","E","$","R","B",null,"M","?","?","M","?","E","M","R","T","E","PTL","PTL","E","?","E","M","R","B",null,"R","$","E","B",null],"character_chosen":"DEFECT","items_purchased":["Doom and Gloom","Guide Book","Ball Lightning","Electrodynamics","Seek","potionbrewer:HastePotion"],"campfire_rested":3,"item_purchase_floors":[2,21,21,31,55,55],"current_hp_per_floor":[57,57,56,56,56,54,54,50,50,41,41,41,41,41,41,26,60,37,37,15,15,15,36,36,36,36,33,30,30,30,30,30,18,58,60,60,60,66,66,56,60,60,60,66,66,66,71,71,71,71,71,71,71,71,71,54,33],"gold":37,"neow_bonus":"DSIX","is_daily":false,"chose_seed":false,"campfire_upgraded":5,"win_rate":0.0,"timestamp":1609231440,"path_taken":["M","$","M","?","?","E","R","M","T","E","?","R","?","?","R","BOSS","M","?","M","$","?","R","M","R","T","M","?","?","E","$","R","BOSS","M","?","?","?","?","E","M","R","T","E","PTL","PTL","E","?","E","M","R","BOSS","R","$","E","BOSS"],"items_purchased_type":["Card","Relic","Card","Card","Card","Potion"],"build_version":"2020-12-22","purchased_purges":0,"victory":true,"max_hp_per_floor":[71,71,71,71,71,71,71,71,71,71,71,71,71,71,71,71,71,71,71,71,71,71,71,71,71,71,71,71,71,71,71,71,71,71,71,71,71,71,71,71,71,71,71,71,71,71,71,71,71,71,71,71,71,71,71,71,71],"card_choices":[{"not_picked":["strawberrySpire:Disconnect","ReplaySolidLightProjector"],"picked":"strawberrySpire:NeonFlight","floor":1.0},{"not_picked":["Leap","Storm"],"picked":"strawberrySpire:Compressor","floor":3.0},{"not_picked":["Leap","Barrage"],"picked":"Crystallizer","floor":5.0},{"not_picked":["strawberrySpire:Disconnect","strawberrySpire:Gammacceleration"],"picked":"Compile Driver","floor":5.0},{"not_picked":["Gash","strawberrySpire:DataDump"],"picked":"strawberrySpire:ReturnNull","floor":6.0},{"not_picked":["strawberrySpire:Disconnect","Stack","Go for the Eyes"],"picked":"SKIP","floor":8.0},{"not_picked":["Multi-Cast","Hyperbeam"],"picked":"strawberrySpire:DataDump","floor":10.0},{"not_picked":["Beam Cell","Heatsinks"],"picked":"Barrage","floor":13.0},{"not_picked":["Hyperbeam","Mirror Shield"],"picked":"ReplayTheSpireMod:Fabricate Wheel","floor":16.0},{"not_picked":["White Noise","Coolheaded"],"picked":"strawberrySpire:Adapter+1","floor":18.0},{"not_picked":["Redo","Sweeping Beam"],"picked":"Barrage","floor":18.0},{"not_picked":["Scrape","Streamline"],"picked":"strawberrySpire:Ronchyble","floor":20.0},{"not_picked":["Fusion","Rebound+1","ReplaySolidLightProjector+1"],"picked":"SKIP","floor":20.0},{"not_picked":["Redo","Auto Shields","strawberrySpire:DataDump"],"picked":"SKIP","floor":24.0},{"not_picked":["strawberrySpire:Disconnect","Hologram","Barrage"],"picked":"SKIP","floor":24.0},{"not_picked":["Coolheaded","BasicCrystalCard+1","Undo"],"picked":"SKIP","floor":27.0},{"not_picked":["strawberrySpire:Adapter","Streamline","strawberrySpire:SearchEngine+1"],"picked":"SKIP","floor":27.0},{"not_picked":["Coolheaded","BasicCrystalCard+1","Undo"],"picked":"SKIP","floor":27.0},{"not_picked":["strawberrySpire:Adapter","Streamline","strawberrySpire:SearchEngine+1"],"picked":"SKIP","floor":27.0},{"not_picked":["Stack","Steam Power"],"picked":"Compile Driver","floor":28.0},{"not_picked":["Coolheaded+1","Chaos","Melter"],"picked":"SKIP","floor":28.0},{"not_picked":["ReplayTheSpireMod:System Scan+1","BasicCrystalCard","Barrage+1"],"picked":"SKIP","floor":30.0},{"not_picked":["Meteor Strike+1","strawberrySpire:AnotherWinter"],"picked":"Biased Cognition","floor":33.0},{"not_picked":["Self Repair","Barrage+1"],"picked":"strawberrySpire:NeonFlight","floor":35.0},{"not_picked":["Sunder+1","Reprogram+1"],"picked":"Sweeping Beam+1","floor":35.0},{"not_picked":["White Noise","Storm","FTL+1"],"picked":"SKIP","floor":38.0},{"not_picked":["Reprogram","Hologram","Turbo"],"picked":"SKIP","floor":38.0},{"not_picked":["Gash+1","Compile Driver+1"],"picked":"Buffer","floor":40.0},{"not_picked":["Barrage+1","Time Bomb+1"],"picked":"Leap","floor":41.0},{"not_picked":["Stack","strawberrySpire:Adapter"],"picked":"Cold Snap+1","floor":41.0},{"not_picked":["Steam","Storm","Reprogram+1"],"picked":"SKIP","floor":44.0},{"not_picked":["Storm","Reprogram+1"],"picked":"Steam","floor":44.0},{"not_picked":["Cold Snap+1","Redo"],"picked":"strawberrySpire:BlasterWyrm","floor":47.0},{"not_picked":["Coolheaded","BootSequence+1"],"picked":"aspiration:Polymerization+1","floor":49.0},{"not_picked":["Genetic Algorithm","Beam Cell+1","Stack"],"picked":"SKIP","floor":50.0},{"not_picked":["strawberrySpire:Adapter","Coolheaded","strawberrySpire:BlasterWyrm"],"picked":"SKIP","floor":50.0},{"not_picked":["strawberrySpire:NeonFlight","Rebound+1"],"picked":"Consume","floor":56.0}],"player_experience":1982637,"relics_obtained":[{"floor":1.0,"key":"Divine Protection"},{"floor":1.0,"key":"Replay:Antivirus Software"},{"floor":6.0,"key":"Ornamental Fan"},{"floor":10.0,"key":"strawberrySpire:WhoaramAlpha"},{"floor":26.0,"key":"Solar Panel"},{"floor":28.0,"key":"wanderingMiniBosses:Inkheart"},{"floor":30.0,"key":"Molten Egg 2"},{"floor":40.0,"key":"Bag of Marbles"},{"floor":44.0,"key":"Whetstone"},{"floor":47.0,"key":"PreservedInsect"},{"floor":49.0,"key":"DataDisk"},{"floor":56.0,"key":"strawberrySpire:ThornyGelberry"}],"event_choices":[{"damage_healed":0.0,"max_hp_gain":0.0,"max_hp_loss":0.0,"gold_gain":0.0,"event_name":"Match and Keep!","player_choice":"1 cards matched","floor":22.0,"gold_loss":0.0,"damage_taken":0.0,"cards_obtained":["FTL"]},{"damage_healed":0.0,"max_hp_gain":0.0,"max_hp_loss":8.0,"gold_gain":0.0,"event_name":"betterThird:BetterWriting","player_choice":"Simplicity","floor":29.0,"gold_loss":0.0,"damage_taken":0.0}],"is_beta":false,"boss_relics":[{"not_picked":["Philosopher\u0027s Stone","strawberrySpire:JuiceKeg"],"picked":"SoulBox"},{"not_picked":["strawberrySpire:CapacitorDischarge","aspiration:RitualDagger"],"picked":"Fusion Hammer"}],"items_purged_floors":[],"is_endless":false,"potions_floor_spawned":[1,16,20,30,33,35,40,41,44],"ascension_level":15}}