{"host":"Terry","time":1609245383,"event":{"mods":["BaseMod","Downfall","Hubris","Minty Spire (QoL Compilation)","Replay The Spire","StSLib"],"gold_per_floor":[99,112,130,148,148,148,148,183,283,0,72,104,161,161,216,321,321,321,338,74,74,74,74,74,94,121,46,46,63,63,63,81,182,182,182,512,529,529,540,575,600,600,600,600,610,710,710,740,758,758],"floor_reached":51,"playtime":2872,"items_purged":["Looming Evil","Parasite"],"score":881,"play_id":"7bd9acbb-3820-4780-8680-a3e68c00a476","local_time":"20201229073623","is_ascension_mode":true,"campfire_choices":[{"data":"hexamod:Sear","floor":1,"key":"SMITH"},{"data":"hexamod:Firestarter","floor":6,"key":"SMITH"},{"data":"hexamod:SearingWound","floor":18,"key":"SMITH"},{"data":"hexamod:SpectersWail","floor":23,"key":"SMITH"},{"floor":27,"key":"REST"},{"data":"hexamod:TimeOfNeed","floor":35,"key":"SMITH"},{"floor":43,"key":"REST"},{"floor":47,"key":"REST"}],"circlet_count":0,"master_deck":["hexamod:Strike","hexamod:Strike","hexamod:Defend","hexamod:Defend","hexamod:Defend","hexamod:Defend","hexamod:Sear+1","hexamod:Float+1","hexamod:DynamicBlow","hexamod:Firestarter+1","hexamod:DynamicBlow","hexamod:EmpoweredFlame+1","hexamod:GiftsFromTheDead+1","hexamod:ThermalTransfer","hexamod:NightmareGuise","hexamod:DynamicBlow+1","hexamod:SoulSteal","hexamod:SearingWound+1","hexamod:SpectersWail+1","hexamod:SpectersWail+1","hexamod:NightmareStrike+1","hexamod:Toasty","hexamod:HexaLevel+1","hexamod:SpectralSpark+1","hexamod:ExtraCrispy+1","hexamod:TimeOfNeed+1","hexamod:RetreatToShadows+1","hexamod:HauntingEcho+1","hexamod:ShieldOfDarkness+1","hexamod:AdvancingGuard+1","expansioncontent:PolyBeam","expansioncontent:DarkVoid","hexamod:HeatShield+1","hexamod:PhantomCloak+1","hexamod:SearingWound"],"relics":["hexamod:SpiritBrand","hubris:Zylophone","hubris:Towel","Frozen Egg 2","Juzu Bracelet","hubris:SphereOfDissonance","Sozu","Guardian:PocketSentry","Simple Rune","ReplayTheSpireMod:TigerMarble","downfall:HeartBlessingGreen","Happy Flower","Ring of Chaos","Ring of Hypnosis","Ring of Searing","Mercury Hourglass","Gremlin Food","hubris:Icosahedron","Replay:Bottled Flurry"],"acts_visited":["Exordium","TheCity","TheBeyond"],"potions_floor_usage":[11,16,26,40],"damage_taken":[{"damage":5,"enemies":"2 Louse","floor":2,"turns":3},{"damage":4,"enemies":"Small Slimes","floor":3,"turns":3},{"damage":0,"enemies":"Cultist","floor":4,"turns":3},{"damage":15,"enemies":"Lagavulin","floor":8,"turns":6},{"damage":4,"enemies":"downfall:FleeingMerchant","floor":10,"turns":4},{"damage":18,"enemies":"3 Sentries","floor":11,"turns":7},{"damage":6,"enemies":"Exordium Thugs","floor":12,"turns":4},{"damage":16,"enemies":"Large Slime","floor":13,"turns":7},{"damage":3,"enemies":"3 Louse","floor":15,"turns":4},{"damage":22,"enemies":"downfall:Watcher","floor":16,"turns":6},{"damage":7,"enemies":"Spheric Guardian","floor":19,"turns":4},{"damage":0,"enemies":"downfall:FleeingMerchant","floor":20,"turns":4},{"damage":27,"enemies":"Cultist and Chosen","floor":25,"turns":6},{"damage":2,"enemies":"Gremlin Leader","floor":26,"turns":5},{"damage":2,"enemies":"3 Cultists","floor":29,"turns":5},{"damage":6,"enemies":"Snecko","floor":32,"turns":3},{"damage":40,"enemies":"downfall:Ironclad","floor":33,"turns":7},{"damage":0,"enemies":"downfall:FleeingMerchant","floor":36,"turns":3},{"damage":20,"enemies":"3 Shapes","floor":37,"turns":3},{"damage":13,"enemies":"Orb Walker","floor":39,"turns":3},{"damage":34,"enemies":"Reptomancer","floor":40,"turns":5},{"damage":9,"enemies":"4 Shapes","floor":45,"turns":4},{"damage":3,"enemies":"Giant Head","floor":48,"turns":6},{"damage":23,"enemies":"Sphere and 2 Shapes","floor":49,"turns":5},{"damage":12,"enemies":"downfall:Defect","floor":50,"turns":7}],"seed_played":"4777918641634229685","potions_obtained":[{"floor":2,"key":"Regen Potion"},{"floor":3,"key":"Venom Potion"},{"floor":4,"key":"PowerPotion"},{"floor":8,"key":"Fire Potion"},{"floor":15,"key":"Block Potion"}],"is_trial":false,"path_per_floor":["R","M","M","M","?","R","T","E","?","$","E","M","M","?","M","B",null,"R","M","$","?","?","R","T","M","E","R","?","M","T","?","M","B",null,"R","$","M","?","M","E","T","?","R","?","M","?","R","E","M","B",null],"character_chosen":"THE_SPIRIT","items_purchased":["HandOfGreed","Guardian:PocketSentry"],"campfire_rested":3,"item_purchase_floors":[10,20],"current_hp_per_floor":[70,65,61,61,61,61,61,46,46,42,39,33,17,37,34,12,70,70,63,63,66,55,55,55,28,26,47,50,48,51,54,48,8,72,72,72,52,55,42,8,8,6,27,30,21,24,45,42,19,7],"gold":758,"neow_bonus":"ONE_RARE_RELIC","is_daily":false,"chose_seed":false,"campfire_upgraded":5,"win_rate":0.0,"timestamp":1609245383,"path_taken":["R","M","M","M","?","R","T","E","?","$","E","M","M","?","M","BOSS","R","M","$","?","?","R","T","M","E","R","?","M","?","?","M","BOSS","R","$","M","?","M","E","T","?","R","?","M","?","R","E","M","BOSS"],"items_purchased_type":["Card","Relic"],"build_version":"2020-12-18","purchased_purges":2,"victory":true,"max_hp_per_floor":[70,70,70,70,70,70,70,70,70,70,70,70,70,70,70,70,70,70,70,67,67,72,72,72,72,72,72,72,72,72,72,72,72,72,72,72,72,72,72,72,72,72,72,72,72,72,72,72,72,72],"card_choices":[{"not_picked":["hexamod:Hexaguard","hexamod:NightmareGuise"],"picked":"hexamod:DynamicBlow","floor":2},{"not_picked":["hexamod:EtherealExpedition","hexamod:Haunt"],"picked":"hexamod:Firestarter","floor":3},{"not_picked":["hexamod:BacktrackSmack","hexamod:PhantomCloak"],"picked":"hexamod:DynamicBlow","floor":4},{"not_picked":["hexamod:GhostLash","hexamod:NightmareStrike"],"picked":"hexamod:EmpoweredFlame+1","floor":8},{"not_picked":["hexamod:RecurringNightmare","hexamod:EtherealExpedition"],"picked":"hexamod:GiftsFromTheDead+1","floor":10},{"not_picked":["hexamod:SpectralAdrenaline","hexamod:PhantomFireball"],"picked":"hexamod:ThermalTransfer","floor":11},{"not_picked":["hexamod:RainOfEmbers","hexamod:SwordOfDarkness"],"picked":"hexamod:NightmareGuise","floor":12},{"not_picked":["hexamod:HauntingEcho","hexamod:Firestarter"],"picked":"hexamod:DynamicBlow","floor":13},{"not_picked":["hexamod:Incineration","hexamod:Hexaguard"],"picked":"hexamod:SoulSteal","floor":15},{"not_picked":["hexamod:SixthSeal","hexamod:UnlimitedPower"],"picked":"hexamod:SearingWound","floor":16},{"not_picked":["hexamod:BacktrackSmack","hexamod:RainOfEmbers","hexamod:FastForward"],"picked":"SKIP","floor":19},{"not_picked":["hexamod:BurningTouch","hexamod:HeatShield"],"picked":"hexamod:SpectersWail","floor":20},{"not_picked":["hexamod:GhostShield","hexamod:NecessarySacrifice"],"picked":"hexamod:SpectersWail+1","floor":25},{"not_picked":["hexamod:SecondSeal","hexamod:CrushingStance"],"picked":"hexamod:NightmareStrike+1","floor":26},{"not_picked":["hexamod:ChargedBarrage","hexamod:ThermalTransfer"],"picked":"hexamod:SpectralSpark+1","floor":29},{"not_picked":["hexamod:SpectersWail","hexamod:RainOfEmbers"],"picked":"hexamod:ExtraCrispy+1","floor":32},{"not_picked":["hexamod:SearingWound","hexamod:SixthSeal"],"picked":"hexamod:TimeOfNeed","floor":33},{"not_picked":["hexamod:HauntingEcho","hexamod:BurningTouch"],"picked":"hexamod:RetreatToShadows+1","floor":36},{"not_picked":["hexamod:SecondSeal","hexamod:NightmareStrike"],"picked":"hexamod:HauntingEcho+1","floor":37},{"not_picked":["hexamod:SwordOfDarkness","hexamod:GhostShield+1"],"picked":"hexamod:ShieldOfDarkness+1","floor":39},{"not_picked":["hexamod:Incineration+1","hexamod:HexaLevel+1"],"picked":"hexamod:AdvancingGuard+1","floor":40},{"not_picked":["expansioncontent:ChargeUp","expansioncontent:DefensiveMode+1"],"picked":"expansioncontent:PolyBeam","floor":42},{"not_picked":["expansioncontent:ManipulateTime","expansioncontent:Torchfire"],"picked":"expansioncontent:DarkVoid","floor":42},{"not_picked":["hexamod:Hexaguard","hexamod:GhostLash"],"picked":"hexamod:HeatShield+1","floor":45},{"not_picked":["hexamod:NightmareStrike+1","hexamod:Firestarter+1"],"picked":"hexamod:PhantomCloak+1","floor":48},{"not_picked":["hexamod:SpectersWail","hexamod:GhostLash"],"picked":"hexamod:SearingWound","floor":49}],"player_experience":586588,"relics_obtained":[{"floor":7,"key":"Frozen Egg 2"},{"floor":8,"key":"Juzu Bracelet"},{"floor":11,"key":"hubris:SphereOfDissonance"},{"floor":24,"key":"Simple Rune"},{"floor":26,"key":"ReplayTheSpireMod:TigerMarble"},{"floor":30,"key":"Happy Flower"},{"floor":38,"key":"Ring of Hypnosis"},{"floor":38,"key":"Ring of Searing"},{"floor":40,"key":"Mercury Hourglass"},{"floor":41,"key":"Gremlin Food"},{"floor":48,"key":"Replay:Bottled Flurry"}],"event_choices":[{"damage_healed":17,"gold_gain":0,"player_choice":"Healed and dodged fight","damage_taken":0,"max_hp_gain":0,"max_hp_loss":0,"event_name":"Mushrooms","floor":14,"gold_loss":0,"cards_obtained":["Parasite"]},{"damage_healed":0,"gold_gain":0,"cards_transformed":["hexamod:Strike","hexamod:Strike"],"player_choice":"Became Test Subject","damage_taken":0,"max_hp_gain":0,"max_hp_loss":0,"event_name":"Drug Dealer","floor":28,"gold_loss":0,"cards_obtained":["hexamod:Toasty","hexamod:HexaLevel"]},{"cards_removed":["HandOfGreed"],"damage_healed":0,"gold_gain":0,"player_choice":"Card Removal","damage_taken":0,"max_hp_gain":0,"max_hp_loss":0,"event_name":"Wheel of Change","floor":31,"gold_loss":0}],"is_beta":true,"boss_relics":[{"not_picked":["Snecko Eye","hubris:Backtick"],"picked":"Sozu"},{"not_picked":["hexamod:IceCube","Replay:Wanted Poster"],"picked":"Ring of Chaos"}],"items_purged_floors":[10,20],"is_endless":false,"potions_floor_spawned":[2,3,4,8,15,19,29,33,37,39,40],"ascension_level":2}}