{"host":"dvpvhz1t6etneyb3","time":1609255332,"event":{"mods":["AchievementEnabler","BaseMod","Colored Map","Highlight Path","Minty Spire (QoL Compilation)","Permanent Neow","Quick Restart"],"gold_per_floor":[112,122,134,53,53,53,86,86,154,154,182,193,222,222,222,295,295,310,330,330,5,55,55,80,80,80,106,106,116,133,167,167,244,244,260,2,16,16,34,60,60,73,100,100,115,115,143,158,158,158,158],"floor_reached":52,"playtime":3518,"items_purged":[],"score":2101,"play_id":"3d8c8423-9feb-40ea-9886-43c735338978","local_time":"20201229102212","is_ascension_mode":true,"campfire_choices":[{"data":"Tantrum","floor":6.0,"key":"SMITH"},{"data":"WheelKick","floor":8.0,"key":"SMITH"},{"data":"LikeWater","floor":10.0,"key":"SMITH"},{"data":"WaveOfTheHand","floor":15.0,"key":"SMITH"},{"data":"Omniscience","floor":23.0,"key":"SMITH"},{"data":"Protect","floor":25.0,"key":"SMITH"},{"data":"MentalFortress","floor":28.0,"key":"SMITH"},{"floor":32.0,"key":"REST"},{"data":"Ragnarok","floor":41.0,"key":"SMITH"},{"floor":44.0,"key":"REST"},{"data":"DeusExMachina","floor":46.0,"key":"SMITH"},{"data":"LikeWater","floor":49.0,"key":"SMITH"}],"circlet_count":0,"master_deck":["AscendersBane","Strike_P","Strike_P","Strike_P","Defend_P","Defend_P","Defend_P","Defend_P","Eruption","Vigilance+1","FlurryOfBlows","LikeWater+1","Crescendo","Tantrum+1","WheelKick+1","WaveOfTheHand+1","Protect+1","FlurryOfBlows","Omniscience+1","Swivel+1","MentalFortress+1","EmptyBody+1","DeusExMachina+1","Adaptation","CarveReality","Ragnarok+1","Parasite","ClearTheMind","LikeWater+1"],"relics":["PureWater","Du-Vu Doll","Happy Flower","Pear","CloakClasp","Dream Catcher","Busted Crown","Sling","Blood Vial","Damaru","Turnip","Smiling Mask","War Paint","Snecko Eye","Anchor","Bag of Marbles","Akabeko","Unceasing Top"],"acts_visited":["Exordium","TheCity","TheBeyond"],"potions_floor_usage":[51],"damage_taken":[{"damage":0.0,"enemies":"Jaw Worm","floor":1.0,"turns":4.0},{"damage":0.0,"enemies":"Cultist","floor":2.0,"turns":1.0},{"damage":2.0,"enemies":"2 Louse","floor":3.0,"turns":4.0},{"damage":7.0,"enemies":"3 Sentries","floor":7.0,"turns":4.0},{"damage":0.0,"enemies":"Gremlin Nob","floor":11.0,"turns":2.0},{"damage":0.0,"enemies":"Blue Slaver","floor":12.0,"turns":3.0},{"damage":0.0,"enemies":"Lagavulin","floor":13.0,"turns":4.0},{"damage":19.0,"enemies":"Hexaghost","floor":16.0,"turns":6.0},{"damage":1.0,"enemies":"Shell Parasite","floor":18.0,"turns":6.0},{"damage":0.0,"enemies":"3 Byrds","floor":19.0,"turns":2.0},{"damage":19.0,"enemies":"Slavers","floor":24.0,"turns":3.0},{"damage":0.0,"enemies":"Gremlin Leader","floor":27.0,"turns":3.0},{"damage":0.0,"enemies":"Snake Plant","floor":29.0,"turns":3.0},{"damage":5.0,"enemies":"Cultist and Chosen","floor":30.0,"turns":3.0},{"damage":33.0,"enemies":"Slavers","floor":31.0,"turns":7.0},{"damage":24.0,"enemies":"Automaton","floor":33.0,"turns":12.0},{"damage":3.0,"enemies":"Orb Walker","floor":35.0,"turns":4.0},{"damage":0.0,"enemies":"3 Shapes","floor":37.0,"turns":5.0},{"damage":12.0,"enemies":"Transient","floor":39.0,"turns":6.0},{"damage":9.0,"enemies":"Giant Head","floor":40.0,"turns":6.0},{"damage":3.0,"enemies":"Writhing Mass","floor":42.0,"turns":6.0},{"damage":0.0,"enemies":"Spire Growth","floor":45.0,"turns":1.0},{"damage":0.0,"enemies":"Nemesis","floor":47.0,"turns":7.0},{"damage":0.0,"enemies":"Sphere and 2 Shapes","floor":48.0,"turns":5.0},{"damage":66,"enemies":"Time Eater","floor":50,"turns":17},{"damage":6,"enemies":"Awakened One","floor":51,"turns":12}],"seed_played":"-7056851074434220450","potions_obtained":[{"floor":7.0,"key":"AttackPotion"},{"floor":12.0,"key":"SpeedPotion"},{"floor":13.0,"key":"AttackPotion"},{"floor":16.0,"key":"Weak Potion"},{"floor":18.0,"key":"LiquidBronze"},{"floor":24.0,"key":"Swift Potion"},{"floor":27.0,"key":"Block Potion"},{"floor":31.0,"key":"EssenceOfSteel"},{"floor":35.0,"key":"StancePotion"},{"floor":45.0,"key":"BottledMiracle"}],"is_trial":false,"path_per_floor":["M","M","M","$","?","R","E","R","T","R","E","M","E","?","R","B",null,"M","M","?","$","?","R","E","R","T","E","R","M","M","E","R","B",null,"M","$","M","?","M","E","R","M","T","R","M","R","E","M","R","B","B",null],"character_chosen":"WATCHER","items_purchased":["Tantrum","Sling","Blood Vial","Anchor","Adaptation"],"campfire_rested":2,"item_purchase_floors":[4,21,21,36,36],"current_hp_per_floor":[43,43,41,41,46,46,39,39,49,49,49,49,49,42,42,23,68,67,67,67,67,67,67,50,50,50,52,52,54,51,20,44,22,68,67,67,69,69,59,52,52,51,51,75,77,77,79,81,81,17,13],"gold":158,"neow_bonus":"ONE_RARE_RELIC","is_daily":false,"chose_seed":false,"campfire_upgraded":10,"win_rate":0.0,"timestamp":1609255332,"path_taken":["M","M","M","$","?","R","E","R","T","R","E","M","E","?","R","BOSS","BOSS","M","M","?","$","?","R","E","R","T","E","R","M","M","E","R","BOSS","M","?","M","?","M","E","R","M","T","R","?","R","E","M","R","BOSS","BOSS"],"items_purchased_type":["Card","Relic","Relic","Relic","Card"],"build_version":"2020-12-22","purchased_purges":0,"victory":true,"max_hp_per_floor":[68,68,68,68,73,73,73,73,83,83,83,83,83,83,83,83,83,83,83,83,83,83,83,83,83,83,83,83,83,83,83,83,83,83,83,83,83,83,83,83,83,83,83,83,83,83,83,83,83,83,83],"card_choices":[{"not_picked":["SashWhip","FollowUp"],"picked":"FlurryOfBlows","floor":1.0},{"not_picked":["Wireheading","CutThroughFate"],"picked":"LikeWater","floor":2.0},{"not_picked":["Evaluate","Swivel"],"picked":"Crescendo","floor":3.0},{"not_picked":["Indignation","Tantrum"],"picked":"WheelKick","floor":7.0},{"not_picked":["Evaluate","Prostrate"],"picked":"WaveOfTheHand","floor":11.0},{"not_picked":["FlyingSleeves","CrushJoints"],"picked":"Protect","floor":12.0},{"not_picked":["MentalFortress","CarveReality"],"picked":"FlurryOfBlows","floor":13.0},{"not_picked":["Judgement","SpiritShield"],"picked":"Omniscience","floor":16.0},{"not_picked":["CrushJoints"],"picked":"SKIP","floor":18.0},{"not_picked":[],"picked":"Swivel+1","floor":19.0},{"not_picked":["Pray"],"picked":"SKIP","floor":24.0},{"not_picked":[],"picked":"MentalFortress","floor":27.0},{"not_picked":["SignatureMove"],"picked":"SKIP","floor":29.0},{"not_picked":[],"picked":"EmptyBody","floor":30.0},{"not_picked":["Weave"],"picked":"SKIP","floor":31.0},{"not_picked":[],"picked":"DeusExMachina","floor":33.0},{"not_picked":["Consecrate"],"picked":"SKIP","floor":35.0},{"not_picked":["JustLucky"],"picked":"SKIP","floor":37.0},{"not_picked":["JustLucky"],"picked":"SKIP","floor":39.0},{"not_picked":["SashWhip"],"picked":"SKIP","floor":40.0},{"not_picked":[],"picked":"ClearTheMind","floor":42.0},{"not_picked":["FlurryOfBlows"],"picked":"SKIP","floor":45.0},{"not_picked":[],"picked":"LikeWater","floor":47.0},{"not_picked":["Nirvana"],"picked":"SKIP","floor":48.0}],"player_experience":2008400,"relics_obtained":[{"floor":7.0,"key":"Happy Flower"},{"floor":9.0,"key":"Pear"},{"floor":11.0,"key":"CloakClasp"},{"floor":13.0,"key":"Dream Catcher"},{"floor":24.0,"key":"Damaru"},{"floor":26.0,"key":"Turnip"},{"floor":27.0,"key":"Smiling Mask"},{"floor":31.0,"key":"War Paint"},{"floor":40.0,"key":"Bag of Marbles"},{"floor":43.0,"key":"Akabeko"},{"floor":47.0,"key":"Unceasing Top"}],"event_choices":[{"damage_healed":0.0,"max_hp_gain":5.0,"max_hp_loss":0.0,"gold_gain":0.0,"event_name":"Big Fish","player_choice":"Donut","floor":5.0,"gold_loss":0.0,"damage_taken":0.0},{"cards_removed":["Strike_P"],"damage_healed":0.0,"max_hp_gain":0.0,"max_hp_loss":0.0,"gold_gain":0.0,"event_name":"Golden Wing","player_choice":"Card Removal","floor":14.0,"gold_loss":0.0,"damage_taken":7.0},{"damage_healed":0.0,"max_hp_gain":0.0,"max_hp_loss":0.0,"gold_gain":0.0,"event_name":"Beggar","player_choice":"Ignored","floor":20.0,"gold_loss":0.0,"damage_taken":0.0},{"damage_healed":0.0,"max_hp_gain":0.0,"max_hp_loss":0.0,"gold_gain":50.0,"event_name":"Golden Shrine","player_choice":"Pray","floor":22.0,"gold_loss":0.0,"damage_taken":0.0},{"damage_healed":0.0,"max_hp_gain":0.0,"max_hp_loss":0.0,"gold_gain":0.0,"event_name":"Match and Keep!","player_choice":"2 cards matched","floor":38.0,"gold_loss":0.0,"damage_taken":0.0,"cards_obtained":["CarveReality","Ragnarok"]}],"is_beta":false,"boss_relics":[{"not_picked":["Fusion Hammer","Calling Bell"],"picked":"Busted Crown"},{"not_picked":["Velvet Choker","Black Star"],"picked":"Snecko Eye"}],"items_purged_floors":[],"is_endless":false,"potions_floor_spawned":[7,12,13,16,18,24,27,31,35,45],"ascension_level":20}}