{"host":"5ezk7t18wcb10u1o","time":1609273452,"event":{"mods":["BaseMod","Bestiary","Colored Powertips","Minty Spire (QoL Compilation)","Relic Sorter"],"gold_per_floor":[111,128,140,156,167,167,192,209,255,255,255,94,114,134,134,211,211,225,225,236,254,254,254,254,254,254,289,22,22,40,40,40,112,112,124,135,410,427,352,352,352],"floor_reached":40,"playtime":2378,"items_purged":["Regret"],"score":779,"play_id":"2293f0a8-e32e-4418-8a0d-da675bdaaa26","local_time":"20201229202412","is_ascension_mode":true,"campfire_choices":[{"data":"Loop","floor":6.0,"key":"SMITH"},{"floor":11.0,"key":"REST"},{"floor":15.0,"key":"REST"},{"data":"Defragment","floor":23.0,"key":"SMITH"},{"floor":25.0,"key":"REST"},{"floor":29.0,"key":"REST"},{"floor":32.0,"key":"REST"}],"circlet_count":0,"master_deck":["AscendersBane","Strike_B","Defend_B+1","Defend_B","Defend_B","Zap+1","Dualcast","Sweeping Beam","Compile Driver","Loop+1","Go for the Eyes","Conserve Battery","Defragment+1","Melter","Conserve Battery","Cold Snap","Electrodynamics","Auto Shields","Lockon","Capacitor","Steam","Apotheosis","Cold Snap","Reboot","Coolheaded","Reinforced Body+1"],"relics":["Cracked Core","Cables","War Paint","Oddly Smooth Stone","Empty Cage","Shuriken","Meat on the Bone","Matryoshka","Fusion Hammer"],"acts_visited":["Exordium","TheCity","TheBeyond"],"potions_floor_usage":[38],"damage_taken":[{"damage":1.0,"enemies":"Cultist","floor":1.0,"turns":3.0},{"damage":0.0,"enemies":"2 Louse","floor":2.0,"turns":2.0},{"damage":4.0,"enemies":"Jaw Worm","floor":3.0,"turns":3.0},{"damage":9.0,"enemies":"Exordium Wildlife","floor":4.0,"turns":3.0},{"damage":8.0,"enemies":"Blue Slaver","floor":5.0,"turns":5.0},{"damage":29.0,"enemies":"Gremlin Nob","floor":7.0,"turns":4.0},{"damage":6.0,"enemies":"Red Slaver","floor":8.0,"turns":3.0},{"damage":0.0,"enemies":"2 Fungi Beasts","floor":13.0,"turns":2.0},{"damage":2.0,"enemies":"3 Louse","floor":14.0,"turns":2.0},{"damage":29.0,"enemies":"Slime Boss","floor":16.0,"turns":7.0},{"damage":28.0,"enemies":"Chosen","floor":18.0,"turns":4.0},{"damage":0.0,"enemies":"Spheric Guardian","floor":20.0,"turns":2.0},{"damage":7.0,"enemies":"Centurion and Healer","floor":21.0,"turns":5.0},{"damage":21.0,"enemies":"Book of Stabbing","floor":27.0,"turns":5.0},{"damage":33.0,"enemies":"Snake Plant","floor":30.0,"turns":4.0},{"damage":27.0,"enemies":"Collector","floor":33.0,"turns":8.0},{"damage":3.0,"enemies":"Orb Walker","floor":35.0,"turns":4.0},{"damage":34.0,"enemies":"3 Darklings","floor":36.0,"turns":3.0},{"damage":16,"enemies":"Transient","floor":38,"turns":6},{"damage":44,"enemies":"Giant Head","floor":40,"turns":6}],"seed_played":"-3901757633908498112","potions_obtained":[{"floor":1.0,"key":"DuplicationPotion"},{"floor":7.0,"key":"SpeedPotion"},{"floor":8.0,"key":"PotionOfCapacity"},{"floor":13.0,"key":"Energy Potion"},{"floor":20.0,"key":"Energy Potion"},{"floor":21.0,"key":"Block Potion"},{"floor":30.0,"key":"Ancient Potion"},{"floor":35.0,"key":"Energy Potion"}],"is_trial":false,"path_per_floor":["M","M","M","M","M","R","E","M","T","$","R","$","M","M","R","B",null,"M","?","M","M","?","R","$","R","T","E","$","R","M","T","R","B",null,"M","M","?","M","$","E"],"character_chosen":"DEFECT","items_purchased":["Oddly Smooth Stone","Apotheosis","FocusPotion"],"campfire_rested":5,"item_purchase_floors":[12,28,28],"current_hp_per_floor":[63,63,59,50,42,42,13,7,7,7,28,28,28,26,47,18,58,30,30,30,23,37,37,37,58,58,37,37,58,37,37,58,43,64,61,39,39,35,35,0,0],"gold":352,"neow_bonus":"REMOVE_CARD","is_daily":false,"chose_seed":false,"campfire_upgraded":2,"win_rate":0.0,"timestamp":1609273452,"path_taken":["M","M","M","M","M","R","E","M","T","$","R","?","M","M","R","BOSS","M","?","?","M","?","R","$","R","T","E","?","R","M","?","R","BOSS","M","M","?","?","$","E"],"items_purchased_type":["Relic","Card","Potion"],"build_version":"2020-12-22","purchased_purges":1,"victory":false,"max_hp_per_floor":[71,71,71,71,71,71,71,71,71,71,71,71,71,71,71,71,71,71,71,71,71,71,71,71,71,71,71,71,71,71,71,71,71,71,71,71,71,71,71,71,71],"card_choices":[{"not_picked":["Darkness","Leap"],"picked":"Sweeping Beam","floor":1.0},{"not_picked":["FTL","Rebound"],"picked":"Compile Driver","floor":2.0},{"not_picked":["Lockon","Streamline"],"picked":"Loop","floor":3.0},{"not_picked":["Rebound","Compile Driver"],"picked":"Go for the Eyes","floor":4.0},{"not_picked":["FTL","Coolheaded"],"picked":"Conserve Battery","floor":5.0},{"not_picked":["Stack","Reboot"],"picked":"Defragment","floor":7.0},{"not_picked":["Steam","Rebound"],"picked":"Melter","floor":8.0},{"not_picked":["Rebound","Ball Lightning"],"picked":"Conserve Battery","floor":13.0},{"not_picked":["Redo","Streamline"],"picked":"Cold Snap","floor":14.0},{"not_picked":["Amplify","Multi-Cast"],"picked":"Electrodynamics","floor":16.0},{"not_picked":["Ball Lightning","Skim"],"picked":"Auto Shields","floor":18.0},{"not_picked":["Cold Snap","Compile Driver"],"picked":"Lockon","floor":20.0},{"not_picked":["Go for the Eyes","Coolheaded"],"picked":"Capacitor","floor":21.0},{"not_picked":["Ball Lightning","Electrodynamics"],"picked":"Steam","floor":27.0},{"not_picked":["Rebound+1","Compile Driver"],"picked":"Cold Snap","floor":30.0},{"not_picked":["Creative AI","Multi-Cast"],"picked":"Reboot","floor":33.0},{"not_picked":["Capacitor","Redo"],"picked":"Coolheaded","floor":35.0},{"not_picked":["Stack","Rebound","Fusion"],"picked":"SKIP","floor":36.0},{"not_picked":["Steam Power","Fusion"],"picked":"Reinforced Body+1","floor":38}],"player_experience":1084066,"relics_obtained":[{"floor":7.0,"key":"Cables"},{"floor":9.0,"key":"War Paint"},{"floor":26.0,"key":"Shuriken"},{"floor":27.0,"key":"Meat on the Bone"},{"floor":31.0,"key":"Matryoshka"}],"event_choices":[{"cards_removed":["Strike_B"],"damage_healed":0.0,"max_hp_gain":0.0,"max_hp_loss":0.0,"gold_gain":0.0,"event_name":"Purifier","player_choice":"Purged","floor":19.0,"gold_loss":0.0,"damage_taken":0.0},{"damage_healed":14.0,"max_hp_gain":0.0,"max_hp_loss":0.0,"gold_gain":0.0,"event_name":"The Library","player_choice":"Heal","floor":22.0,"gold_loss":0.0,"damage_taken":0.0},{"damage_healed":0,"gold_gain":275,"player_choice":"Desecrate","damage_taken":0,"max_hp_gain":0,"max_hp_loss":0,"event_name":"Golden Shrine","floor":37,"gold_loss":0,"cards_obtained":["Regret"]}],"is_beta":false,"boss_relics":[{"not_picked":["Sozu","Runic Pyramid"],"picked":"Empty Cage"},{"not_picked":["SacredBark","Runic Dome"],"picked":"Fusion Hammer"}],"items_purged_floors":[39],"is_endless":false,"potions_floor_spawned":[1,7,8,13,20,21,30,35],"killed_by":"Giant Head","ascension_level":18}}