{"host":"r3d3rfw8zyydmocx","time":1609231295,"event":{"mods":["Aspiration","BaseMod","Better Third Choice","Colored Powertips","Conspire","Downfall","Hermit","Highlight Path","Hubris","Minty Spire (QoL Compilation)","StSLib","The Hierophant","The Servant 0.9.4"],"gold_per_floor":[99,99,99,99,99,132,132,162,112,15,15,27,38,57,76,176,176,126,141,141,158,158,191,191,204,79,97,47,57,75,104,117,216,216,91,103,113,125,125,0,24,24,34,68,86,112,162,162,172,172],"floor_reached":51,"playtime":2743,"items_purged":[],"score":1176,"play_id":"3c00ee70-2fde-49ef-9230-26198bfab7b6","local_time":"20201229004135","is_ascension_mode":true,"campfire_choices":[{"data":"Slimebound:Split","floor":1,"key":"SMITH"},{"data":"Slimebound:LeechEnergy","floor":9,"key":"SMITH"},{"floor":18,"key":"RECALL"},{"floor":26,"key":"REST"},{"floor":28,"key":"REST"},{"floor":35,"key":"REST"},{"floor":40,"key":"REST"}],"circlet_count":0,"master_deck":["Slimebound:Strike_Slimebound","Slimebound:Strike_Slimebound","Slimebound:Defend_Slimebound","Slimebound:Defend_Slimebound","Slimebound:Defend_Slimebound","Slimebound:Split+1","Slimebound:CorrosiveSpit","Slimebound:LeechEnergy+1","Slimebound:HungryTackle","Slimebound:Prepare+1","Slimebound:Recollect+1","Slimebound:SamplingLick+1","Slimebound:Gluttony","Slimebound:TagTeam","Slimebound:PressTheAttack","Slimebound:SplitLeeching+1","Slimebound:Teamwork+1","Slimebound:SlimeTap+1","Slimebound:SamplingLick+1","Slimebound:Recycling","Slimebound:RainOfGoop+1","Slimebound:LevelUp","Slimebound:SamplingLick+1","Slimebound:Recollect+1","Slimebound:HauntingLick+1","Slimebound:Replication+1","Slimebound:Recycling","Slimebound:Darklings+1","Slice","Riddle With Holes","Corpse Explosion+1","Slimebound:SlimeTap+1"],"relics":["Slimebound:AbsorbEndCombat","downfall:HeartsMalice","Slimebound:GreedOozeRelic","aspiration:StickyExplosives_weak","hubris:Metronome","hubris:DeckOfHolding","Toxic Egg 2","hubris:Towel","Fusion Hammer","hubris:Icosahedron","Toy Ornithopter","Lantern","downfall:HeartBlessingRed","PreservedInsect","expansioncontent:StudyCardRelic","downfall:HeartBlessingGreen","downfall:HeartBlessingBlue","Slimebound:AggressiveSlimeRelic","Bag of Preparation","aspiration:VileToxins","Girya"],"acts_visited":["Exordium","TheCity","TheBeyond"],"potions_floor_usage":[14,15,16,25,27],"damage_taken":[{"damage":0,"enemies":"Jaw Worm","floor":2,"turns":1},{"damage":0,"enemies":"Small Slimes","floor":5,"turns":1},{"damage":0,"enemies":"Gremlin Nob","floor":6,"turns":1},{"damage":42,"enemies":"Lagavulin","floor":8,"turns":5},{"damage":14,"enemies":"downfall:FleeingMerchant","floor":10,"turns":4},{"damage":8,"enemies":"conspire:RoseBush","floor":12,"turns":3},{"damage":8,"enemies":"2 Fungi Beasts","floor":13,"turns":3},{"damage":20,"enemies":"Large Slime","floor":14,"turns":3},{"damage":4,"enemies":"Exordium Wildlife","floor":15,"turns":2},{"damage":47,"enemies":"downfall:Watcher","floor":16,"turns":7},{"damage":14,"enemies":"conspire:FuzzyDice","floor":19,"turns":5},{"damage":12,"enemies":"Snake Plant","floor":21,"turns":3},{"damage":18,"enemies":"conspire:Head Lice","floor":23,"turns":6},{"damage":24,"enemies":"Shelled Parasite and Fungi","floor":25,"turns":3},{"damage":19,"enemies":"conspire:HollyBat","floor":27,"turns":4},{"damage":0,"enemies":"Snake Plant","floor":29,"turns":2},{"damage":10,"enemies":"Sentry and Sphere","floor":30,"turns":3},{"damage":12,"enemies":"Gremlin Leader","floor":31,"turns":4},{"damage":12,"enemies":"Cultist and Chosen","floor":32,"turns":3},{"damage":18,"enemies":"downfall:Silent","floor":33,"turns":6},{"damage":14,"enemies":"Orb Walker","floor":36,"turns":2},{"damage":19,"enemies":"3 Shapes","floor":37,"turns":3},{"damage":16,"enemies":"Transient","floor":38,"turns":5},{"damage":24,"enemies":"Sphere and 2 Shapes","floor":43,"turns":3},{"damage":78,"enemies":"Nemesis","floor":44,"turns":3},{"damage":16,"enemies":"4 Shapes","floor":45,"turns":2},{"damage":28,"enemies":"Giant Head","floor":46,"turns":5},{"damage":32,"enemies":"Mind Bloom Boss Battle","floor":47,"turns":3},{"damage":24,"enemies":"Mind Bloom Boss Battle","floor":48,"turns":3},{"damage":16,"enemies":"3 Darklings","floor":49,"turns":2},{"damage":20,"enemies":"downfall:Defect","floor":50,"turns":3}],"seed_played":"5857556141837521031","potions_obtained":[{"floor":8,"key":"DistilledChaos"},{"floor":12,"key":"AttackPotion"},{"floor":14,"key":"Dexterity Potion"},{"floor":15,"key":"Energy Potion"},{"floor":19,"key":"DistilledChaos"},{"floor":21,"key":"champ:CounterPotion"},{"floor":27,"key":"Fruit Juice"},{"floor":30,"key":"FearPotion"},{"floor":44,"key":"Slimebound:SlimedPotion"},{"floor":45,"key":"SkillPotion"},{"floor":48,"key":"Swift Potion"}],"is_trial":false,"path_per_floor":["R","M","?","T","M","E","T","E","R","$","?","M","M","M","M","B",null,"R","M","?","M","?","E","T","M","R","M","R","M","M","E","M","B",null,"R","M","M","M","?","R","T","?","M","E","M","E","?","?","M","B",null],"character_chosen":"SLIMEBOUND","items_purchased":["Slimebound:SamplingLick+1","Slimebound:Gluttony"],"campfire_rested":4,"item_purchase_floors":[10,10],"current_hp_per_floor":[54,54,54,54,54,54,54,28,28,30,30,34,40,32,30,17,49,49,49,49,57,57,55,55,58,60,65,65,65,65,65,65,65,65,65,51,46,52,52,75,75,75,73,23,23,35,39,55,57,71],"gold":172,"neow_bonus":"THREE_ENEMY_KILL","is_daily":false,"chose_seed":false,"campfire_upgraded":2,"win_rate":0.0,"timestamp":1609231295,"path_taken":["R","M","?","?","M","E","T","E","R","$","?","M","M","?","M","BOSS","R","M","?","M","?","E","T","?","R","M","R","M","M","E","M","BOSS","R","M","M","M","?","R","T","?","?","E","M","E","?","?","M","BOSS"],"items_purchased_type":["Card","Card"],"build_version":"2020-12-22","purchased_purges":0,"victory":true,"max_hp_per_floor":[60,60,60,60,60,60,60,60,60,60,60,60,60,60,60,60,60,60,60,60,60,60,60,60,60,60,65,65,65,65,65,65,65,65,65,65,65,65,65,75,75,75,75,75,75,75,75,75,75,75],"card_choices":[{"not_picked":["Slimebound:Schlurp","Slimebound:SamplingLick"],"picked":"Slimebound:LeechEnergy","floor":2},{"not_picked":["Slimebound:ServeAndProtect","Slimebound:FinishingTackle","Slimebound:SlimeBrawl"],"picked":"SKIP","floor":5},{"not_picked":["Slimebound:ProtectTheBoss","Slimebound:DisruptingSlam"],"picked":"Slimebound:HungryTackle","floor":6},{"not_picked":["Slimebound:FlameTackle","Slimebound:GoopSpray+1"],"picked":"Slimebound:Prepare+1","floor":8},{"not_picked":["Slimebound:MinionMaster","Slimebound:Nibble"],"picked":"Slimebound:Recollect+1","floor":10},{"not_picked":["Slimebound:SplitBruiser+1","Slimebound:SlimeSpikes+1","Slimebound:DivideAndConquer+1"],"picked":"SKIP","floor":12},{"not_picked":["Slimebound:GrowthPunch","Slimebound:SamplingLick+1"],"picked":"Slimebound:TagTeam","floor":13},{"not_picked":["Slimebound:GoopSpray+1","Slimebound:ServeAndProtect+1"],"picked":"Slimebound:PressTheAttack","floor":14},{"not_picked":["Slimebound:FinishingTackle","Slimebound:SlimeSpikes+1"],"picked":"Slimebound:SplitLeeching+1","floor":15},{"not_picked":["Slimebound:WasteNot+1","Slimebound:TagTeam"],"picked":"Slimebound:Teamwork+1","floor":16},{"not_picked":["Slimebound:PressTheAttack","Slimebound:HauntingLick+1"],"picked":"Slimebound:SlimeTap+1","floor":19},{"not_picked":["Slimebound:RollThrough+1","Slimebound:DivideAndConquer+1"],"picked":"Slimebound:SamplingLick+1","floor":21},{"not_picked":["Slimebound:LeechEnergy","Slimebound:Grow"],"picked":"Slimebound:RainOfGoop+1","floor":23},{"not_picked":["Slimebound:FlameTackle","Slimebound:GrowthPunch+1","Slimebound:ViciousTackle"],"picked":"SKIP","floor":25},{"not_picked":["Slimebound:SplitAcid+1","Slimebound:PressTheAttack"],"picked":"Slimebound:LevelUp","floor":27},{"not_picked":["Slimebound:SplitBruiser+1","Slimebound:DivideAndConquer+1"],"picked":"Slimebound:SamplingLick+1","floor":29},{"not_picked":["Slimebound:ItLooksTasty+1","Slimebound:ServeAndProtect+1"],"picked":"Slimebound:Recollect+1","floor":30},{"not_picked":["Slimebound:GoopSpray+1","Slimebound:SplitLeeching+1"],"picked":"Slimebound:HauntingLick+1","floor":31},{"not_picked":["Slimebound:RollThrough","Slimebound:SplitBruiser+1"],"picked":"Slimebound:Replication+1","floor":32},{"not_picked":["Slimebound:LeechLife","Slimebound:CheckThePlaybook+1"],"picked":"Slimebound:Recycling","floor":33},{"not_picked":["Slimebound:SamplingLick+1","Slimebound:GrowthPunch"],"picked":"Slimebound:Darklings+1","floor":36},{"not_picked":["Slimebound:SplitLeeching+1","Slimebound:GrowthPunch+1","Slimebound:HungryTackle+1"],"picked":"SKIP","floor":37},{"not_picked":["Slimebound:HungryTackle","Slimebound:FormOfPuddle+1","Slimebound:GrowthPunch"],"picked":"SKIP","floor":38},{"not_picked":["Slimebound:SplitBruiser+1","Slimebound:SplitMire+1","Slimebound:Schlurp+1"],"picked":"SKIP","floor":43},{"not_picked":["Slimebound:FinishingTackle","Slimebound:ViciousTackle"],"picked":"Slimebound:SlimeTap+1","floor":44},{"not_picked":["Slimebound:ViciousTackle","Slimebound:GrowthPunch+1","Slimebound:SlimeBrawl+1"],"picked":"SKIP","floor":45},{"not_picked":["Slimebound:RollThrough+1","Slimebound:LeechingTouch","Slimebound:FinishingTackle"],"picked":"SKIP","floor":46},{"not_picked":["Slimebound:Gluttony","Slimebound:MassFeed","Slimebound:ComboTackle+1"],"picked":"SKIP","floor":49}],"player_experience":547273,"relics_obtained":[{"floor":4,"key":"aspiration:StickyExplosives_weak"},{"floor":6,"key":"hubris:Metronome"},{"floor":7,"key":"hubris:DeckOfHolding"},{"floor":8,"key":"Toxic Egg 2"},{"floor":23,"key":"Toy Ornithopter"},{"floor":24,"key":"Lantern"},{"floor":31,"key":"PreservedInsect"},{"floor":41,"key":"Slimebound:AggressiveSlimeRelic"},{"floor":44,"key":"Bag of Preparation"},{"floor":46,"key":"aspiration:VileToxins"},{"floor":47,"key":"Girya"}],"event_choices":[{"damage_healed":0,"gold_gain":0,"player_choice":"Read","damage_taken":0,"max_hp_gain":0,"max_hp_loss":0,"event_name":"The Library","floor":22,"gold_loss":0,"cards_obtained":["Slimebound:Recycling"]}],"is_beta":false,"boss_relics":[{"not_picked":["hubris:RunicObelisk","conspire:SpecialSausage"],"picked":"Fusion Hammer"},{"not_picked":["Runic Pyramid","hubris:ScarierMask"],"picked":"expansioncontent:StudyCardRelic"}],"items_purged_floors":[],"is_endless":false,"potions_floor_spawned":[8,12,14,15,19,21,25,27,30,32,43,44,45,46,47,48],"ascension_level":7}}