{"host":"89b1o62hw5aqf71h","time":1609215674,"event":{"mods":["Ascension Reborn","Ascension Unlocker","Aspiration","Bard","BaseMod","Bestiary","Better Silent Start","Better-Laid Plans","BetterRewards","Challenge The Spire","Colored Map","Colored Powertips","Conspire","Downfall","Energized Spire","Grow up Mod","GungeonMod","Hubris","HumanHunterMod(????mod)","Infinite Spire","JesterMod","Marisa????????","Mimic Mod","Minty Spire (QoL Compilation)","Potionbrewer","Random Character Mod","Replay The Spire","Retaliation","Shop Mod","Small Relic Pack","Spicy Shops","Spikes Relics","StSLib","The Blue Laboratory","Thieving Mod","Uncapped","Waifu the Spire","everything is the same but u backflip on backflip","vexMod","??????REMEMod"],"gold_per_floor":[114,114,114,129,55,88,138,156,210,210,242,252,177,54,54,54,54],"floor_reached":16,"playtime":998,"items_purged":["Armaments","Bash"],"score":208,"play_id":"7e1fc314-5302-4dfc-bc9c-344c737653e6","local_time":"20201228232113","is_ascension_mode":true,"campfire_choices":[{"data":"DDmod:GrandUltimatumAttack","floor":10.0,"key":"SMITH"},{"floor":15,"key":"REST"}],"circlet_count":0,"master_deck":["Strike_R","Strike_R","Strike_R","Strike_R","Strike_R","Defend_R","Defend_R","Defend_R","Defend_R","PlatinumSkin","DDmod:EasePowerCard","Defy Death","Absolvement","DDmod:GrandUltimatumAttack+1","ReplayTheSpireMod:Splinters","Warcry","Defy Death+1","Shockwave","DDmod:EasePowerCard"],"relics":["Burning Blood","REME_ComplimentaryCards","vexMod:GhostlyGear","aspiration:Lifesprig","hubris:Icosahedron","relicPack:DSword","ReplayTheSpireMod:Spearhead","InkBottle","Replay:Wax Seal","Nunchaku"],"acts_visited":["Exordium"],"potions_floor_usage":[16,16],"damage_taken":[{"damage":46.0,"enemies":"Jaw Worm","floor":1.0,"turns":8.0},{"damage":4.0,"enemies":"conspire:RoseBush","floor":4.0,"turns":4.0},{"damage":26.0,"enemies":"Replay:BlueRogue","floor":6.0,"turns":6.0},{"damage":8.0,"enemies":"Cultist","floor":8.0,"turns":6.0},{"damage":54.0,"enemies":"3 Sentries","floor":11.0,"turns":11.0},{"damage":21.0,"enemies":"3 Louse","floor":12.0,"turns":5.0},{"damage":30,"enemies":"The Guardian","floor":16,"turns":8}],"seed_played":"-2413762364889575829","potions_obtained":[{"floor":7.0,"key":"sneckomod:MuddlingPotion"},{"floor":8.0,"key":"blueLaboratory:BottleOfRum"},{"floor":11.0,"key":"DemoMod:LeadSkinPotion"}],"is_trial":false,"path_per_floor":["M","?","?","M","$","E","?","M","T","R","E","M","$","$","R","B"],"character_chosen":"IRONCLAD","items_purchased":["PlatinumSkin","LiquidMemories","sneckomod:MuddlingPotion","vexMod:GhostlyGear","aspiration:Lifesprig","DDmod:EasePowerCard","Absolvement","DDmod:EasePowerCard"],"campfire_rested":1,"item_purchase_floors":[0,0,0,0,0,0,5,14],"current_hp_per_floor":[47,57,32,50,60,53,63,78,88,98,92,94,104,114,193,185,185],"gold":54,"neow_bonus":"","is_daily":false,"chose_seed":false,"campfire_upgraded":1,"win_rate":0.0,"timestamp":1609215673,"path_taken":["M","?","?","M","?","E","?","M","T","R","E","?","?","$","R","BOSS"],"items_purchased_type":["Card","Potion","Potion","Relic","Relic","Card","Card","Card"],"build_version":"2020-12-22","purchased_purges":2,"victory":false,"max_hp_per_floor":[100,110,120,130,140,150,160,170,180,190,200,210,220,230,240,240,240],"card_choices":[{"not_picked":["True Grit","Shrug It Off"],"picked":"Defy Death","floor":1.0},{"not_picked":["Warcry","Perfected Strike"],"picked":"Armaments","floor":4.0},{"not_picked":["Pommel Strike","hubris:ReadiedAction"],"picked":"DDmod:GrandUltimatumAttack","floor":6.0},{"not_picked":["Armaments","Hemokinesis"],"picked":"Warcry","floor":8.0},{"not_picked":["hubris:CleavingFinish","Armaments"],"picked":"Shockwave","floor":11.0},{"not_picked":["Sword Boomerang","Warcry","True Grit"],"picked":"SKIP","floor":12.0},{"not_picked":["Sword Boomerang","Warcry","True Grit"],"picked":"SKIP","floor":12.0}],"player_experience":5588,"relics_obtained":[{"floor":6.0,"key":"ReplayTheSpireMod:Spearhead"},{"floor":7.0,"key":"InkBottle"},{"floor":9.0,"key":"Replay:Wax Seal"},{"floor":11.0,"key":"Nunchaku"}],"event_choices":[],"is_beta":false,"boss_relics":[],"items_purged_floors":[13,14],"is_endless":false,"potions_floor_spawned":[1,8,11],"killed_by":"The Guardian","ascension_level":0}}