{"host":"72lt20yb89m1ezcj","time":1609221867,"event":{"mods":["2.2 Compatiblity","AchievementEnabler","AlwaysNeverKeys","BaseMod","Better Note","BetterRewards","Block Reminder","Colored Powertips","Highlight Path","Minty Spire (QoL Compilation)","Rare Cards Sparkle","Reorder Act Four","StSLib","everything is the same but u backflip on backflip","slay the spire mod where everything is the same but ironclad has a cowboy hat"],"gold_per_floor":[118,129,139,70,83,115,115,115,140,140,140,140,140,158,158,289,289,302,302,317,341,17,50,50,84,138,138,138,138,156,10,10,10,10],"floor_reached":33,"playtime":1300,"items_purged":["Injury"],"score":383,"play_id":"22b81a57-5c4b-45cb-8210-2da7d74c665a","local_time":"20201229000427","is_ascension_mode":false,"campfire_choices":[{"floor":8,"key":"RECALL"},{"data":"Shockwave","floor":11,"key":"SMITH"},{"data":"Warcry","floor":15,"key":"SMITH"},{"floor":24,"key":"REST"},{"floor":27,"key":"REST"},{"data":"Demon Form","floor":29,"key":"SMITH"},{"data":"Entrench","floor":32,"key":"SMITH"}],"circlet_count":0,"master_deck":["Strike_R","Strike_R","Strike_R","Defend_R","Defend_R","Defend_R","Defend_R","Bash+1","Shockwave+1","Power Through","Cleave","Intimidate+1","Warcry+1","Cleave+1","Perfected Strike","Demon Form+1","Thunderclap","Clash","Shrug It Off","Disarm","Entrench+1"],"relics":["Burning Blood","Bird Faced Urn","Mercury Hourglass","Nunchaku","Red Skull","Golden Idol","Sozu","HornCleat","Tiny Chest","Whetstone","Dream Catcher","Bronze Scales"],"acts_visited":["Exordium","TheCity"],"potions_floor_usage":[6,20],"damage_taken":[{"damage":6,"enemies":"Cultist","floor":1,"turns":4},{"damage":0,"enemies":"2 Louse","floor":2,"turns":2},{"damage":8,"enemies":"Jaw Worm","floor":3,"turns":3},{"damage":4,"enemies":"Exordium Thugs","floor":5,"turns":3},{"damage":29,"enemies":"Gremlin Nob","floor":6,"turns":6},{"damage":1,"enemies":"Large Slime","floor":14,"turns":7},{"damage":33,"enemies":"Slime Boss","floor":16,"turns":8},{"damage":6,"enemies":"Chosen","floor":18,"turns":4},{"damage":21,"enemies":"Spheric Guardian","floor":20,"turns":4},{"damage":26,"enemies":"Cultist and Chosen","floor":21,"turns":6},{"damage":13,"enemies":"Book of Stabbing","floor":23,"turns":4},{"damage":24,"enemies":"Slavers","floor":25,"turns":5},{"damage":7,"enemies":"Chosen and Byrds","floor":30,"turns":4},{"damage":94,"enemies":"Automaton","floor":33,"turns":8}],"seed_played":"4669457892525559359","potions_obtained":[{"floor":2,"key":"AttackPotion"},{"floor":6,"key":"Energy Potion"},{"floor":14,"key":"SpeedPotion"}],"is_trial":false,"path_per_floor":["M","M","M","$","M","E","?","R","T","$","R","?","?","M","R","B",null,"M","?","M","M","$","E","R","E","T","R","?","R","M","$","R","B"],"character_chosen":"IRONCLAD","items_purchased":["Mercury Hourglass","Shockwave","Intimidate","HornCleat","Bronze Scales"],"campfire_rested":2,"item_purchase_floors":[0,0,4,22,31],"current_hp_per_floor":[72,78,76,76,78,55,60,60,60,60,60,60,60,65,65,38,85,85,85,70,52,52,47,72,56,56,81,81,81,82,82,82,0,0],"gold":10,"neow_bonus":"","is_daily":false,"chose_seed":false,"campfire_upgraded":4,"win_rate":0.0,"timestamp":1609221867,"path_taken":["M","M","M","$","M","E","?","R","T","$","R","?","?","?","R","BOSS","M","?","M","M","?","E","R","E","T","R","?","R","M","?","R","BOSS"],"items_purchased_type":["Relic","Card","Card","Relic","Relic"],"build_version":"2020-12-22","purchased_purges":1,"victory":false,"max_hp_per_floor":[80,80,80,80,80,80,85,85,85,85,85,85,85,85,85,85,85,85,85,85,85,85,85,85,85,85,85,85,85,85,85,85,85,85],"card_choices":[{"not_picked":["True Grit","Pommel Strike"],"picked":"Power Through","floor":1},{"not_picked":["Pommel Strike","Heavy Blade"],"picked":"Cleave","floor":2},{"not_picked":["Havoc","Headbutt","Wild Strike"],"picked":"SKIP","floor":3},{"not_picked":["Dark Embrace","Wild Strike"],"picked":"Warcry","floor":5},{"not_picked":["Fiend Fire","Warcry"],"picked":"Cleave","floor":6},{"not_picked":["Power Through","Bloodletting"],"picked":"Perfected Strike","floor":14},{"not_picked":["Exhume","Immolate"],"picked":"Demon Form","floor":16},{"not_picked":["Anger","Clothesline","Havoc+1"],"picked":"SKIP","floor":18},{"not_picked":["Sentinel","Twin Strike"],"picked":"Clash","floor":20},{"not_picked":["True Grit","Anger","Clash"],"picked":"SKIP","floor":21},{"not_picked":["Uppercut","Fiend Fire","Havoc+1"],"picked":"SKIP","floor":23},{"not_picked":["Clothesline+1","Juggernaut"],"picked":"Shrug It Off","floor":25},{"not_picked":["Warcry+1","Wild Strike+1"],"picked":"Disarm","floor":27},{"not_picked":["Intimidate+1","Clothesline"],"picked":"Entrench","floor":30}],"player_experience":748777,"relics_obtained":[{"floor":6,"key":"Nunchaku"},{"floor":9,"key":"Red Skull"},{"floor":23,"key":"Tiny Chest"},{"floor":25,"key":"Whetstone"},{"floor":26,"key":"Dream Catcher"}],"event_choices":[{"damage_healed":0,"gold_gain":0,"player_choice":"Donut","damage_taken":0,"max_hp_gain":5,"max_hp_loss":0,"event_name":"Big Fish","floor":7,"gold_loss":0},{"damage_healed":0,"gold_gain":0,"player_choice":"Take Wound","damage_taken":0,"relics_obtained":["Golden Idol"],"max_hp_gain":0,"max_hp_loss":0,"event_name":"Golden Idol","floor":12,"gold_loss":0,"cards_obtained":["Injury"]},{"damage_healed":0,"gold_gain":0,"player_choice":"Grow","damage_taken":0,"max_hp_gain":0,"max_hp_loss":0,"event_name":"Living Wall","floor":13,"gold_loss":0,"cards_upgraded":["Intimidate"]},{"damage_healed":0,"gold_gain":0,"cards_transformed":["Strike_R"],"player_choice":"Transformed","damage_taken":0,"max_hp_gain":0,"max_hp_loss":0,"event_name":"Transmorgrifier","floor":19,"gold_loss":0,"cards_obtained":["Thunderclap"]},{"damage_healed":0,"gold_gain":0,"player_choice":"Ignored","damage_taken":0,"max_hp_gain":0,"max_hp_loss":0,"event_name":"betterNote:BetterNote","floor":28,"gold_loss":0,"cards_obtained":["Shockwave"]}],"is_beta":false,"boss_relics":[{"not_picked":["Fusion Hammer","Runic Pyramid"],"picked":"Sozu"}],"items_purged_floors":[22],"is_endless":false,"potions_floor_spawned":[2,6,14,20,21,30],"killed_by":"Automaton","ascension_level":0}}