{"host":"2yqfi47fogfu1ic4","time":1609241534,"event":{"mods":["AchievementEnabler","BaseMod","Colored Map","Colored Powertips","Highlight Path","Minty Spire (QoL Compilation)","Permanent Neow","Relic Stats","StSLib"],"gold_per_floor":[112,112,122,22,37,47,47,47,47,47,47,86,104,123,123,217,217,237,237,258,51,75,75,93,93,93,93,127,148,148,23,23,116,116,137,162,437,287,306,306,330,365,365,365,388,428,428,447,447,447,447,447,447,6,41,41,41],"floor_reached":56,"playtime":4644,"items_purged":["Pain","Strike_G","Strike_G","Regret","Strike_G"],"score":1883,"play_id":"6153bc3b-4fb8-4dd6-85be-7116f71e1e39","local_time":"20201229123214","is_ascension_mode":true,"campfire_choices":[{"data":"Cloak And Dagger","floor":10.0,"key":"SMITH"},{"data":"Footwork","floor":15.0,"key":"SMITH"},{"data":"Cloak And Dagger","floor":23.0,"key":"SMITH"},{"data":"Blade Dance","floor":25.0,"key":"SMITH"},{"data":"After Image","floor":27.0,"key":"SMITH"},{"floor":30.0,"key":"DIG"},{"floor":32.0,"key":"DIG"},{"floor":40,"key":"DIG"},{"floor":44,"key":"DIG"},{"floor":47,"key":"RECALL"},{"floor":49,"key":"DIG"},{"floor":53,"key":"DIG"}],"circlet_count":0,"master_deck":["AscendersBane","Strike_G","Strike_G","Defend_G","Defend_G+1","Defend_G","Defend_G+1","Defend_G","Survivor","Neutralize","Dagger Spray","Masterful Stab","Backflip","Deflect","Cloak And Dagger+1","Masterful Stab","Deflect","Footwork+1","After Image+1","Finisher","Slice+1","Blade Dance+1","Cloak And Dagger+1","Infinite Blades+1","Backflip","Accuracy+1","Cloak And Dagger+1","Envenom","CurseOfTheBell","Acrobatics+1","PiercingWail+1","Blade Dance","Backflip"],"relics":["WristBlade","WarpedTongs","InkBottle","Sundial","Golden Idol","Eternal Feather","Runic Dome","Nunchaku","Shovel","White Beast Statue","Singing Bowl","Calling Bell","Vajra","Letter Opener","Du-Vu Doll","Lantern","Akabeko","CeramicFish","War Paint","Calipers","Mercury Hourglass","Shuriken","Happy Flower"],"acts_visited":["Exordium","TheCity","TheBeyond","TheEnding"],"potions_floor_usage":[39],"damage_taken":[{"damage":4.0,"enemies":"Small Slimes","floor":1.0,"turns":4.0},{"damage":3.0,"enemies":"Cultist","floor":3.0,"turns":4.0},{"damage":0.0,"enemies":"2 Louse","floor":5.0,"turns":3.0},{"damage":0.0,"enemies":"Exordium Thugs","floor":6.0,"turns":4.0},{"damage":33.0,"enemies":"Lagavulin","floor":12.0,"turns":7.0},{"damage":0.0,"enemies":"Lots of Slimes","floor":13.0,"turns":3.0},{"damage":0.0,"enemies":"Looter","floor":14.0,"turns":3.0},{"damage":36.0,"enemies":"Slime Boss","floor":16.0,"turns":15.0},{"damage":12.0,"enemies":"Spheric Guardian","floor":18.0,"turns":4.0},{"damage":5.0,"enemies":"Chosen","floor":20.0,"turns":7.0},{"damage":11.0,"enemies":"Snake Plant","floor":22.0,"turns":3.0},{"damage":24.0,"enemies":"Cultist and Chosen","floor":24.0,"turns":6.0},{"damage":26.0,"enemies":"Slavers","floor":28.0,"turns":4.0},{"damage":7.0,"enemies":"Centurion and Healer","floor":29.0,"turns":5.0},{"damage":33.0,"enemies":"Collector","floor":33.0,"turns":9.0},{"damage":0.0,"enemies":"3 Darklings","floor":35.0,"turns":1.0},{"damage":4.0,"enemies":"Orb Walker","floor":36.0,"turns":3.0},{"damage":0,"enemies":"Maw","floor":39,"turns":4},{"damage":0,"enemies":"Sphere and 2 Shapes","floor":41,"turns":5},{"damage":7,"enemies":"Nemesis","floor":42,"turns":5},{"damage":1,"enemies":"4 Shapes","floor":45,"turns":6},{"damage":0,"enemies":"Reptomancer","floor":46,"turns":3},{"damage":1,"enemies":"Maw","floor":48,"turns":5},{"damage":12,"enemies":"Donu and Deca","floor":50,"turns":7},{"damage":50,"enemies":"Awakened One","floor":51,"turns":10},{"damage":18,"enemies":"Shield and Spear","floor":55,"turns":5},{"damage":104,"enemies":"The Heart","floor":56,"turns":5}],"seed_played":"1260999555418625395","potions_obtained":[{"floor":3.0,"key":"EntropicBrew"},{"floor":16.0,"key":"Regen Potion"},{"floor":28.0,"key":"CunningPotion"},{"floor":33.0,"key":"AttackPotion"},{"floor":35.0,"key":"Weak Potion"},{"floor":36.0,"key":"FearPotion"},{"floor":39,"key":"FairyPotion"}],"is_trial":false,"path_per_floor":["M","?","M","$","M","M","$","T","T","R","?","E","M","M","R","B",null,"M","?","M","$","M","R","M","R","T","R","E","M","R","$","R","B",null,"M","M","?","$","M","R","M","E","T","R","M","E","R","M","R","B","B",null,"R","$","E","B"],"character_chosen":"THE_SILENT","items_purchased":["Backflip","Blade Dance","Cloak And Dagger","Shuriken"],"campfire_rested":0,"item_purchase_floors":[4,21,21,54],"current_hp_per_floor":[55,55,52,52,52,52,52,52,52,52,52,19,19,19,31,17,49,37,37,47,47,36,51,27,42,42,57,31,24,39,39,54,21,50,52,48,48,48,48,62,64,59,59,66,65,65,66,67,68,56,6,53,68,68,52,0,0],"gold":41,"neow_bonus":"BOSS_RELIC","is_daily":false,"chose_seed":false,"campfire_upgraded":5,"win_rate":0.0,"timestamp":1609241534,"path_taken":["M","?","?","$","M","M","$","?","T","R","?","E","M","M","R","BOSS","M","?","M","?","?","R","M","R","T","R","E","M","R","$","R","BOSS","M","M","?","$","M","R","M","E","T","R","M","E","R","M","R","BOSS","BOSS","R","$","E","BOSS"],"items_purchased_type":["Card","Card","Card","Relic"],"build_version":"2020-12-22","purchased_purges":5,"victory":false,"max_hp_per_floor":[66,66,66,66,66,66,66,66,66,66,60,60,60,60,60,60,60,60,60,60,60,60,60,60,60,60,60,60,60,60,60,60,60,60,62,62,62,62,62,62,64,66,66,66,66,66,66,68,68,68,68,68,68,68,70,70,70],"relic_stats":{"Singing Bowl":10,"Happy Flower":[1],"counters":[27,140],"Golden Idol":166,"CeramicFish":18,"Eternal Feather":125,"Letter Opener":[186],"War Paint":["Defend_G","Defend_G"],"WarpedTongs":[135],"Mercury Hourglass":[27],"Nunchaku":[31],"Shovel":6,"Sundial":[10],"Shuriken":[9],"obtain_stats":[{"Lantern":40,"Calipers":49,"Singing Bowl":32,"Happy Flower":55,"Golden Idol":11,"CeramicFish":44,"Vajra":34,"Eternal Feather":12,"Letter Opener":34,"War Paint":46,"White Beast Statue":30,"Akabeko":42,"WarpedTongs":2,"Mercury Hourglass":53,"Calling Bell":34,"Du-Vu Doll":34,"Runic Dome":17,"Nunchaku":26,"Shovel":28,"WristBlade":0,"Sundial":9,"Shuriken":54,"InkBottle":8,"Ring of the Snake":0},{"Lantern":18,"Calipers":23,"Singing Bowl":14,"Happy Flower":26,"Golden Idol":4,"CeramicFish":20,"Vajra":15,"Eternal Feather":5,"Letter Opener":15,"War Paint":22,"White Beast Statue":14,"Akabeko":20,"WarpedTongs":1,"Mercury Hourglass":25,"Calling Bell":15,"Du-Vu Doll":15,"Runic Dome":8,"Nunchaku":12,"Shovel":13,"WristBlade":0,"Sundial":4,"Shuriken":25,"InkBottle":4,"Ring of the Snake":0},{"Lantern":89,"Calipers":113,"Singing Bowl":72,"Happy Flower":135,"Golden Idol":15,"CeramicFish":99,"Vajra":81,"Eternal Feather":22,"Letter Opener":81,"War Paint":108,"White Beast Statue":72,"Akabeko":99,"WarpedTongs":4,"Mercury Hourglass":130,"Calling Bell":81,"Du-Vu Doll":81,"Runic Dome":43,"Nunchaku":63,"Shovel":67,"WristBlade":0,"Sundial":15,"Shuriken":130,"InkBottle":15,"Ring of the Snake":0}],"InkBottle":[79]},"card_choices":[{"not_picked":["Backflip","Poisoned Stab"],"picked":"Dagger Spray","floor":1.0},{"not_picked":["Footwork","Dagger Throw"],"picked":"Masterful Stab","floor":3.0},{"not_picked":["Grand Finale","Flechettes"],"picked":"Deflect","floor":5.0},{"not_picked":["Acrobatics","Deflect"],"picked":"Cloak And Dagger","floor":6.0},{"not_picked":["PiercingWail","Sucker Punch"],"picked":"Masterful Stab","floor":12.0},{"not_picked":["Flechettes","Deadly Poison"],"picked":"Deflect","floor":13.0},{"not_picked":["Dagger Throw","Blur"],"picked":"Footwork","floor":14.0},{"not_picked":["Grand Finale","Bullet Time"],"picked":"After Image","floor":16.0},{"not_picked":["Flying Knee","PiercingWail+1"],"picked":"Finisher","floor":18.0},{"not_picked":["Poisoned Stab","Acrobatics"],"picked":"Slice+1","floor":20.0},{"not_picked":["Cloak And Dagger","Deadly Poison"],"picked":"Infinite Blades+1","floor":22.0},{"not_picked":["PiercingWail","Deflect"],"picked":"Backflip","floor":24.0},{"not_picked":["Poisoned Stab+1","PiercingWail"],"picked":"Accuracy+1","floor":28.0},{"not_picked":["Venomology","Quick Slash"],"picked":"Cloak And Dagger+1","floor":29.0},{"not_picked":["Venomology","Die Die Die"],"picked":"Envenom","floor":33.0},{"not_picked":["Bane","Deadly Poison","Riddle With Holes+1"],"picked":"Singing Bowl","floor":35.0},{"not_picked":["Cloak And Dagger+1","Backflip"],"picked":"Acrobatics+1","floor":36.0},{"not_picked":["Finisher","Distraction"],"picked":"PiercingWail+1","floor":39},{"not_picked":["Finisher","Dodge and Roll+1","Prepared"],"picked":"Singing Bowl","floor":41},{"not_picked":["Deflect","Doppelganger","Outmaneuver"],"picked":"Singing Bowl","floor":42},{"not_picked":["Prepared","Dagger Throw"],"picked":"Blade Dance","floor":45},{"not_picked":["Prepared","Backstab"],"picked":"Backflip","floor":46},{"not_picked":["Bouncing Flask","Die Die Die","Flying Knee+1"],"picked":"Singing Bowl","floor":48},{"not_picked":["All Out Attack","Underhanded Strike","Escape Plan"],"picked":"Singing Bowl","floor":55}],"player_experience":1928270,"relics_obtained":[{"floor":8.0,"key":"InkBottle"},{"floor":9.0,"key":"Sundial"},{"floor":12.0,"key":"Eternal Feather"},{"floor":26.0,"key":"Nunchaku"},{"floor":28.0,"key":"Shovel"},{"floor":30.0,"key":"White Beast Statue"},{"floor":32.0,"key":"Singing Bowl"},{"floor":34.0,"key":"Vajra"},{"floor":34.0,"key":"Letter Opener"},{"floor":34.0,"key":"Du-Vu Doll"},{"floor":40,"key":"Lantern"},{"floor":42,"key":"Akabeko"},{"floor":44,"key":"CeramicFish"},{"floor":46,"key":"War Paint"},{"floor":49,"key":"Calipers"},{"floor":53,"key":"Mercury Hourglass"},{"floor":55,"key":"Happy Flower"}],"event_choices":[{"damage_healed":0.0,"max_hp_gain":0.0,"max_hp_loss":0.0,"gold_gain":0.0,"event_name":"Accursed Blacksmith","player_choice":"Rummage","floor":2.0,"gold_loss":0.0,"damage_taken":0.0,"relics_obtained":["WarpedTongs"],"cards_obtained":["Pain"]},{"damage_healed":0.0,"max_hp_gain":0.0,"max_hp_loss":6.0,"gold_gain":0.0,"event_name":"Golden Idol","player_choice":"Lose Max HP","floor":11.0,"gold_loss":0.0,"damage_taken":0.0,"relics_obtained":["Golden Idol"]},{"damage_healed":0.0,"max_hp_gain":0.0,"max_hp_loss":0.0,"gold_gain":0.0,"event_name":"Match and Keep!","player_choice":"0 cards matched","floor":19.0,"gold_loss":0.0,"damage_taken":0.0,"cards_obtained":[]},{"damage_healed":0.0,"max_hp_gain":0.0,"max_hp_loss":0.0,"gold_gain":275.0,"event_name":"Golden Shrine","player_choice":"Desecrate","floor":37.0,"gold_loss":0.0,"damage_taken":0.0,"cards_obtained":["Regret"]}],"is_beta":false,"boss_relics":[{"not_picked":["Tiny House","SlaversCollar"],"picked":"Runic Dome"},{"not_picked":["Cursed Key","Snecko Eye"],"picked":"Calling Bell"}],"items_purged_floors":[4,21,31,38,54],"is_endless":false,"potions_floor_spawned":[3,14,16,18,28,33,35,36,39,41,42,45,46,48,55],"killed_by":"The Heart","ascension_level":20}}