{"host":"f5gffvlv6a66yqkd","time":1609211421,"event":{"mods":["2.2 Compatiblity","BaseMod","Colored Map","DeckTracker","Keyboard Shortcuts","Minty Spire (QoL Compilation)","Permanent Neow","Quick Restart","Relic Stats","StSLib","SuperFastMode"],"gold_per_floor":[13,26,36,56,70,70,96,96,173,193,193,203,203,219,219,323,323,340,390,97,116,116,116,116,216,216,231,265,265,35,70,70,173,173,183,196,209,220,129,129,155,205,229,229,243,243,257,273,273,273,273,273,29,60,60],"floor_reached":56,"playtime":2223,"items_purged":["Lockon","All For One","Ball Lightning"],"score":1321,"play_id":"1a51655e-9012-445a-847b-5e164c79bf10","local_time":"20201229121021","is_ascension_mode":false,"campfire_choices":[{"data":"Zap","floor":6.0,"key":"SMITH"},{"data":"Dualcast","floor":8.0,"key":"SMITH"},{"data":"Chaos","floor":15.0,"key":"SMITH"},{"data":"Seek","floor":23.0,"key":"SMITH"},{"data":"Defragment","floor":29.0,"key":"SMITH"},{"data":"Turbo","floor":32.0,"key":"SMITH"},{"data":"Coolheaded","floor":40,"key":"SMITH"},{"floor":44,"key":"RECALL"},{"data":"Capacitor","floor":49,"key":"SMITH"},{"data":"Heatsinks","floor":52,"key":"SMITH"}],"circlet_count":0,"master_deck":["Zap+1","Dualcast+1","Gash","Go for the Eyes","Ball Lightning","Genetic Algorithm","Sweeping Beam","Self Repair","Chaos+1","Skim","Seek+1","Hologram","Heatsinks+1","Compile Driver","Defragment+1","Meteor Strike","Double Energy+1","White Noise","Turbo+1","Coolheaded+1","Buffer","Force Field","Seek","Creative AI","Capacitor+1","Coolheaded","Redo+1","Creative AI","Skim","Glacier"],"relics":["Cracked Core","CaptainsWheel","Mango","The Courier","Pandora\u0027s Box","Anchor","Orrery","Lizard Tail","Pocketwatch","Membership Card","DataDisk","Nuclear Battery","Blood Vial","Ginger","Runic Capacitor","Calipers","Pear"],"acts_visited":["Exordium","TheCity","TheBeyond","TheEnding"],"potions_floor_usage":[55,55],"damage_taken":[{"damage":0.0,"enemies":"2 Louse","floor":1.0,"turns":3.0},{"damage":0.0,"enemies":"Cultist","floor":2.0,"turns":3.0},{"damage":2.0,"enemies":"Small Slimes","floor":3.0,"turns":3.0},{"damage":18.0,"enemies":"Exordium Thugs","floor":4.0,"turns":4.0},{"damage":5.0,"enemies":"Exordium Wildlife","floor":5.0,"turns":5.0},{"damage":22.0,"enemies":"3 Sentries","floor":7.0,"turns":5.0},{"damage":0.0,"enemies":"3 Louse","floor":10.0,"turns":2.0},{"damage":5.0,"enemies":"Looter","floor":12.0,"turns":3.0},{"damage":3.0,"enemies":"Red Slaver","floor":14.0,"turns":3.0},{"damage":12.0,"enemies":"Hexaghost","floor":16.0,"turns":8.0},{"damage":9.0,"enemies":"Shell Parasite","floor":18.0,"turns":3.0},{"damage":0.0,"enemies":"Spheric Guardian","floor":21.0,"turns":4.0},{"damage":0.0,"enemies":"Centurion and Healer","floor":27.0,"turns":5.0},{"damage":18.0,"enemies":"Slavers","floor":28.0,"turns":3.0},{"damage":16.0,"enemies":"Gremlin Leader","floor":31.0,"turns":8.0},{"damage":23.0,"enemies":"Collector","floor":33.0,"turns":8.0},{"damage":0.0,"enemies":"Orb Walker","floor":35.0,"turns":3.0},{"damage":2.0,"enemies":"3 Shapes","floor":36.0,"turns":3.0},{"damage":24,"enemies":"3 Darklings","floor":37,"turns":4},{"damage":0,"enemies":"Sphere and 2 Shapes","floor":38,"turns":3},{"damage":0,"enemies":"Nemesis","floor":41,"turns":7},{"damage":0,"enemies":"Mind Bloom Boss Battle","floor":42,"turns":5},{"damage":0,"enemies":"Maw","floor":45,"turns":5},{"damage":29,"enemies":"Writhing Mass","floor":47,"turns":5},{"damage":9,"enemies":"Jaw Worm Horde","floor":48,"turns":3},{"damage":16,"enemies":"Donu and Deca","floor":50,"turns":6},{"damage":0,"enemies":"Shield and Spear","floor":54,"turns":5},{"damage":14,"enemies":"The Heart","floor":55,"turns":11}],"seed_played":"2261966903964928688","potions_obtained":[{"floor":1.0,"key":"EntropicBrew"},{"floor":5.0,"key":"Weak Potion"},{"floor":10.0,"key":"SkillPotion"},{"floor":14.0,"key":"Fruit Juice"},{"floor":18.0,"key":"AttackPotion"},{"floor":28.0,"key":"GamblersBrew"},{"floor":35.0,"key":"Strength Potion"},{"floor":45,"key":"FocusPotion"},{"floor":48,"key":"ColorlessPotion"}],"is_trial":false,"path_per_floor":["M","M","M","M","M","R","E","R","T","M","?","M","?","M","R","B",null,"M","?","$","M","?","R","?","?","T","M","E","R","$","E","R","B",null,"M","M","M","M","$","R","E","?","T","R","M","?","M","M","R","B",null,"R","$","E","B",null],"character_chosen":"DEFECT","items_purchased":["Anchor","Orrery","Membership Card","Seek","Capacitor","Runic Capacitor","Calipers","Glacier","Ancient Potion"],"campfire_rested":0,"item_purchase_floors":[20,20,30,30,39,53,53,53,53],"current_hp_per_floor":[75,75,73,55,50,50,42,42,42,49,49,51,44,53,53,48,94,92,92,92,94,94,94,94,94,94,94,83,83,83,74,74,58,94,94,94,77,84,84,84,91,94,94,94,94,94,72,65,65,58,94,94,94,104,97],"gold":60,"neow_bonus":"ONE_RARE_RELIC","is_daily":false,"chose_seed":false,"campfire_upgraded":9,"win_rate":0.0,"timestamp":1609211421,"path_taken":["M","M","M","M","M","R","E","R","T","M","?","?","?","M","R","BOSS","M","?","?","?","?","R","?","?","T","?","E","R","?","E","R","BOSS","M","?","M","M","$","R","E","?","T","R","M","?","M","M","R","BOSS","R","$","E","BOSS"],"items_purchased_type":["Relic","Relic","Relic","Card","Card","Relic","Relic","Card","Potion"],"build_version":"2020-12-22","purchased_purges":3,"victory":true,"max_hp_per_floor":[75,75,75,75,75,75,89,89,89,89,89,89,89,94,94,94,94,94,94,94,94,94,94,94,94,94,94,94,94,94,94,94,94,94,94,94,94,94,94,94,94,94,94,94,94,94,94,94,94,94,94,94,94,104,104],"relic_stats":{"Blood Vial":6,"Lizard Tail":0,"counters":[28,130],"Pandora\u0027s Box":["Hologram","All For One","Lockon","Heatsinks","Compile Driver","Defragment","Meteor Strike"],"Ginger":[7],"obtain_stats":[{"Calipers":53,"Pear":54,"Mango":7,"The Courier":9,"Runic Capacitor":53,"Ginger":42,"Nuclear Battery":34,"Blood Vial":41,"CaptainsWheel":0,"Anchor":20,"Lizard Tail":26,"DataDisk":31,"Orrery":20,"Pandora\u0027s Box":17,"Membership Card":30,"Cracked Core":0,"Pocketwatch":28},{"Calipers":26,"Pear":27,"Mango":6,"The Courier":6,"Runic Capacitor":26,"Ginger":22,"Nuclear Battery":16,"Blood Vial":21,"CaptainsWheel":0,"Anchor":11,"Lizard Tail":12,"DataDisk":15,"Orrery":11,"Pandora\u0027s Box":10,"Membership Card":14,"Cracked Core":0,"Pocketwatch":14},{"Calipers":114,"Pear":119,"Mango":23,"The Courier":23,"Runic Capacitor":114,"Ginger":95,"Nuclear Battery":70,"Blood Vial":90,"CaptainsWheel":0,"Anchor":42,"Lizard Tail":46,"DataDisk":62,"Orrery":42,"Pandora\u0027s Box":39,"Membership Card":54,"Cracked Core":0,"Pocketwatch":54}],"Pocketwatch":[27]},"card_choices":[{"not_picked":["Consume","Streamline"],"picked":"Gash","floor":1.0},{"not_picked":["Force Field","Fusion"],"picked":"Go for the Eyes","floor":2.0},{"not_picked":["Heatsinks","Streamline"],"picked":"Ball Lightning","floor":3.0},{"not_picked":["Recycle","Coolheaded"],"picked":"Genetic Algorithm","floor":4.0},{"not_picked":["Hyperbeam","Turbo"],"picked":"Sweeping Beam","floor":5.0},{"not_picked":["Tempest","Redo"],"picked":"Self Repair","floor":7.0},{"not_picked":["Static Discharge","Double Energy"],"picked":"Chaos","floor":10.0},{"not_picked":["Reprogram","Turbo"],"picked":"Ball Lightning","floor":12.0},{"not_picked":["Ball Lightning","Go for the Eyes"],"picked":"Skim","floor":14.0},{"not_picked":["Machine Learning","Fission"],"picked":"Seek","floor":16.0},{"not_picked":["Sweeping Beam","Turbo"],"picked":"Double Energy+1","floor":18.0},{"not_picked":["Reprogram+1","Stack"],"picked":"White Noise","floor":20.0},{"not_picked":["Auto Shields","Darkness"],"picked":"Turbo","floor":20.0},{"not_picked":["Storm+1","Rebound+1"],"picked":"Coolheaded","floor":20.0},{"not_picked":["Beam Cell+1","Cold Snap"],"picked":"Buffer","floor":20.0},{"not_picked":["Fusion","Barrage","Rebound"],"picked":"SKIP","floor":21.0},{"not_picked":["Hologram+1","Sweeping Beam","Streamline"],"picked":"SKIP","floor":27.0},{"not_picked":["Conserve Battery","Recycle"],"picked":"Force Field","floor":28.0},{"not_picked":["Meteor Strike","Genetic Algorithm+1","Turbo+1"],"picked":"SKIP","floor":31.0},{"not_picked":["All For One","Seek"],"picked":"Creative AI","floor":33.0},{"not_picked":["Turbo+1","Steam+1"],"picked":"Redo","floor":35.0},{"not_picked":["Turbo+1","Leap+1","Rip and Tear"],"picked":"SKIP","floor":36.0},{"not_picked":["Stack","Turbo","Rebound"],"picked":"SKIP","floor":37},{"not_picked":["Ball Lightning","Go for the Eyes","Recycle"],"picked":"SKIP","floor":38},{"not_picked":["Machine Learning","Hello World"],"picked":"Coolheaded","floor":41},{"not_picked":["Sweeping Beam","Compile Driver+1"],"picked":"Redo+1","floor":45},{"not_picked":["Doom and Gloom","Barrage","Darkness"],"picked":"SKIP","floor":47},{"not_picked":["Doom and Gloom","Barrage","Darkness"],"picked":"SKIP","floor":47},{"not_picked":["Beam Cell+1","Turbo+1"],"picked":"Skim","floor":48},{"not_picked":["Genetic Algorithm+1","Redo+1","Ball Lightning+1"],"picked":"SKIP","floor":54}],"player_experience":1505576,"relics_obtained":[{"floor":7.0,"key":"Mango"},{"floor":9.0,"key":"The Courier"},{"floor":26.0,"key":"Lizard Tail"},{"floor":28.0,"key":"Pocketwatch"},{"floor":31.0,"key":"DataDisk"},{"floor":41,"key":"Blood Vial"},{"floor":42,"key":"Ginger"},{"floor":54,"key":"Pear"}],"event_choices":[{"damage_healed":0.0,"max_hp_gain":0.0,"max_hp_loss":0.0,"gold_gain":0.0,"event_name":"The Woman in Blue","player_choice":"Bought 0 Potions","floor":11.0,"gold_loss":0.0,"damage_taken":0.0},{"cards_removed":["Strike_B"],"damage_healed":0.0,"max_hp_gain":0.0,"max_hp_loss":0.0,"gold_gain":0.0,"event_name":"Golden Wing","player_choice":"Card Removal","floor":13.0,"gold_loss":0.0,"damage_taken":7.0},{"damage_healed":0.0,"max_hp_gain":0.0,"max_hp_loss":0.0,"gold_gain":100.0,"event_name":"The Joust","player_choice":"Bet on Murderer","floor":19.0,"gold_loss":50.0,"damage_taken":0.0},{"damage_healed":0.0,"max_hp_gain":0.0,"max_hp_loss":0.0,"gold_gain":0.0,"event_name":"Ghosts","player_choice":"Ignored","floor":22.0,"gold_loss":0.0,"damage_taken":0.0},{"damage_healed":0.0,"max_hp_gain":0.0,"max_hp_loss":0.0,"gold_gain":0.0,"event_name":"Vampires","player_choice":"Ignored","floor":24.0,"gold_loss":0.0,"damage_taken":0.0},{"damage_healed":0.0,"max_hp_gain":0.0,"max_hp_loss":0.0,"gold_gain":100.0,"event_name":"Golden Shrine","player_choice":"Pray","floor":25.0,"gold_loss":0.0,"damage_taken":0.0},{"damage_healed":0,"gold_gain":0,"player_choice":"Fight","damage_taken":0,"max_hp_gain":0,"max_hp_loss":0,"event_name":"MindBloom","floor":42,"gold_loss":0},{"damage_healed":0,"gold_gain":0,"cards_transformed":["Redo"],"player_choice":"Transformed","damage_taken":0,"max_hp_gain":0,"max_hp_loss":0,"event_name":"Transmorgrifier","floor":46,"gold_loss":0,"cards_obtained":["Creative AI"]}],"is_beta":false,"boss_relics":[{"not_picked":["Cursed Key","Calling Bell"],"picked":"Pandora\u0027s Box"},{"not_picked":["Tiny House","Black Star"],"picked":"Nuclear Battery"}],"items_purged_floors":[20,30,39],"is_endless":false,"potions_floor_spawned":[1,5,10,14,18,28,31,35,45,48],"ascension_level":0}}