{"host":"31s8hzukbhz1k6i6","time":1609205303,"event":{"mods":["BaseMod","Colored Map","Minty Spire (QoL Compilation)","Relic Stats","UnlockEverythingMod"],"gold_per_floor":[110,60,60,60,74,74,105,123,123,123,123],"floor_reached":10,"playtime":330,"items_purged":[],"score":99,"play_id":"1bde8f31-d8e8-466b-82d9-5e121bc08376","local_time":"20201228172823","is_ascension_mode":true,"campfire_choices":[{"data":"Poisoned Stab","floor":6,"key":"SMITH"}],"circlet_count":0,"master_deck":["AscendersBane","Strike_G","Strike_G","Strike_G","Defend_G","Defend_G","Defend_G","Defend_G","Survivor","Neutralize","Tactician","Poisoned Stab+1","Dagger Spray","Crippling Poison","Backflip","Acrobatics"],"relics":["Ring of the Snake","InkBottle","Singing Bowl"],"acts_visited":["Exordium"],"potions_floor_usage":[10,10],"damage_taken":[{"damage":0,"enemies":"Cultist","floor":1,"turns":5},{"damage":0,"enemies":"Jaw Worm","floor":5,"turns":5},{"damage":26,"enemies":"Lagavulin","floor":7,"turns":6},{"damage":0,"enemies":"2 Louse","floor":8,"turns":2},{"damage":25,"enemies":"3 Sentries","floor":10,"turns":6}],"seed_played":"-8891918131728564560","potions_obtained":[{"floor":1,"key":"Fruit Juice"},{"floor":5,"key":"Explosive Potion"}],"is_trial":false,"path_per_floor":["M","?","$","$","M","R","E","M","T","E"],"character_chosen":"THE_SILENT","items_purchased":[],"campfire_rested":0,"item_purchase_floors":[],"current_hp_per_floor":[45,45,45,45,45,45,19,19,19,0,0],"gold":123,"neow_bonus":"TRANSFORM_TWO_CARDS","is_daily":false,"chose_seed":false,"campfire_upgraded":1,"win_rate":0.0,"timestamp":1609205303,"path_taken":["M","?","?","$","M","R","E","?","T","E"],"items_purchased_type":[],"build_version":"2020-12-22","purchased_purges":0,"victory":false,"max_hp_per_floor":[70,70,70,70,70,70,70,70,70,75,75],"relic_stats":{"Singing Bowl":0,"counters":[5,24],"obtain_stats":[{"Singing Bowl":9,"InkBottle":7,"Ring of the Snake":0},{"Singing Bowl":4,"InkBottle":3,"Ring of the Snake":0},{"Singing Bowl":18,"InkBottle":16,"Ring of the Snake":0}],"InkBottle":[2],"Ring of the Snake":[10]},"card_choices":[{"not_picked":["Expertise","Dodge and Roll"],"picked":"Dagger Spray","floor":1},{"not_picked":["Bane","Backflip"],"picked":"Crippling Poison","floor":5},{"not_picked":["Distraction","Reflex"],"picked":"Backflip","floor":7},{"not_picked":["Deflect","Flying Knee"],"picked":"Acrobatics","floor":8}],"player_experience":68897,"relics_obtained":[{"floor":7,"key":"InkBottle"},{"floor":9,"key":"Singing Bowl"}],"event_choices":[{"cards_removed":["Strike_G"],"damage_healed":0,"gold_gain":0,"player_choice":"Card Removal","damage_taken":0,"max_hp_gain":0,"max_hp_loss":0,"event_name":"The Cleric","floor":2,"gold_loss":50}],"is_beta":false,"boss_relics":[],"items_purged_floors":[],"is_endless":false,"potions_floor_spawned":[1,5],"killed_by":"3 Sentries","ascension_level":10}}