{"host":"1c52r9kaxdyo25eq","time":1609279586,"event":{"mods":["AchievementEnabler","BaseMod","Minty Spire (QoL Compilation)","Rare Cards Sparkle","SuperFastMode","everything is the same but u backflip on backflip"],"gold_per_floor":[115,115,132,182,200,200,225,225,225,236,78,78,78,98,98,174,174,188,201,251,62,79,79,89,89,89],"floor_reached":25,"playtime":671,"items_purged":["Decay","All Out Attack"],"score":506,"play_id":"bf156798-c8e2-49b1-9862-d1f5c5f665f2","local_time":"20201230070626","is_ascension_mode":true,"campfire_choices":[{"data":"Bouncing Flask","floor":6.0,"key":"SMITH"},{"floor":13.0,"key":"REST"},{"floor":15.0,"key":"REST"},{"floor":23,"key":"REST"}],"circlet_count":0,"master_deck":["AscendersBane","Survivor","Neutralize","Blur","Tools of the Trade","Noxious Fumes","Bouncing Flask+1","Acrobatics","Outmaneuver","Wraith Form v2","Doppelganger","Setup","PiercingWail","Poisoned Stab","Escape Plan","Reflex"],"relics":["Ring of the Snake","Matryoshka","Bronze Scales","Snake Skull","Pandora\u0027s Box"],"acts_visited":["Exordium","TheCity"],"potions_floor_usage":[16,22,22,24],"damage_taken":[{"damage":0.0,"enemies":"2 Louse","floor":1.0,"turns":4.0},{"damage":1.0,"enemies":"Cultist","floor":3.0,"turns":4.0},{"damage":18.0,"enemies":"Small Slimes","floor":5.0,"turns":4.0},{"damage":16.0,"enemies":"3 Sentries","floor":7.0,"turns":6.0},{"damage":21.0,"enemies":"Exordium Thugs","floor":10.0,"turns":5.0},{"damage":12.0,"enemies":"2 Fungi Beasts","floor":14.0,"turns":3.0},{"damage":0,"enemies":"The Guardian","floor":16,"turns":6},{"damage":2,"enemies":"Chosen","floor":18,"turns":4},{"damage":10,"enemies":"3 Byrds","floor":19,"turns":4},{"damage":18,"enemies":"Snake Plant","floor":22,"turns":2},{"damage":29,"enemies":"Centurion and Healer","floor":24,"turns":7},{"damage":7,"enemies":"Snecko","floor":25,"turns":3}],"seed_played":"-8487422311189685997","potions_obtained":[{"floor":1.0,"key":"PowerPotion"},{"floor":3.0,"key":"Energy Potion"},{"floor":16,"key":"Regen Potion"},{"floor":18,"key":"SkillPotion"},{"floor":22,"key":"SpeedPotion"}],"is_trial":false,"path_per_floor":["M","?","M","?","M","R","E","?","T","M","$","?","R","M","R","B",null,"M","M","?","$","M","R","M","M"],"character_chosen":"THE_SILENT","items_purchased":["LiquidMemories","Reflex"],"campfire_rested":3,"item_purchase_floors":[11,21],"current_hp_per_floor":[59,59,58,58,40,40,24,24,24,3,3,3,21,9,27,27,52,50,40,40,40,31,49,20,13,13],"gold":89,"neow_bonus":"REMOVE_TWO","is_daily":false,"chose_seed":false,"campfire_upgraded":1,"win_rate":0.0,"timestamp":1609279586,"path_taken":["M","?","M","?","?","R","E","?","T","M","?","?","R","?","R","BOSS","M","M","?","?","M","R","M","M"],"items_purchased_type":["Potion","Card"],"build_version":"2020-12-22","purchased_purges":2,"victory":false,"max_hp_per_floor":[60,60,60,60,60,60,60,60,60,60,60,60,60,60,60,60,60,60,60,60,60,60,60,60,60,60],"card_choices":[{"not_picked":["Dagger Throw","Flechettes"],"picked":"Blur","floor":1.0},{"not_picked":["Choke","Concentrate"],"picked":"Noxious Fumes","floor":3.0},{"not_picked":["Bane","Accuracy"],"picked":"Bouncing Flask","floor":5.0},{"not_picked":["Escape Plan","Doppelganger"],"picked":"Acrobatics","floor":7.0},{"not_picked":["Quick Slash","Blur","Dagger Spray"],"picked":"SKIP","floor":10.0},{"not_picked":["Heel Hook","Dagger Spray","All Out Attack"],"picked":"SKIP","floor":14.0},{"not_picked":["Night Terror","Die Die Die"],"picked":"Wraith Form v2","floor":16},{"not_picked":["Dagger Throw","Poisoned Stab","Underhanded Strike+1"],"picked":"SKIP","floor":18},{"not_picked":["Dodge and Roll","Flying Knee","Accuracy"],"picked":"SKIP","floor":19},{"not_picked":["Sucker Punch","Masterful Stab","Dash"],"picked":"SKIP","floor":22},{"not_picked":["Prepared","Wraith Form v2","All Out Attack"],"picked":"SKIP","floor":24}],"player_experience":529728,"relics_obtained":[{"floor":7.0,"key":"Matryoshka"},{"floor":9.0,"key":"Bronze Scales"},{"floor":9.0,"key":"Snake Skull"}],"event_choices":[{"damage_healed":0.0,"max_hp_gain":0.0,"max_hp_loss":0.0,"gold_gain":0.0,"cards_transformed":["Defend_G"],"event_name":"Living Wall","player_choice":"Change","floor":2.0,"gold_loss":0.0,"damage_taken":0.0,"cards_obtained":["Tools of the Trade"]},{"damage_healed":0.0,"max_hp_gain":0.0,"max_hp_loss":0.0,"gold_gain":50.0,"event_name":"Golden Shrine","player_choice":"Pray","floor":4.0,"gold_loss":0.0,"damage_taken":0.0},{"damage_healed":0.0,"max_hp_gain":0.0,"max_hp_loss":0.0,"gold_gain":0.0,"event_name":"Wheel of Change","player_choice":"Cursed","floor":8.0,"gold_loss":0.0,"damage_taken":0.0,"cards_obtained":["Decay"]},{"damage_healed":0.0,"max_hp_gain":0.0,"max_hp_loss":0.0,"gold_gain":0.0,"cards_transformed":["Strike_G"],"event_name":"Transmorgrifier","player_choice":"Transformed","floor":12.0,"gold_loss":0.0,"damage_taken":0.0,"cards_obtained":["Outmaneuver"]},{"damage_healed":0,"gold_gain":50,"player_choice":"Stole From Cult","damage_taken":0,"max_hp_gain":0,"max_hp_loss":0,"event_name":"Nest","floor":20,"gold_loss":0}],"is_beta":false,"boss_relics":[{"not_picked":["Busted Crown","Black Star"],"picked":"Pandora\u0027s Box"}],"items_purged_floors":[11,21],"is_endless":false,"potions_floor_spawned":[1,3,5,16,18,22],"killed_by":"Snecko","ascension_level":20}}