{"host":"utqe55yv0jihe4d6","time":1609260691,"event":{"mods":["2.2 Compatiblity","AchievementEnabler","BaseMod","Block Reminder","Colored Map","Colored Powertips","Minty Spire (QoL Compilation)","Quick Restart","Rare Cards Sparkle","Relic Stats","SuperFastMode"],"gold_per_floor":[114,114,9,9,19,352,352,372,420,432,445,473,524,558,558,632,632,652,577,667,86,99,99,124,124,124,142,167,167,185,212,212,289,289,304,324,342,353,16,16,50,50,95,37,66,77,130,164,164,164,164,164,164,70,96,96],"floor_reached":57,"playtime":3098,"items_purged":["Strike_G","Strike_G","Defend_G"],"score":2986,"play_id":"5e5499b0-07b0-440c-a3ea-b84a6e16f5f9","local_time":"20201229115131","is_ascension_mode":true,"campfire_choices":[{"data":"Predator","floor":7.0,"key":"SMITH"},{"data":"Noxious Fumes","floor":15.0,"key":"SMITH"},{"data":"Wraith Form v2","floor":23.0,"key":"SMITH"},{"data":"Tools of the Trade","floor":25.0,"key":"SMITH"},{"data":"Neutralize","floor":29.0,"key":"SMITH"},{"data":"Noxious Fumes","floor":32.0,"key":"SMITH"},{"data":"Infinite Blades","floor":40.0,"key":"SMITH"},{"data":"After Image","floor":42.0,"key":"SMITH"},{"floor":49.0,"key":"RECALL"},{"data":"A Thousand Cuts","floor":53.0,"key":"SMITH"}],"circlet_count":0,"master_deck":["AscendersBane","Defend_G","Defend_G","Defend_G","Survivor","Neutralize+1","Predator+1","Dagger Spray","Dagger Throw","Noxious Fumes+1","Backflip","Bouncing Flask","Noxious Fumes+1","Tools of the Trade+1","Predator","Wraith Form v2+1","Blade Dance+1","Acrobatics","Deflect+1","Backflip","Venomology","Backflip+1","Night Terror+1","Burst+1","Infinite Blades+1","Noxious Fumes","After Image+1","PiercingWail","A Thousand Cuts+1","Well Laid Plans+1","Accuracy","Accuracy","PiercingWail","Terror+1"],"relics":["Ring of the Snake","NeowsBlessing","Nunchaku","Old Coin","Omamori","Bird Faced Urn","Toy Ornithopter","Cursed Key","OrangePellets","Oddly Smooth Stone","Gremlin Horn","HornCleat","Eternal Feather","Du-Vu Doll","Astrolabe","Medical Kit","Vajra","Lantern","Calipers","InkBottle","Sundial"],"acts_visited":["Exordium","TheCity","TheBeyond","TheEnding"],"potions_floor_usage":[56],"damage_taken":[{"damage":0.0,"enemies":"Jaw Worm","floor":1.0,"turns":1.0},{"damage":0.0,"enemies":"Small Slimes","floor":5.0,"turns":1.0},{"damage":0.0,"enemies":"Lagavulin","floor":6.0,"turns":1.0},{"damage":0.0,"enemies":"Cultist","floor":8.0,"turns":3.0},{"damage":1.0,"enemies":"Looter","floor":10.0,"turns":3.0},{"damage":5.0,"enemies":"3 Louse","floor":11.0,"turns":4.0},{"damage":30.0,"enemies":"Gremlin Nob","floor":12.0,"turns":4.0},{"damage":30.0,"enemies":"Lagavulin","floor":14.0,"turns":6.0},{"damage":26.0,"enemies":"Hexaghost","floor":16.0,"turns":9.0},{"damage":16.0,"enemies":"Shell Parasite","floor":18.0,"turns":6.0},{"damage":9.0,"enemies":"Chosen","floor":22.0,"turns":5.0},{"damage":1.0,"enemies":"Book of Stabbing","floor":24.0,"turns":5.0},{"damage":4.0,"enemies":"3 Cultists","floor":27.0,"turns":5.0},{"damage":24.0,"enemies":"Gremlin Leader","floor":28.0,"turns":7.0},{"damage":0.0,"enemies":"Snake Plant","floor":30.0,"turns":3.0},{"damage":0.0,"enemies":"Book of Stabbing","floor":31.0,"turns":6.0},{"damage":16.0,"enemies":"Collector","floor":33.0,"turns":8.0},{"damage":0.0,"enemies":"Orb Walker","floor":35.0,"turns":5.0},{"damage":10.0,"enemies":"3 Darklings","floor":36.0,"turns":5.0},{"damage":0.0,"enemies":"4 Shapes","floor":37.0,"turns":5.0},{"damage":7.0,"enemies":"Jaw Worm Horde","floor":38.0,"turns":5.0},{"damage":18.0,"enemies":"Reptomancer","floor":41.0,"turns":5.0},{"damage":0.0,"enemies":"Nemesis","floor":45.0,"turns":7.0},{"damage":0.0,"enemies":"Sphere and 2 Shapes","floor":46.0,"turns":6.0},{"damage":21.0,"enemies":"2 Orb Walkers","floor":47.0,"turns":6.0},{"damage":0.0,"enemies":"Giant Head","floor":48.0,"turns":10.0},{"damage":51.0,"enemies":"Donu and Deca","floor":50.0,"turns":13.0},{"damage":21.0,"enemies":"Awakened One","floor":51.0,"turns":14.0},{"damage":38.0,"enemies":"Shield and Spear","floor":55.0,"turns":8.0},{"damage":35,"enemies":"The Heart","floor":56,"turns":12}],"seed_played":"-1399639280351759355","potions_obtained":[{"floor":1.0,"key":"EntropicBrew"},{"floor":8.0,"key":"FairyPotion"},{"floor":28.0,"key":"BlessingOfTheForge"},{"floor":30.0,"key":"AttackPotion"},{"floor":33.0,"key":"Block Potion"},{"floor":36.0,"key":"Weak Potion"},{"floor":55.0,"key":"AttackPotion"}],"is_trial":false,"path_per_floor":["M","?","$","?","M","E","R","M","T","M","M","E","?","E","R","B",null,"M","?","?","$","M","R","E","R","T","M","E","R","M","E","R","B",null,"M","M","M","M","$","R","E","R","T","$","E","M","?","E","R","B","B",null,"R","$","E","B",null],"character_chosen":"THE_SILENT","items_purchased":["Dagger Spray","OrangePellets","Oddly Smooth Stone","Wraith Form v2","Medical Kit","Noxious Fumes","PiercingWail","Accuracy","PiercingWail"],"campfire_rested":0,"item_purchase_floors":[3,21,21,21,39,39,44,54,54],"current_hp_per_floor":[59,54,54,59,59,59,59,59,59,58,53,23,23,21,21,4,54,44,44,32,32,27,27,42,42,42,46,30,42,50,61,71,59,68,71,64,71,68,68,71,71,71,71,71,71,71,68,71,71,60,65,70,71,71,34,32],"gold":96,"neow_bonus":"THREE_ENEMY_KILL","is_daily":false,"chose_seed":false,"campfire_upgraded":9,"win_rate":0.0,"timestamp":1609260691,"path_taken":["M","?","$","?","M","E","R","?","T","M","?","E","?","E","R","BOSS","M","?","?","$","?","R","E","R","T","M","E","R","M","E","R","BOSS","M","M","M","?","$","R","E","R","T","$","E","M","?","E","R","BOSS","BOSS","R","$","E","BOSS"],"items_purchased_type":["Card","Relic","Relic","Card","Relic","Card","Card","Card","Card"],"build_version":"2020-12-22","purchased_purges":3,"victory":true,"max_hp_per_floor":[66,66,66,71,71,71,71,71,71,71,71,71,71,71,71,71,71,71,71,71,71,71,71,71,71,71,71,71,71,71,71,71,71,71,71,71,71,71,71,71,71,71,71,71,71,71,71,71,71,71,71,71,71,71,71,71],"relic_stats":{"Gremlin Horn":[31,31],"counters":[30,178],"Astrolabe":["Backflip","Night Terror","Burst"],"Eternal Feather":26,"Cursed Key":2,"Medical Kit":[36],"OrangePellets":[39],"Nunchaku":[41],"Sundial":[2],"Bird Faced Urn":[164],"obtain_stats":[{"Lantern":45,"Calipers":47,"NeowsBlessing":0,"Gremlin Horn":24,"Astrolabe":34,"Oddly Smooth Stone":21,"Vajra":41,"Eternal Feather":28,"Omamori":9,"Cursed Key":17,"Medical Kit":39,"Old Coin":6,"Du-Vu Doll":31,"OrangePellets":21,"Nunchaku":2,"HornCleat":26,"Sundial":55,"Bird Faced Urn":12,"Toy Ornithopter":14,"InkBottle":48,"Ring of the Snake":0},{"Lantern":23,"Calipers":25,"NeowsBlessing":0,"Gremlin Horn":12,"Astrolabe":17,"Oddly Smooth Stone":10,"Vajra":22,"Eternal Feather":14,"Omamori":4,"Cursed Key":9,"Medical Kit":21,"Old Coin":3,"Du-Vu Doll":16,"OrangePellets":10,"Nunchaku":1,"HornCleat":12,"Sundial":29,"Bird Faced Urn":7,"Toy Ornithopter":8,"InkBottle":26,"Ring of the Snake":0},{"Lantern":109,"Calipers":121,"NeowsBlessing":0,"Gremlin Horn":48,"Astrolabe":77,"Oddly Smooth Stone":38,"Vajra":102,"Eternal Feather":60,"Omamori":6,"Cursed Key":32,"Medical Kit":97,"Old Coin":3,"Du-Vu Doll":69,"OrangePellets":38,"Nunchaku":1,"HornCleat":48,"Sundial":166,"Bird Faced Urn":17,"Toy Ornithopter":23,"InkBottle":131,"Ring of the Snake":0}],"Toy Ornithopter":53,"InkBottle":[28],"Ring of the Snake":[60]},"card_choices":[{"not_picked":["Skewer","Cloak And Dagger"],"picked":"Predator","floor":1.0},{"not_picked":["Underhanded Strike","Cloak And Dagger","Outmaneuver"],"picked":"SKIP","floor":5.0},{"not_picked":["Bane","Heel Hook"],"picked":"Dagger Throw","floor":6.0},{"not_picked":["Terror","Backflip"],"picked":"Noxious Fumes","floor":8.0},{"not_picked":["Underhanded Strike","Blade Dance"],"picked":"Backflip","floor":10.0},{"not_picked":["Deflect","Dodge and Roll"],"picked":"Bouncing Flask","floor":11.0},{"not_picked":["Dash","Bane","Heel Hook"],"picked":"SKIP","floor":12.0},{"not_picked":["Masterful Stab","Eviscerate"],"picked":"Noxious Fumes","floor":14.0},{"not_picked":["Envenom","Bullet Time"],"picked":"Tools of the Trade","floor":16.0},{"not_picked":["Eviscerate","Deflect"],"picked":"Predator","floor":18.0},{"not_picked":["All Out Attack","Backflip"],"picked":"Blade Dance+1","floor":22.0},{"not_picked":["Slice","Underhanded Strike"],"picked":"Acrobatics","floor":24.0},{"not_picked":["Dagger Spray","Predator"],"picked":"Deflect+1","floor":27.0},{"not_picked":["Deflect","Finisher","Dagger Throw"],"picked":"SKIP","floor":28.0},{"not_picked":["Slice","Sucker Punch"],"picked":"Backflip","floor":30.0},{"not_picked":["Riddle With Holes","Storm of Steel","Dodge and Roll"],"picked":"SKIP","floor":31.0},{"not_picked":["Unload","Grand Finale"],"picked":"Venomology","floor":33.0},{"not_picked":["Choke","Finisher","Cloak And Dagger"],"picked":"SKIP","floor":35.0},{"not_picked":["Slice+1","Flechettes","Deflect"],"picked":"SKIP","floor":36.0},{"not_picked":["Flying Knee+1","Dodge and Roll","Deflect"],"picked":"SKIP","floor":37.0},{"not_picked":["Cloak And Dagger","Distraction"],"picked":"Infinite Blades","floor":38.0},{"not_picked":["Dagger Spray","PiercingWail+1"],"picked":"After Image","floor":41.0},{"not_picked":["Dagger Spray","Flechettes+1"],"picked":"A Thousand Cuts","floor":45.0},{"not_picked":["Blade Dance+1","Outmaneuver"],"picked":"Well Laid Plans+1","floor":46.0},{"not_picked":["Unload","Blade Dance"],"picked":"Accuracy","floor":48.0},{"not_picked":["Dodge and Roll","Dagger Throw"],"picked":"Terror+1","floor":55.0}],"player_experience":2895469,"relics_obtained":[{"floor":6.0,"key":"Old Coin"},{"floor":9.0,"key":"Omamori"},{"floor":12.0,"key":"Bird Faced Urn"},{"floor":14.0,"key":"Toy Ornithopter"},{"floor":24.0,"key":"Gremlin Horn"},{"floor":26.0,"key":"HornCleat"},{"floor":28.0,"key":"Eternal Feather"},{"floor":31.0,"key":"Du-Vu Doll"},{"floor":41.0,"key":"Vajra"},{"floor":45.0,"key":"Lantern"},{"floor":47.0,"key":"Calipers"},{"floor":48.0,"key":"InkBottle"},{"floor":55.0,"key":"Sundial"}],"event_choices":[{"damage_healed":0.0,"max_hp_gain":0.0,"max_hp_loss":0.0,"gold_gain":0.0,"event_name":"Scrap Ooze","player_choice":"Success","floor":2.0,"gold_loss":0.0,"damage_taken":5.0,"relics_obtained":["Nunchaku"]},{"damage_healed":0.0,"max_hp_gain":5.0,"max_hp_loss":0.0,"gold_gain":0.0,"event_name":"Big Fish","player_choice":"Donut","floor":4.0,"gold_loss":0.0,"damage_taken":0.0},{"damage_healed":0.0,"max_hp_gain":0.0,"max_hp_loss":0.0,"gold_gain":51.0,"event_name":"Golden Wing","player_choice":"Gained Gold","floor":13.0,"gold_loss":0.0,"damage_taken":0.0},{"cards_removed":["Strike_G"],"damage_healed":0.0,"max_hp_gain":0.0,"max_hp_loss":0.0,"gold_gain":0.0,"event_name":"Beggar","player_choice":"Gave Gold","floor":19.0,"gold_loss":75.0,"damage_taken":0.0},{"damage_healed":0.0,"max_hp_gain":0.0,"max_hp_loss":0.0,"gold_gain":90.0,"event_name":"Knowing Skull","player_choice":"GOLD ","floor":20.0,"potions_obtained":[],"gold_loss":0.0,"damage_taken":12.0,"cards_obtained":[]},{"damage_healed":0.0,"max_hp_gain":0.0,"max_hp_loss":0.0,"gold_gain":0.0,"event_name":"Mysterious Sphere","player_choice":"Fight","floor":47.0,"gold_loss":0.0,"damage_taken":0.0}],"is_beta":false,"boss_relics":[{"not_picked":["Pandora\u0027s Box","WristBlade"],"picked":"Cursed Key"},{"not_picked":["Tiny House","Runic Dome"],"picked":"Astrolabe"}],"items_purged_floors":[3,21,39],"is_endless":false,"potions_floor_spawned":[1,8,10,16,18,28,30,33,36,45,46,47,48,55],"ascension_level":20}}