{"host":"am0cr9xwekqmrere","time":1609230512,"event":{"mods":["AchievementEnabler","Act Like it!","BaseMod","Better Altar","Better Match","Better Note","Better Sensory Stone","Better Skull","Better Third Choice","BetterRewards","Conspire","Hubris","Infinite Spire","Minty Spire (QoL Compilation)","Rare Cards Sparkle","Spicy Shops","StSLib","The Marked","Unceasing Turn Reminder"],"gold_per_floor":[109,121,121,137,137,137,167,178,178,178,153,185,185,185,185,284,284,294,294,312,172,172,172,172,372,398,413,430,430,430,449,449,554,554,571,582,582,414,414,414,414],"floor_reached":40,"playtime":1323,"items_purged":[],"score":417,"play_id":"8cfb8206-a108-4620-a43e-515ae844a2c5","local_time":"20201229022832","is_ascension_mode":false,"campfire_choices":[{"data":"Seeing Red","floor":6,"key":"SMITH"},{"data":"theMarked:ParalyzingBlade","floor":10,"key":"SMITH"},{"floor":13,"key":"REST"},{"floor":15,"key":"REST"},{"floor":23,"key":"REST"},{"data":"infinitespire:SevenWalls","floor":30,"key":"SMITH"},{"data":"infinitespire:SevenWalls","floor":32,"key":"SMITH"}],"circlet_count":0,"master_deck":["theMarked:Strike+1","theMarked:Strike+1","theMarked:Strike+1","theMarked:Strike+1","theMarked:Strike+1","theMarked:Defend+1","theMarked:Defend+1","theMarked:Defend+1","theMarked:Defend+1","theMarked:SoldierOfQuellstein","theMarked:WardOff","theMarked:ParalyzingBlade+1","Seeing Red+1","theMarked:HeightenedSenses","theMarked:SwordAndMagic","infinitespire:SevenWalls+1","theMarked:EternalStudent","theMarked:TwofoldDefense","infinitespire:SevenWalls+1","theMarked:StartUp","theMarked:WardOff","theMarked:BanishingStrike","Panacea+1","theMarked:EmpowerWeapon+1","theMarked:BanishingStrike","theMarked:BindingBlade","theMarked:ComboAttacks"],"relics":["theMarked:ArtifactOfAir","NeowsBlessing","Strawberry","infinitespire:Lucky Rock","TungstenRod","Unceasing Top","betterThird:SlimedRelic","conspire:TopHat","hubris:Backtick","Membership Card","Anchor","Regal Pillow","Orichalcum","Black Star","infinitespire:Beetle Shell","theMarked:DemonDagger","hubris:TinFlute"],"acts_visited":["TheCity","TheBeyond"],"potions_floor_usage":[7,12,27,28,28,40,40],"damage_taken":[{"damage":0,"enemies":"Small Slimes","floor":1,"turns":1},{"damage":0,"enemies":"Jaw Worm","floor":2,"turns":1},{"damage":0,"enemies":"Cultist","floor":4,"turns":1},{"damage":5,"enemies":"3 Sentries","floor":7,"turns":10},{"damage":0,"enemies":"Looter","floor":8,"turns":1},{"damage":20,"enemies":"Gremlin Nob","floor":12,"turns":5},{"damage":22,"enemies":"Hexaghost","floor":16,"turns":13},{"damage":8,"enemies":"Shell Parasite","floor":18,"turns":7},{"damage":18,"enemies":"Spheric Guardian","floor":20,"turns":4},{"damage":0,"enemies":"Snake Plant","floor":27,"turns":5},{"damage":8,"enemies":"Centurion and Healer","floor":28,"turns":7},{"damage":0,"enemies":"Snecko","floor":31,"turns":5},{"damage":26,"enemies":"Collector","floor":33,"turns":12},{"damage":1,"enemies":"Orb Walker","floor":35,"turns":4},{"damage":0,"enemies":"3 Shapes","floor":36,"turns":5},{"damage":65,"enemies":"Nemesis","floor":40,"turns":14}],"seed_played":"6301520537721520632","potions_obtained":[{"floor":4,"key":"Swift Potion"},{"floor":8,"key":"Swift Potion"},{"floor":16,"key":"Swift Potion"},{"floor":18,"key":"Weak Potion"},{"floor":27,"key":"Fire Potion"},{"floor":33,"key":"Dexterity Potion"},{"floor":35,"key":"Block Potion"}],"is_trial":false,"path_per_floor":["M","M","?","M","T","R","E","M","T","R","?","E","R","?","R","B",null,"M","AVR","M","$","?","R","?","?","T","M","M","?","R","M","R","B",null,"M","M","?","$","?","E"],"character_chosen":"THE_DEFAULT","items_purchased":["theMarked:WardOff","theMarked:BanishingStrike","Panacea","hubris:TinFlute","theMarked:ComboAttacks"],"campfire_rested":3,"item_purchase_floors":[21,21,21,38,38],"current_hp_per_floor":[70,70,65,65,65,65,60,60,60,60,50,30,53,53,76,54,77,69,69,51,51,19,57,87,87,87,87,79,79,79,79,79,53,87,86,86,41,41,44,0,0],"gold":414,"neow_bonus":"THREE_ENEMY_KILL","is_daily":false,"chose_seed":false,"campfire_upgraded":4,"win_rate":0.0,"timestamp":1609230512,"path_taken":["M","M","?","M","?","R","E","?","T","R","?","E","R","?","R","BOSS","M","AVR","?","$","?","R","?","?","T","M","M","?","R","M","R","BOSS","M","M","?","?","?","E"],"items_purchased_type":["Card","Card","Card","Relic","Card"],"build_version":"2020-12-22","purchased_purges":0,"victory":false,"max_hp_per_floor":[70,70,77,77,77,77,77,77,77,77,77,77,77,77,77,77,77,77,77,77,77,77,77,87,87,87,87,87,87,87,87,87,87,87,87,87,87,87,90,90,90],"card_choices":[{"not_picked":["theMarked:Electrify","theMarked:Frustration"],"picked":"theMarked:WardOff","floor":1},{"not_picked":["theMarked:StartUp","theMarked:Panic"],"picked":"theMarked:ParalyzingBlade","floor":2},{"not_picked":["theMarked:ResourceFulStrike","theMarked:Static"],"picked":"theMarked:HeightenedSenses","floor":4},{"not_picked":["theMarked:StartUp","theMarked:ChainLightning"],"picked":"theMarked:SwordAndMagic","floor":7},{"not_picked":["theMarked:Polarize","theMarked:Overcharge"],"picked":"theMarked:SummonStrength","floor":8},{"not_picked":["theMarked:SwordAndMagic","theMarked:LightningStrikesTwice","theMarked:CreepingChasm"],"picked":"SKIP","floor":12},{"not_picked":["theMarked:ThrowWeapon","theMarked:Snap"],"picked":"theMarked:EternalStudent","floor":16},{"not_picked":["theMarked:ChainLightning","theMarked:Static+1"],"picked":"theMarked:TwofoldDefense","floor":18},{"not_picked":["theMarked:CreepingChasm","theMarked:Electrocute"],"picked":"theMarked:StartUp","floor":20},{"not_picked":["theMarked:TwofoldDefense","theMarked:HeightenedSenses"],"picked":"theMarked:EmpowerWeapon+1","floor":27},{"not_picked":["theMarked:Generate+1","theMarked:GodGivenPower"],"picked":"theMarked:BanishingStrike","floor":28},{"not_picked":["theMarked:WastefulDefense","theMarked:HeightenedSenses","theMarked:Parkour"],"picked":"SKIP","floor":31},{"not_picked":["theMarked:UnarmedFury","theMarked:SummonStrength"],"picked":"theMarked:BindingBlade","floor":33},{"not_picked":["theMarked:WastefulAttack+1","theMarked:ElectricStrings+1","theMarked:KeepCalmAndFightOn+1"],"picked":"SKIP","floor":35},{"not_picked":["theMarked:WastefulAttack","theMarked:SwordAndMagic+1","theMarked:Generate+1"],"picked":"SKIP","floor":36}],"player_experience":2531076,"relics_obtained":[{"floor":5,"key":"infinitespire:Lucky Rock"},{"floor":7,"key":"TungstenRod"},{"floor":9,"key":"Unceasing Top"},{"floor":12,"key":"conspire:TopHat"},{"floor":26,"key":"Orichalcum"}],"event_choices":[{"damage_healed":0,"gold_gain":0,"player_choice":"Slimed","damage_taken":11,"max_hp_gain":0,"max_hp_loss":0,"event_name":"betterThird:BetterGoop","floor":11,"gold_loss":25},{"damage_healed":0,"gold_gain":1,"player_choice":"4","damage_taken":0,"max_hp_gain":0,"max_hp_loss":0,"event_name":"betterStone:BetterStone","floor":14,"gold_loss":0,"cards_obtained":["infinitespire:SevenWalls"]},{"damage_healed":0,"gold_gain":0,"player_choice":"RE RE ","damage_taken":39,"relics_obtained":["Anchor","Regal Pillow"],"max_hp_gain":0,"max_hp_loss":0,"event_name":"betterSkull:BetterSkull","floor":22,"gold_loss":0,"cards_upgraded":[]},{"cards_removed":["theMarked:SummonStrength"],"damage_healed":20,"gold_gain":0,"player_choice":"Offered Rare","damage_taken":0,"max_hp_gain":10,"max_hp_loss":0,"event_name":"Bonfire Elementals","floor":24,"gold_loss":0},{"damage_healed":0,"gold_gain":250,"player_choice":"Bet on Owner","damage_taken":0,"max_hp_gain":0,"max_hp_loss":0,"event_name":"The Joust","floor":25,"gold_loss":50},{"damage_healed":0,"gold_gain":0,"player_choice":"Simplicity","damage_taken":0,"max_hp_gain":0,"max_hp_loss":9,"event_name":"betterThird:BetterWriting","floor":29,"gold_loss":0},{"damage_healed":0,"gold_gain":0,"player_choice":"RE RE UP ","damage_taken":55,"relics_obtained":["infinitespire:Beetle Shell","theMarked:DemonDagger"],"max_hp_gain":0,"max_hp_loss":0,"event_name":"betterSkull:BetterSkull","floor":37,"gold_loss":0,"cards_upgraded":["Panacea"]}],"is_beta":false,"boss_relics":[{"not_picked":["hubris:TerracottaHorce","hubris:GrandSneckoEye"],"picked":"hubris:Backtick"},{"not_picked":["conspire:SeveredTorchhead","Runic Pyramid"],"picked":"Black Star"}],"items_purged_floors":[],"is_endless":false,"potions_floor_spawned":[4,8,16,18,27,33,35],"killed_by":"Nemesis","ascension_level":0}}