{"host":"xcuflocadasoaqda","time":1609257058,"event":{"mods":["BaseMod","Bestiary","Filter the Spire","Minty Spire (QoL Compilation)","Relic Stats"],"gold_per_floor":[112,125,125,141,155,155,174,208,208,236,249,269,269,269,269,269,269],"floor_reached":16,"playtime":701,"items_purged":[],"score":228,"play_id":"eabcf747-fe89-4f52-acfe-487213283423","local_time":"20201229095058","is_ascension_mode":true,"campfire_choices":[{"data":"Underhanded Strike","floor":6,"key":"SMITH"},{"data":"Corpse Explosion","floor":13,"key":"SMITH"},{"data":"Eviscerate","floor":15,"key":"SMITH"}],"circlet_count":0,"master_deck":["AscendersBane","Strike_G","Strike_G","Strike_G","Strike_G","Strike_G","Defend_G","Defend_G","Defend_G","Defend_G","Defend_G","Survivor","Neutralize","Underhanded Strike+1","Acrobatics","Corpse Explosion+1","All Out Attack","Night Terror","Eviscerate+1","Die Die Die","Catalyst"],"relics":["Snecko Eye","Paper Crane","HornCleat"],"acts_visited":["Exordium"],"potions_floor_usage":[11,16],"damage_taken":[{"damage":7,"enemies":"Small Slimes","floor":1,"turns":5},{"damage":3,"enemies":"Cultist","floor":2,"turns":4},{"damage":0,"enemies":"2 Louse","floor":4,"turns":2},{"damage":8,"enemies":"Red Slaver","floor":5,"turns":4},{"damage":10,"enemies":"Exordium Thugs","floor":7,"turns":3},{"damage":5,"enemies":"3 Sentries","floor":8,"turns":3},{"damage":9,"enemies":"Lagavulin","floor":10,"turns":5},{"damage":0,"enemies":"Gremlin Gang","floor":11,"turns":1},{"damage":0,"enemies":"Exordium Wildlife","floor":12,"turns":3},{"damage":11,"enemies":"The Guardian","floor":16,"turns":5}],"seed_played":"-3970321991165977862","potions_obtained":[{"floor":4,"key":"Swift Potion"},{"floor":7,"key":"Block Potion"}],"is_trial":false,"path_per_floor":["M","M","?","M","M","R","M","E","T","E","M","M","R","?","R","B"],"character_chosen":"THE_SILENT","items_purchased":[],"campfire_rested":0,"item_purchase_floors":[],"current_hp_per_floor":[52,49,49,49,41,41,31,26,26,17,17,17,17,6,6,0,0],"gold":269,"neow_bonus":"BOSS_RELIC","is_daily":false,"chose_seed":false,"campfire_upgraded":3,"win_rate":0.0,"timestamp":1609257058,"path_taken":["M","M","?","M","?","R","M","E","T","E","M","M","R","?","R","BOSS"],"items_purchased_type":[],"build_version":"2020-12-22","purchased_purges":0,"victory":false,"max_hp_per_floor":[66,66,66,66,66,66,66,66,66,66,66,66,66,66,66,66,66],"relic_stats":{"counters":[10,35],"Snecko Eye":[68,81,59,54],"obtain_stats":[{"HornCleat":10,"Snecko Eye":0,"Paper Crane":8,"Ring of the Snake":0},{"HornCleat":7,"Snecko Eye":0,"Paper Crane":6,"Ring of the Snake":0},{"HornCleat":26,"Snecko Eye":0,"Paper Crane":21,"Ring of the Snake":0}]},"card_choices":[{"not_picked":["PiercingWail","Deadly Poison"],"picked":"Underhanded Strike","floor":1},{"not_picked":["Backflip","Flying Knee"],"picked":"Acrobatics","floor":2},{"not_picked":["Dodge and Roll","Acrobatics"],"picked":"All Out Attack","floor":4},{"not_picked":["Cloak And Dagger","Dodge and Roll","Prepared"],"picked":"SKIP","floor":5},{"not_picked":["Eviscerate","Dagger Spray"],"picked":"Night Terror","floor":7},{"not_picked":["Deadly Poison","Well Laid Plans"],"picked":"Eviscerate","floor":8},{"not_picked":["Phantasmal Killer","Expertise"],"picked":"Die Die Die","floor":10},{"not_picked":["Acrobatics","Prepared","Flying Knee"],"picked":"SKIP","floor":11},{"not_picked":["Deadly Poison","Dodge and Roll"],"picked":"Catalyst","floor":12}],"player_experience":1812915,"relics_obtained":[{"floor":8,"key":"Paper Crane"},{"floor":10,"key":"HornCleat"}],"event_choices":[{"damage_healed":0,"gold_gain":0,"player_choice":"1 cards matched","damage_taken":0,"max_hp_gain":0,"max_hp_loss":0,"event_name":"Match and Keep!","floor":3,"gold_loss":0,"cards_obtained":["Corpse Explosion"]},{"damage_healed":0,"gold_gain":0,"player_choice":"Fled","damage_taken":11,"max_hp_gain":0,"max_hp_loss":0,"event_name":"Scrap Ooze","floor":14,"gold_loss":0}],"is_beta":false,"boss_relics":[],"items_purged_floors":[],"is_endless":false,"potions_floor_spawned":[4,7,8],"killed_by":"The Guardian","ascension_level":20}}