{"host":"mwqnlghgfp5mgeui","time":1609262258,"event":{"mods":["2.2 Compatiblity","BaseMod","DeckTracker","Highlight Path","Minty Spire (QoL Compilation)","SuperFastMode","everything is the same but u backflip on backflip"],"gold_per_floor":[113,124,199,216,216,216,14,26,26,44,63,63,82,99,99,198,198,215,234,234,50,50,50],"floor_reached":22,"playtime":809,"items_purged":[],"score":180,"play_id":"25ca0d36-2ddd-458e-bd44-f5391cb752eb","local_time":"20201230021738","is_ascension_mode":false,"campfire_choices":[{"floor":6,"key":"REST"},{"floor":12,"key":"REST"},{"data":"Darkness","floor":15,"key":"SMITH"}],"circlet_count":0,"master_deck":["Strike_B","Strike_B","Strike_B","Defend_B","Defend_B","Defend_B","Defend_B","Zap","Dualcast","Barrage","Ball Lightning","Ball Lightning","Good Instincts","Steam","Capacitor","Redo","Genetic Algorithm","Darkness+1","Darkness","Steam","Multi-Cast","Glacier+1","Rebound+1","Dramatic Entrance","Reinforced Body","Gash"],"relics":["Sozu","HornCleat","Nuclear Battery"],"acts_visited":["Exordium","TheCity"],"potions_floor_usage":[],"damage_taken":[{"damage":2,"enemies":"2 Louse","floor":1,"turns":3},{"damage":7,"enemies":"Small Slimes","floor":2,"turns":4},{"damage":1,"enemies":"Cultist","floor":4,"turns":3},{"damage":10,"enemies":"Looter","floor":8,"turns":3},{"damage":0,"enemies":"2 Fungi Beasts","floor":10,"turns":2},{"damage":14,"enemies":"3 Louse","floor":11,"turns":3},{"damage":5,"enemies":"Gremlin Gang","floor":13,"turns":3},{"damage":0,"enemies":"Blue Slaver","floor":14,"turns":3},{"damage":37,"enemies":"The Guardian","floor":16,"turns":11},{"damage":57,"enemies":"3 Byrds","floor":18,"turns":7},{"damage":13,"enemies":"Spheric Guardian","floor":19,"turns":5},{"damage":5,"enemies":"Centurion and Healer","floor":22,"turns":1}],"seed_played":"-8241981692920928547","potions_obtained":[],"is_trial":false,"path_per_floor":["M","M","?","M","?","R","$","M","T","M","M","R","M","M","R","B",null,"M","M","?","$","M"],"character_chosen":"DEFECT","items_purchased":["Good Instincts","Steam","Capacitor","Dramatic Entrance","Reinforced Body","Gash"],"campfire_rested":2,"item_purchase_floors":[7,7,7,21,21,21],"current_hp_per_floor":[73,66,55,54,54,75,75,65,65,65,51,73,68,68,68,31,75,18,5,5,5,0,0],"gold":50,"neow_bonus":"BOSS_RELIC","is_daily":false,"chose_seed":false,"campfire_upgraded":1,"win_rate":0.0,"timestamp":1609262258,"path_taken":["M","M","?","M","?","R","$","M","T","M","?","R","M","M","R","BOSS","M","M","?","$","M"],"items_purchased_type":["Card","Card","Card","Card","Card","Card"],"build_version":"2020-12-22","purchased_purges":0,"victory":false,"max_hp_per_floor":[75,75,75,75,75,75,75,75,75,75,75,75,75,75,75,75,75,75,75,75,75,75,75],"card_choices":[{"not_picked":["Cold Snap","Beam Cell"],"picked":"Barrage","floor":1},{"not_picked":["Cold Snap","Barrage"],"picked":"Ball Lightning","floor":2},{"not_picked":["Steam","Stack"],"picked":"Ball Lightning","floor":4},{"not_picked":["Hologram","Cold Snap"],"picked":"Redo","floor":8},{"not_picked":["Heatsinks","Core Surge"],"picked":"Genetic Algorithm","floor":10},{"not_picked":["Barrage","Compile Driver"],"picked":"Darkness","floor":11},{"not_picked":["Steam","Static Discharge"],"picked":"Darkness","floor":13},{"not_picked":["Barrage","Darkness"],"picked":"Steam","floor":14},{"not_picked":["Rainbow","Seek"],"picked":"Multi-Cast","floor":16},{"not_picked":["Fusion","Leap"],"picked":"Glacier+1","floor":18},{"not_picked":["Cold Snap","Chaos"],"picked":"Rebound+1","floor":19}],"player_experience":132331,"relics_obtained":[{"floor":9,"key":"HornCleat"}],"event_choices":[{"damage_healed":0,"gold_gain":75,"player_choice":"Gather Gold","damage_taken":11,"max_hp_gain":0,"max_hp_loss":0,"event_name":"World of Goop","floor":3,"gold_loss":0},{"cards_removed":["Strike_B"],"damage_healed":0,"gold_gain":0,"player_choice":"Purged","damage_taken":0,"max_hp_gain":0,"max_hp_loss":0,"event_name":"Purifier","floor":5,"gold_loss":0},{"damage_healed":0,"gold_gain":0,"player_choice":"Ignored","damage_taken":0,"max_hp_gain":0,"max_hp_loss":0,"event_name":"The Mausoleum","floor":20,"gold_loss":0}],"is_beta":false,"boss_relics":[{"not_picked":["Pandora\u0027s Box","Tiny House"],"picked":"Nuclear Battery"}],"items_purged_floors":[],"is_endless":false,"potions_floor_spawned":[2,4,11],"killed_by":"Centurion and Healer","ascension_level":0}}