{"host":"e6oyrm1qxoctfokz","time":1609219940,"event":{"mods":["BaseMod","Clawfect","Colored Powertips","Defuse TimeMaze Blight","Halation","Highlight Path","Hubris","Infinite Spire","Minty Spire (QoL Compilation)","Permanent Neow","Quick Restart","Relic Sorter","Replay The Spire","StSLib","Trackpad","vexMod"],"gold_per_floor":[109,109,124,49,49,76,76,108,108,108,160,188,239,276,276,409,409,451,491,491,491,491,491,536,595,595,662,662,419,435,435],"floor_reached":30,"playtime":1487,"items_purged":["Defend_B","Defend_B","FTL"],"score":363,"play_id":"4d5f2989-304f-43c0-8a6d-53cce1bff069","local_time":"20201229033220","is_ascension_mode":true,"campfire_choices":[{"floor":15,"key":"REST"},{"floor":23,"key":"REST"},{"floor":28,"key":"REST"}],"circlet_count":0,"master_deck":["Gash+1","Gash+1","Gash+1","Gash+1","Gash+1","Seek","Clawfect:ClawSnap","infinitespire:Collect","Clawfect:ClawSnap"],"relics":["Clawfect:DRClaw","vexMod:InvisibilityCloak","Replay:Bottled Eggs","hubris:BallOfYels","Replay:Mystery Machine","Replay:Bandana","hubris:ToyBattleship","Empty Cage","halation:Toothbrush","Replay:Wax Seal","trackpad:ByrdCharm","Toy Ornithopter"],"acts_visited":["Exordium","TheCity"],"potions_floor_usage":[8,13,18,24,25],"damage_taken":[{"damage":2,"enemies":"Jaw Worm","floor":1,"turns":4},{"damage":0,"enemies":"Cultist","floor":3,"turns":4},{"damage":10,"enemies":"Lagavulin","floor":6,"turns":5},{"damage":8,"enemies":"Gremlin Nob","floor":8,"turns":3},{"damage":4,"enemies":"Lagavulin","floor":11,"turns":5},{"damage":0,"enemies":"Small Slimes","floor":12,"turns":3},{"damage":8,"enemies":"3 Sentries","floor":13,"turns":5},{"damage":4,"enemies":"Blue Slaver","floor":14,"turns":3},{"damage":6,"enemies":"Hexaghost","floor":16,"turns":5},{"damage":13,"enemies":"2 Thieves","floor":18,"turns":3},{"damage":22,"enemies":"Shell Parasite","floor":19,"turns":4},{"damage":15,"enemies":"Snake Plant","floor":24,"turns":2},{"damage":29,"enemies":"Book of Stabbing","floor":25,"turns":4},{"damage":4,"enemies":"Gremlin Leader","floor":27,"turns":3},{"damage":0,"enemies":"Nightmare","floor":30,"turns":1}],"seed_played":"5017468867552436434","potions_obtained":[{"floor":3,"key":"BlessingOfTheForge"},{"floor":12,"key":"Block Potion"},{"floor":14,"key":"ColorlessPotion"},{"floor":16,"key":"LiquidMemories"},{"floor":24,"key":"SkillPotion"},{"floor":27,"key":"ColorlessPotion"}],"is_trial":false,"path_per_floor":["M","?","M","$","?","E","$","E","T","T","E","M","E","M","R","B",null,"M","M","?","?","AVR","R","M","E","T","E","R","$","NM"],"character_chosen":"DEFECT","items_purchased":["Toy Ornithopter"],"campfire_rested":3,"item_purchase_floors":[29],"current_hp_per_floor":[73,73,73,73,48,38,38,30,30,30,26,26,18,14,36,30,75,62,40,40,40,40,62,47,18,18,14,36,39,39,39],"gold":435,"neow_bonus":"REMOVE_CARD","is_daily":false,"chose_seed":false,"campfire_upgraded":0,"win_rate":0.0,"timestamp":1609219940,"path_taken":["M","?","M","?","?","E","?","E","T","?","E","M","E","?","R","BOSS","M","M","?","?","AVR","R","M","E","T","E","R","$","NM"],"items_purchased_type":["Relic"],"build_version":"2020-12-22","purchased_purges":3,"victory":false,"max_hp_per_floor":[75,75,75,75,75,75,75,75,75,75,75,75,75,75,75,75,75,75,75,75,75,75,75,75,75,75,75,75,78,78,78],"card_choices":[{"not_picked":["Undo","Sunder"],"picked":"FTL","floor":1},{"not_picked":["Recycle","Leap","Clawfect:ClawingBeam"],"picked":"SKIP","floor":3},{"not_picked":["Clawfect:Clawter","Consume"],"picked":"Clawfect:ClawSnap","floor":6},{"not_picked":["hubris:Ukulele","Clawfect:ClawAndGloom","Clawfect:ScrapingClaw"],"picked":"SKIP","floor":8},{"not_picked":["Multi-Cast","Clawfect:ClawingBeam","White Noise"],"picked":"SKIP","floor":11},{"not_picked":["Clawfect:ClawingBeam","FTL","Stack"],"picked":"SKIP","floor":12},{"not_picked":["Double Energy","Reprogram","Clawfect:ClawpileDriver"],"picked":"SKIP","floor":13},{"not_picked":["Leap","Clawfect:ClawForTheEyes","Reprogram"],"picked":"SKIP","floor":14},{"not_picked":["BasicCrystalCard+1","Panic Button","Double Energy"],"picked":"SKIP","floor":18},{"not_picked":["Blizzard","Conserve Battery","Clawfect:ScrapingClaw"],"picked":"SKIP","floor":19},{"not_picked":["BasicCrystalCard+1","Clawfect:Clawter","Leap"],"picked":"SKIP","floor":24},{"not_picked":["Darkness+1","Reprogram","Reinforced Body+1"],"picked":"SKIP","floor":25},{"not_picked":["ReplayGash","Clawfect:ClawpileDriver+1"],"picked":"Clawfect:ClawSnap","floor":27}],"player_experience":397541,"relics_obtained":[{"floor":6,"key":"hubris:BallOfYels"},{"floor":8,"key":"Replay:Mystery Machine"},{"floor":10,"key":"Replay:Bandana"},{"floor":11,"key":"hubris:ToyBattleship"},{"floor":13,"key":"vexMod:InvisibilityCloak"},{"floor":25,"key":"Replay:Wax Seal"},{"floor":26,"key":"trackpad:ByrdCharm"}],"event_choices":[{"damage_healed":0,"gold_gain":0,"player_choice":"1 cards matched","damage_taken":0,"max_hp_gain":0,"max_hp_loss":0,"event_name":"Match and Keep!","floor":2,"gold_loss":0,"cards_obtained":["Seek"]},{"damage_healed":0,"gold_gain":0,"player_choice":"Success","damage_taken":25,"relics_obtained":["Replay:Bottled Eggs"],"max_hp_gain":0,"max_hp_loss":0,"event_name":"Scrap Ooze","floor":5,"gold_loss":0},{"damage_healed":0,"gold_gain":0,"player_choice":"Ignored","damage_taken":0,"max_hp_gain":0,"max_hp_loss":0,"event_name":"Cursed Tome","floor":20,"gold_loss":0}],"is_beta":false,"boss_relics":[{"not_picked":["vexMod:CursedCompass","halation:SmartPhone","halation:CatFaceCupcake"]}],"items_purged_floors":[4,22,29],"is_endless":false,"potions_floor_spawned":[3,12,14,16,24,27],"killed_by":"Nightmare","ascension_level":3}}