{"host":"7z347kdhnquy3q4q","time":1609233311,"event":{"mods":["Act Like it!","Aspiration","BaseMod","Downfall","Hubris","Infinite Spire","Minty Spire (QoL Compilation)","MostiFishMod","Pale of the Ancients","Permanent Neow","Potionbrewer","Replay The Spire","Robot Space Explorer","Spicy Shops","StSLib","Wandering Minibosses","vexMod"],"gold_per_floor":[99,110,127,127,143,162,185,205,45,69,98,122,156,1,20,107,107,32,53,67,16,42,179,179,264,306,306,347,347,457,495,519,601,601,603,627,649,699,110,110,137,146,158,199,219,259,259,299,319,319],"floor_reached":51,"playtime":2895,"items_purged":["RobotSpaceExplorer:Defend","Spreading Infection"],"score":1858,"play_id":"d2c74848-8115-4ce9-8268-9991d59414da","local_time":"20201229031511","is_ascension_mode":true,"campfire_choices":[{"floor":1.0,"key":"DIG"},{"data":"RobotSpaceExplorer:Scanner","floor":18.0,"key":"SMITH"},{"floor":29.0,"key":"REST"},{"floor":40.0,"key":"REST"},{"floor":47.0,"key":"DIG"}],"circlet_count":0,"master_deck":["AscendersBane","RobotSpaceExplorer:Strike","RobotSpaceExplorer:Strike","RobotSpaceExplorer:Strike","RobotSpaceExplorer:Defend","RobotSpaceExplorer:Defend","RobotSpaceExplorer:Defend","RobotSpaceExplorer:Scan","RobotSpaceExplorer:MiniLasers","RobotSpaceExplorer:MiniDrones","RobotSpaceExplorer:StunGrenade","RobotSpaceExplorer:JunkDive","RobotSpaceExplorer:MiniDrones","RobotSpaceExplorer:PowerCollector","RobotSpaceExplorer:StarLightning","RobotSpaceExplorer:DualCore","RobotSpaceExplorer:LuckyStrike+1","RobotSpaceExplorer:PowerCollector","RobotSpaceExplorer:FranticSearch","RobotSpaceExplorer:IronShell","MostiFishMod:KingOfFree","RobotSpaceExplorer:SelfCleaning","RobotSpaceExplorer:LuckyStrike","RobotSpaceExplorer:ScrapMissile","RobotSpaceExplorer:FranticSearch","Enlightenment","RobotSpaceExplorer:Scanner+1","RobotSpaceExplorer:Arsenal","RobotSpaceExplorer:Fix","RobotSpaceExplorer:ScrapMissile","RobotSpaceExplorer:MiniDrones","RobotSpaceExplorer:Multitool","RobotSpaceExplorer:ImprovisedAttack","RobotSpaceExplorer:Probe","RobotSpaceExplorer:FreezingShield","RobotSpaceExplorer:LuckyStrike","RobotSpaceExplorer:IronShell+1","RobotSpaceExplorer:FrostMissile","Replay:SS_forest_6","RobotSpaceExplorer:StarLightning","RobotSpaceExplorer:ScrapToss","infinitespire:Punishment","RobotSpaceExplorer:PlasmaMissile","RobotSpaceExplorer:Explosion","RobotSpaceExplorer:FreezingShield+1","RobotSpaceExplorer:Fix"],"relics":["RobotSpaceExplorer:RoboCore","DaveBox","ShadowXiaoBlade","Regal Pillow","Lantern","CeramicFish","ReplayTheSpireMod:TigerMarble","BargainBundle","vexMod:MemoryStick","aspiration:Lifesprig","RhineFirstAidKit","downfall:HeartBlessingBlue","Potion Belt","MutagenicStrength","aspiration:FetidBarrel","Blood Vial","Shovel","downfall:CloakOfManyFaces","CultistMask","FaceOfCleric","NlothsMask","GremlinMask","SsserpentHead","infinitespire:Beetle Shell","hubris:Stopwatch","downfall:HeartBlessingGreen","ReplayTheSpireMod:CursedCoin","BionicSphere","Bottled Tornado","Replay:Lucky Slots","Darkstone Periapt","aspiration:TomeofQuesting","Gremlin Food","infinitespire:WardingShard"],"acts_visited":["Exordium","TheCity","TheBeyond"],"potions_floor_usage":[50,50],"damage_taken":[{"damage":0.0,"enemies":"Cultist","floor":2.0,"turns":2.0},{"damage":0.0,"enemies":"infinitespire:Voidling","floor":3.0,"turns":1.0},{"damage":4.0,"enemies":"Jaw Worm","floor":5.0,"turns":2.0},{"damage":0.0,"enemies":"Lots of Slimes","floor":6.0,"turns":2.0},{"damage":0.0,"enemies":"Large Slime","floor":8.0,"turns":3.0},{"damage":2.0,"enemies":"downfall:FleeingMerchant","floor":9.0,"turns":4.0},{"damage":0.0,"enemies":"Exordium Thugs","floor":10.0,"turns":2.0},{"damage":0.0,"enemies":"3 Louse","floor":11.0,"turns":2.0},{"damage":0.0,"enemies":"Large Slime","floor":12.0,"turns":2.0},{"damage":1.0,"enemies":"Replay:BlueRogue","floor":13.0,"turns":3.0},{"damage":0.0,"enemies":"downfall:FleeingMerchant","floor":14.0,"turns":4.0},{"damage":0.0,"enemies":"Red Slaver","floor":15.0,"turns":1.0},{"damage":14.0,"enemies":"downfall:Silent","floor":16.0,"turns":3.0},{"damage":3.0,"enemies":"Chosen","floor":19.0,"turns":2.0},{"damage":0.0,"enemies":"Cultist and Chosen","floor":20.0,"turns":2.0},{"damage":17.0,"enemies":"Snake Plant","floor":22.0,"turns":3.0},{"damage":15.0,"enemies":"downfall:Augmenter","floor":23.0,"turns":3.0},{"damage":0.0,"enemies":"Book of Stabbing","floor":26.0,"turns":2.0},{"damage":0.0,"enemies":"Slavers","floor":28.0,"turns":3.0},{"damage":1.0,"enemies":"downfall:FaceTrader","floor":30.0,"turns":2.0},{"damage":20.0,"enemies":"Replay:Snechameleon","floor":31.0,"turns":3.0},{"damage":0.0,"enemies":"Chosen and Byrds","floor":32.0,"turns":1.0},{"damage":0.0,"enemies":"downfall:Defect","floor":33.0,"turns":3.0},{"damage":16.0,"enemies":"3 Shapes","floor":36.0,"turns":4.0},{"damage":0.0,"enemies":"3 Darklings","floor":37.0,"turns":4.0},{"damage":0.0,"enemies":"Sphere and 2 Shapes","floor":43.0,"turns":2.0},{"damage":0.0,"enemies":"Giant Head","floor":44.0,"turns":5.0},{"damage":0.0,"enemies":"Spire Growth","floor":45.0,"turns":2.0},{"damage":0.0,"enemies":"Nemesis","floor":46.0,"turns":2.0},{"damage":0.0,"enemies":"R_Hoarder","floor":48.0,"turns":5.0},{"damage":0.0,"enemies":"Maw","floor":49.0,"turns":4.0},{"damage":0,"enemies":"downfall:Ironclad","floor":50,"turns":5}],"seed_played":"-4253666551443848050","potions_obtained":[{"floor":5.0,"key":"Adrenaline Potion"},{"floor":6.0,"key":"RobotSpaceExplorer:RecyclePotion"},{"floor":10.0,"key":"Adrenaline Potion"},{"floor":11.0,"key":"PowerPotion"},{"floor":19.0,"key":"sneckomod:MuddlingPotion"},{"floor":22.0,"key":"AttackPotion"},{"floor":26.0,"key":"SpeedPotion"},{"floor":28.0,"key":"Fire Potion"},{"floor":31.0,"key":"Dexterity Potion"},{"floor":36.0,"key":"potionbrewer:HastePotion"},{"floor":43.0,"key":"potionbrewer:ToxicPotion"},{"floor":46.0,"key":"Venom Potion"},{"floor":48.0,"key":"Ancient Potion"}],"is_trial":false,"path_per_floor":["R","M","M","?","M","M","T","M","$","M","M","M","E","$","M","B",null,"R","M","M","$","M","?","T","?","E","?","E","R","?","E","M","B",null,"R","M","M","?","$","R","T","AVR","M","E","M","E","R","E","M","B",null],"character_chosen":"RobotSpaceExplorer","items_purchased":["CeramicFish","RobotSpaceExplorer:StarLightning","BargainBundle","vexMod:MemoryStick","MostiFishMod:KingOfFree","infinitespire:BlackPotion","RobotSpaceExplorer:SelfCleaning","RobotSpaceExplorer:LuckyStrike","RobotSpaceExplorer:ScrapMissile","RobotSpaceExplorer:FranticSearch","Enlightenment","aspiration:Lifesprig","Potion Belt","ReplayTheSpireMod:CursedCoin","Replay:SS_forest_6","BionicSphere","Bottled Tornado","RobotSpaceExplorer:StarLightning","RobotSpaceExplorer:ScrapToss"],"campfire_rested":2,"item_purchase_floors":[9,9,14,14,14,14,14,14,14,14,14,14,21,39,39,39,39,39,39],"current_hp_per_floor":[64,64,64,64,60,60,60,60,58,58,58,58,57,57,57,46,65,75,72,79,79,64,50,50,34,81,58,61,86,86,67,70,78,86,86,79,84,72,72,91,91,91,92,93,94,95,95,96,97,98],"gold":319,"neow_bonus":"RANDOM_COMMON_RELIC","is_daily":false,"chose_seed":false,"campfire_upgraded":1,"win_rate":0.0,"timestamp":1609233311,"path_taken":["R","M","M","?","M","?","T","M","$","M","M","M","E","?","M","BOSS","R","M","M","?","?","?","T","?","E","?","E","R","?","E","M","BOSS","R","M","M","?","$","R","T","AVR","M","E","M","E","R","E","M","BOSS"],"items_purchased_type":["Relic","Card","Relic","Relic","Card","Potion","Card","Card","Card","Card","Card","Relic","Relic","Relic","Card","Relic","Relic","Card","Card"],"build_version":"2020-12-22","purchased_purges":2,"victory":true,"max_hp_per_floor":[71,71,71,71,71,71,71,71,71,71,71,71,71,71,71,71,71,81,81,81,81,81,81,81,81,81,86,86,86,86,87,88,89,89,89,90,91,91,91,91,91,91,92,93,94,95,95,96,97,98],"card_choices":[{"not_picked":["RobotSpaceExplorer:ToxicBomb","RobotSpaceExplorer:StunGrenade"],"picked":"RobotSpaceExplorer:MiniDrones","floor":2.0},{"not_picked":["RobotSpaceExplorer:ScrapShield","RobotSpaceExplorer:TurboDodge"],"picked":"RobotSpaceExplorer:StunGrenade","floor":3.0},{"not_picked":["RobotSpaceExplorer:SlimeMissile","RobotSpaceExplorer:SwiftStep"],"picked":"RobotSpaceExplorer:JunkDive","floor":5.0},{"not_picked":["RobotSpaceExplorer:Counterblock","RobotSpaceExplorer:Ammunition","RobotSpaceExplorer:Electropulse"],"picked":"SKIP","floor":6.0},{"not_picked":["RobotSpaceExplorer:TurboDodge","RobotSpaceExplorer:ImprovisedAttack"],"picked":"RobotSpaceExplorer:MiniDrones","floor":8.0},{"not_picked":["RobotSpaceExplorer:FreezeRay","RobotSpaceExplorer:GlueSpray"],"picked":"RobotSpaceExplorer:PowerCollector","floor":9.0},{"not_picked":["RobotSpaceExplorer:Smokescreen","RobotSpaceExplorer:Probe"],"picked":"RobotSpaceExplorer:DualCore","floor":10.0},{"not_picked":["RobotSpaceExplorer:Probe","RobotSpaceExplorer:GlueShot"],"picked":"RobotSpaceExplorer:LuckyStrike","floor":11.0},{"not_picked":["RobotSpaceExplorer:GlueShot","RobotSpaceExplorer:IronShell"],"picked":"RobotSpaceExplorer:PowerCollector","floor":12.0},{"not_picked":["RobotSpaceExplorer:FrostMissile","RobotSpaceExplorer:DoubleBlock"],"picked":"RobotSpaceExplorer:FranticSearch","floor":13.0},{"not_picked":["RobotSpaceExplorer:Probe","RobotSpaceExplorer:GlueShot"],"picked":"RobotSpaceExplorer:IronShell","floor":14.0},{"not_picked":["RobotSpaceExplorer:Pulsar","RobotSpaceExplorer:TurboDodge"],"picked":"RobotSpaceExplorer:Scanner","floor":15.0},{"not_picked":["RobotSpaceExplorer:DroneSwarm","RobotSpaceExplorer:HighVoltage"],"picked":"RobotSpaceExplorer:Arsenal","floor":16.0},{"not_picked":["RobotSpaceExplorer:PowerGlove","RobotSpaceExplorer:SurgingShield"],"picked":"RobotSpaceExplorer:Fix","floor":19.0},{"not_picked":["RobotSpaceExplorer:SwiftStep","RobotSpaceExplorer:GlueShot","RobotSpaceExplorer:ScrapShield"],"picked":"SKIP","floor":20.0},{"not_picked":["RobotSpaceExplorer:DoubleBlock","RobotSpaceExplorer:Counterblock"],"picked":"RobotSpaceExplorer:ScrapMissile","floor":22.0},{"not_picked":[],"picked":"J.A.X.","floor":23.0},{"not_picked":["RobotSpaceExplorer:ShovelStrike","RobotSpaceExplorer:MetalStrike"],"picked":"RobotSpaceExplorer:MiniDrones","floor":23.0},{"not_picked":["RobotSpaceExplorer:JunkDive","RobotSpaceExplorer:GlueShot"],"picked":"RobotSpaceExplorer:Multitool","floor":26.0},{"not_picked":["RobotSpaceExplorer:ShovelStrike","RobotSpaceExplorer:ToxicBomb"],"picked":"RobotSpaceExplorer:ImprovisedAttack","floor":28.0},{"not_picked":["RobotSpaceExplorer:ImprovisedAttack","RobotSpaceExplorer:Pulsar"],"picked":"RobotSpaceExplorer:Probe","floor":30.0},{"not_picked":["RobotSpaceExplorer:ShockKick","RobotSpaceExplorer:StarDust"],"picked":"RobotSpaceExplorer:FreezingShield","floor":31.0},{"not_picked":["RobotSpaceExplorer:Ammunition","RobotSpaceExplorer:StunGrenade"],"picked":"RobotSpaceExplorer:LuckyStrike","floor":32.0},{"not_picked":["RobotSpaceExplorer:HighVoltage","RobotSpaceExplorer:Arsenal"],"picked":"RobotSpaceExplorer:Wormhole","floor":33.0},{"not_picked":["RobotSpaceExplorer:ImprovisedAttack+1","RobotSpaceExplorer:FranticSearch"],"picked":"RobotSpaceExplorer:IronShell+1","floor":36.0},{"not_picked":["RobotSpaceExplorer:StunGrenade","RobotSpaceExplorer:MetalStrike"],"picked":"RobotSpaceExplorer:FrostMissile","floor":37.0},{"not_picked":["RobotSpaceExplorer:StunGrenade","RobotSpaceExplorer:PowerGlove","RobotSpaceExplorer:SlimeMissile"],"picked":"SKIP","floor":43.0},{"not_picked":["RobotSpaceExplorer:SwiftStep+1","RobotSpaceExplorer:SelfCleaning"],"picked":"RobotSpaceExplorer:PlasmaMissile","floor":44.0},{"not_picked":["RobotSpaceExplorer:GlueSpray","RobotSpaceExplorer:FrostMissile+1","RobotSpaceExplorer:Probe"],"picked":"SKIP","floor":45.0},{"not_picked":["RobotSpaceExplorer:ScrapMissile","RobotSpaceExplorer:SurgingShield"],"picked":"RobotSpaceExplorer:Explosion","floor":46.0},{"not_picked":["RobotSpaceExplorer:Counterblock","RobotSpaceExplorer:Calculate"],"picked":"RobotSpaceExplorer:FreezingShield+1","floor":48.0},{"not_picked":["RobotSpaceExplorer:FrostMissile","RobotSpaceExplorer:SelfCleaning+1"],"picked":"RobotSpaceExplorer:Fix","floor":49.0}],"player_experience":1926620,"relics_obtained":[{"floor":1.0,"key":"Lantern"},{"floor":13.0,"key":"ReplayTheSpireMod:TigerMarble"},{"floor":23.0,"key":"MutagenicStrength"},{"floor":24.0,"key":"aspiration:FetidBarrel"},{"floor":26.0,"key":"Blood Vial"},{"floor":28.0,"key":"Shovel"},{"floor":30.0,"key":"downfall:CloakOfManyFaces"},{"floor":31.0,"key":"infinitespire:Beetle Shell"},{"floor":44.0,"key":"Darkstone Periapt"},{"floor":46.0,"key":"aspiration:TomeofQuesting"},{"floor":47.0,"key":"Gremlin Food"},{"floor":48.0,"key":"infinitespire:WardingShard"}],"event_choices":[{"cards_removed":["RobotSpaceExplorer:Strike"],"damage_healed":0.0,"max_hp_gain":0.0,"max_hp_loss":0.0,"gold_gain":0.0,"event_name":"Bonfire Elementals","player_choice":"Offered Basic","floor":4.0,"gold_loss":0.0,"damage_taken":0.0}],"is_beta":false,"boss_relics":[{"not_picked":["Replay:Bronze Core","Tiny House"],"picked":"RhineFirstAidKit"},{"not_picked":["MostiFishMod:Hod","Snecko Eye"],"picked":"hubris:Stopwatch"}],"items_purged_floors":[14,39],"is_endless":false,"potions_floor_spawned":[5,6,8,10,11,19,22,26,28,31,36,43,46,48,49],"ascension_level":15}}