{"host":"m6aaltr68g9tvoay","time":1609209421,"event":{"mods":["AchievementEnabler","BaseMod","Colored Map","Minty Spire (QoL Compilation)","StSLib"],"gold_per_floor":[14,14,31,31,31,31,31,31],"floor_reached":7,"playtime":191,"items_purged":[],"score":74,"play_id":"a23b3a82-11f5-4845-87b2-19d1ca029c00","local_time":"20201228183701","is_ascension_mode":true,"campfire_choices":[{"data":"Body Slam","floor":6,"key":"SMITH"}],"circlet_count":0,"master_deck":["AscendersBane","Strike_R","Strike_R","Strike_R","Strike_R","Defend_R","Defend_R","Defend_R","Defend_R","Bash","Double Tap","Twin Strike","Reaper","Body Slam+1"],"relics":["Burning Blood","Singing Bowl"],"acts_visited":["Exordium"],"potions_floor_usage":[],"damage_taken":[{"damage":1,"enemies":"2 Louse","floor":1,"turns":4},{"damage":2,"enemies":"Small Slimes","floor":3,"turns":5},{"damage":89,"enemies":"Lagavulin","floor":7,"turns":9}],"seed_played":"5373052217736702634","potions_obtained":[],"is_trial":false,"path_per_floor":["M","?","M","?","?","R","E"],"character_chosen":"IRONCLAD","items_purchased":[],"campfire_rested":0,"item_purchase_floors":[],"current_hp_per_floor":[73,73,75,64,69,69,0,0],"gold":31,"neow_bonus":"THREE_RARE_CARDS","is_daily":false,"chose_seed":false,"campfire_upgraded":1,"win_rate":0.0,"timestamp":1609209421,"path_taken":["M","?","M","?","?","R","E"],"items_purchased_type":[],"build_version":"2020-12-22","purchased_purges":0,"victory":false,"max_hp_per_floor":[75,75,75,75,80,80,80,80],"card_choices":[{"not_picked":["Limit Break","Berserk"],"picked":"Double Tap","floor":0},{"not_picked":["Sword Boomerang","Perfected Strike"],"picked":"Twin Strike","floor":1},{"not_picked":["Twin Strike","Wild Strike"],"picked":"Body Slam","floor":3}],"player_experience":1315294,"relics_obtained":[],"event_choices":[{"damage_healed":0,"gold_gain":0,"cards_transformed":["Strike_R"],"player_choice":"Change","damage_taken":0,"max_hp_gain":0,"max_hp_loss":0,"event_name":"Living Wall","floor":2,"gold_loss":0,"cards_obtained":["Reaper"]},{"damage_healed":0,"gold_gain":0,"player_choice":"Success","damage_taken":11,"relics_obtained":["Singing Bowl"],"max_hp_gain":0,"max_hp_loss":0,"event_name":"Scrap Ooze","floor":4,"gold_loss":0},{"damage_healed":0,"gold_gain":0,"player_choice":"Donut","damage_taken":0,"max_hp_gain":5,"max_hp_loss":0,"event_name":"Big Fish","floor":5,"gold_loss":0}],"is_beta":false,"boss_relics":[],"items_purged_floors":[],"is_endless":false,"potions_floor_spawned":[],"killed_by":"Lagavulin","ascension_level":18}}