{"host":"7p9x7pjspzs3wva0","time":1609275105,"event":{"mods":["Aspiration","BaseMod","Better Skull","Better Third Choice","BetterRewards","Colored Map","Conspire","Dio Mod","Energized Spire","Infinite Spire","Minty Spire (QoL Compilation)","Replay The Spire","Small Relic Pack","StSLib","The Jungle"],"gold_per_floor":[116,116,41,53,27,61,61,92,146,156,176,194,204,214,214,291,291,303,46,46,58,58,86,103,103,103,121,121,36,51,84,84,158,158,172,172,197,214,54,54,70,70,97,113,113,127,127,140,140,140,140,140,140,13,43,43],"floor_reached":57,"playtime":2958,"items_purged":[],"score":2787,"play_id":"9e79c9d5-f1d8-46f7-a10e-26ab62616b68","local_time":"20201229225145","is_ascension_mode":true,"campfire_choices":[{"floor":7.0,"key":"REST"},{"floor":15.0,"key":"REST"},{"floor":25.0,"key":"REST"},{"data":"dioMod:SadisticLaugh","floor":28.0,"key":"SMITH"},{"floor":32.0,"key":"REST"},{"data":"dioMod:ZaWarudo","floor":40.0,"key":"SMITH"},{"data":"dioMod:Hiss","floor":45.0,"key":"SMITH"},{"data":"dioMod:BloodSuck","floor":47.0,"key":"SMITH"},{"data":"Streamline","floor":49.0,"key":"SMITH"},{"data":"conspire:SharedLibrary","floor":53.0,"key":"SMITH"}],"circlet_count":0,"master_deck":["AscendersBane","dioMod:Strike","dioMod:Strike","dioMod:Strike","dioMod:Strike","Bite","dioMod:Defend","dioMod:Defend","dioMod:Defend","dioMod:DoubleTime","dioMod:ComposedMuda","dioMod:StreetSign+1","Pot Of Greed","Pot Of Greed","dioMod:TripleThreat","dioMod:Hiss+1","dioMod:DaggerToss","dioMod:Muda","dioMod:SlashThroughTime","dioMod:BloodSplash","dioMod:BloodShield","dioMod:KonoDioDa","dioMod:SadisticLaugh+1","dioMod:BloodSuck+1","Replay:Fractal Strike","dioMod:BloodSuck","Pot Of Greed","dioMod:CoffinBath+1","dioMod:Muda","dioMod:ZaWarudo+1","Stack","Beam Cell+1","Go for the Eyes","conspire:SharedLibrary+1","Streamline+1","Conserve Battery","Steam","dioMod:Freeze","Streamline","Streamline","Pot Of Greed","Undo","dioMod:FlyAway+1"],"relics":["dioMod:VampireBlood","aspiration:Nostalgia","Burning Blood","Grinning Jar","Dead Branch","Toy Ornithopter","Replay:Bronze Core","relicPack:WeightedSword","HornCleat","ReplayTheSpireMod:Shallot","infinitespire:BottledMercury","relicPack:NeonSign","conspire:DeflatedDodgeball","aspiration:DefectSkillbook","relicPack:OneForAll","Durian","HandDrill","Strawberry","infinitespire:Satchel"],"acts_visited":["Exordium","TheCity","TheBeyond","TheEnding"],"potions_floor_usage":[56,56],"damage_taken":[{"damage":3.0,"enemies":"2 Louse","floor":1.0,"turns":3.0},{"damage":18.0,"enemies":"conspire:RoseBush","floor":4.0,"turns":3.0},{"damage":56.0,"enemies":"Gremlin Nob","floor":6.0,"turns":5.0},{"damage":65.0,"enemies":"3 Sentries","floor":8.0,"turns":12.0},{"damage":15.0,"enemies":"infinitespire:Voidling","floor":10.0,"turns":4.0},{"damage":1.0,"enemies":"2 Fungi Beasts","floor":11.0,"turns":3.0},{"damage":25.0,"enemies":"Exordium Wildlife","floor":12.0,"turns":4.0},{"damage":21.0,"enemies":"Lots of Slimes","floor":13.0,"turns":5.0},{"damage":0.0,"enemies":"Large Slime","floor":14.0,"turns":4.0},{"damage":42.0,"enemies":"Slime Boss","floor":16.0,"turns":7.0},{"damage":27.0,"enemies":"Shell Parasite","floor":18.0,"turns":4.0},{"damage":46.0,"enemies":"conspire:FuzzyDice","floor":21.0,"turns":8.0},{"damage":20.0,"enemies":"Replay:Snechameleon","floor":23.0,"turns":3.0},{"damage":29.0,"enemies":"Snake Plant","floor":24.0,"turns":3.0},{"damage":19.0,"enemies":"Snecko","floor":27.0,"turns":4.0},{"damage":15.0,"enemies":"Cultist and Chosen","floor":30.0,"turns":4.0},{"damage":39.0,"enemies":"Slavers","floor":31.0,"turns":4.0},{"damage":2.0,"enemies":"StardustCrusaders","floor":33.0,"turns":3.0},{"damage":25.0,"enemies":"3 Darklings","floor":35.0,"turns":4.0},{"damage":56.0,"enemies":"conspire:MimicChest","floor":37.0,"turns":7.0},{"damage":0.0,"enemies":"Orb Walker","floor":38.0,"turns":2.0},{"damage":2.0,"enemies":"Transient","floor":41.0,"turns":6.0},{"damage":0.0,"enemies":"Spire Growth","floor":44.0,"turns":3.0},{"damage":0.0,"enemies":"Jaw Worm Horde","floor":46.0,"turns":4.0},{"damage":0.0,"enemies":"Transient","floor":48.0,"turns":6.0},{"damage":0.0,"enemies":"Awakened One","floor":50.0,"turns":8.0},{"damage":5.0,"enemies":"Time Eater","floor":51.0,"turns":12.0},{"damage":50.0,"enemies":"Shield and Spear","floor":55.0,"turns":5.0},{"damage":106,"enemies":"The Heart","floor":56,"turns":10}],"seed_played":"1241549692211998442","potions_obtained":[{"floor":4.0,"key":"Regen Potion"},{"floor":8.0,"key":"Weak Potion"},{"floor":10.0,"key":"DistilledChaos"},{"floor":11.0,"key":"BlessingOfTheForge"},{"floor":16.0,"key":"AttackPotion"},{"floor":18.0,"key":"Reflective Coating"},{"floor":24.0,"key":"EssenceOfSteel"},{"floor":27.0,"key":"SteroidPotion"},{"floor":33.0,"key":"Doom Potion"},{"floor":35.0,"key":"PowerPotion"},{"floor":38.0,"key":"dioMod:HumanBlood"}],"is_trial":false,"path_per_floor":["M","?","?","M","$","E","R","E","T","M","M","M","M","M","R","B",null,"M","$","?","M","AVR","E","M","R","T","M","R","?","M","E","R","B",null,"M","?","?","M","$","R","M","AVR","T","M","R","M","R","M","R","B","B",null,"R","$","E","B",null],"character_chosen":"THE_DEFAULT","items_purchased":["dioMod:StreetSign","relicPack:WeightedSword","dioMod:BloodSuck","conspire:SharedLibrary","Streamline","dioMod:HumanBlood","Streamline","Undo"],"campfire_rested":4,"item_purchase_floors":[5,19,19,39,39,39,54,54],"current_hp_per_floor":[70,70,70,65,65,20,41,10,10,18,31,20,22,38,59,45,64,66,66,66,41,41,35,44,65,65,65,65,65,70,49,70,70,70,66,66,36,50,50,50,75,75,82,82,82,82,82,82,82,82,82,82,82,82,82,31],"gold":43,"neow_bonus":"NOSTALGIA","is_daily":false,"chose_seed":false,"campfire_upgraded":6,"win_rate":0.0,"timestamp":1609275105,"path_taken":["M","?","?","M","$","E","R","E","T","M","M","M","M","M","R","BOSS","M","$","?","M","AVR","E","?","R","T","M","R","?","M","E","R","BOSS","M","?","?","?","$","R","M","AVR","T","M","R","M","R","M","R","BOSS","BOSS","R","$","E","BOSS"],"items_purchased_type":["Card","Relic","Card","Card","Card","Potion","Card","Card"],"build_version":"2020-12-22","purchased_purges":0,"victory":true,"max_hp_per_floor":[70,70,70,70,70,70,70,70,70,70,70,70,70,70,70,70,70,70,70,70,70,70,70,70,70,70,70,70,70,70,70,70,70,70,70,70,75,75,75,75,75,75,82,82,82,82,82,82,82,82,82,82,82,82,82,82],"card_choices":[{"not_picked":["dioMod:BloodSuck","dioMod:SecretPlan"],"picked":"dioMod:DoubleTime","floor":1.0},{"not_picked":["dioMod:VengefulMuda","dioMod:HeavyLifting"],"picked":"dioMod:ComposedMuda","floor":4.0},{"not_picked":["dioMod:BloodTransfusion","dioMod:StreetSign"],"picked":"dioMod:TripleThreat","floor":6.0},{"not_picked":["dioMod:DarkRebirth","dioMod:Minions"],"picked":"dioMod:Hiss","floor":8.0},{"not_picked":["dioMod:CoffinBath","dioMod:ComboFever"],"picked":"dioMod:DaggerToss","floor":10.0},{"not_picked":["dioMod:VengefulMuda","dioMod:DoubleTime"],"picked":"dioMod:Muda","floor":11.0},{"not_picked":["dioMod:Donut","dioMod:CoffinBath"],"picked":"dioMod:SlashThroughTime","floor":12.0},{"not_picked":["dioMod:TripleThreat","dioMod:DaggerSpree"],"picked":"dioMod:BloodSplash","floor":13.0},{"not_picked":["dioMod:CutDeep","dioMod:BloodSplash"],"picked":"dioMod:BloodShield","floor":14.0},{"not_picked":["dioMod:UltimateSacrifice","dioMod:Refresh"],"picked":"dioMod:KonoDioDa","floor":16.0},{"not_picked":["dioMod:DoubleTime","dioMod:VengefulMuda"],"picked":"dioMod:SadisticLaugh","floor":18.0},{"not_picked":["dioMod:HeavyLifting","dioMod:ComboFever","dioMod:DaggerSpree"],"picked":"SKIP","floor":21.0},{"not_picked":["dioMod:StreetSign","dioMod:GoodbyeJojo"],"picked":"dioMod:BloodSuck","floor":23.0},{"not_picked":["dioMod:Diversion+1","dioMod:TripleThreat"],"picked":"dioMod:CoffinBath+1","floor":24.0},{"not_picked":["dioMod:DarkRebirth","dioMod:Donut"],"picked":"dioMod:Muda","floor":27.0},{"not_picked":["dioMod:KonoDioDa","dioMod:Hiss","dioMod:DaggerToss"],"picked":"SKIP","floor":30.0},{"not_picked":["dioMod:StreetSign","dioMod:Hiss","dioMod:Refresh"],"picked":"SKIP","floor":31.0},{"not_picked":["dioMod:Despair","dioMod:PathToHeaven"],"picked":"dioMod:ZaWarudo","floor":33.0},{"not_picked":["dioMod:ComposedMuda+1","Turbo","dioMod:Hiss+1"],"picked":"Stack","floor":35.0},{"not_picked":["dioMod:StreetSign","Coolheaded+1","Heatsinks+1"],"picked":"Beam Cell+1","floor":37.0},{"not_picked":["dioMod:SlashThroughTime","dioMod:DoubleTime","Fusion+1"],"picked":"Go for the Eyes","floor":38.0},{"not_picked":["dioMod:Despair","dioMod:BloodSplash","FTL"],"picked":"Conserve Battery","floor":41.0},{"not_picked":["Beam Cell","Static Discharge","Hologram+1"],"picked":"Steam","floor":44.0},{"not_picked":["Barrage","dioMod:DaggerToss","conspire:SharedLibrary"],"picked":"dioMod:Freeze","floor":46.0},{"not_picked":["Steam","Panic Button","dioMod:HeavyLifting+1","Multi-Cast"],"picked":"SKIP","floor":48.0},{"not_picked":["Steam","dioMod:Hiss+1","Hologram+1"],"picked":"dioMod:FlyAway+1","floor":55.0}],"player_experience":288716,"relics_obtained":[{"floor":6.0,"key":"Grinning Jar"},{"floor":8.0,"key":"Dead Branch"},{"floor":9.0,"key":"Toy Ornithopter"},{"floor":23.0,"key":"ReplayTheSpireMod:Shallot"},{"floor":26.0,"key":"infinitespire:BottledMercury"},{"floor":31.0,"key":"conspire:DeflatedDodgeball"},{"floor":37.0,"key":"Durian"},{"floor":43.0,"key":"Strawberry"},{"floor":55.0,"key":"infinitespire:Satchel"}],"event_choices":[{"cards_removed":["dioMod:Defend"],"damage_healed":0.0,"max_hp_gain":0.0,"max_hp_loss":0.0,"gold_gain":0.0,"event_name":"The Cleric","player_choice":"Card Removal","floor":3.0,"gold_loss":75.0,"damage_taken":0.0},{"damage_healed":0.0,"max_hp_gain":0.0,"max_hp_loss":0.0,"gold_gain":0.0,"event_name":"Upgrade Shrine","player_choice":"Upgraded","floor":20.0,"gold_loss":0.0,"damage_taken":0.0,"cards_upgraded":["dioMod:StreetSign"]},{"damage_healed":0.0,"max_hp_gain":0.0,"max_hp_loss":0.0,"gold_gain":0.0,"event_name":"Addict","player_choice":"Obtained Relic","floor":29.0,"gold_loss":85.0,"damage_taken":0.0,"relics_obtained":["relicPack:NeonSign"]}],"is_beta":false,"boss_relics":[{"not_picked":["SacredBark","Honey Jar"],"picked":"Replay:Bronze Core"},{"not_picked":["aspiration:PoetsPen_weak","Sozu"],"picked":"aspiration:DefectSkillbook"}],"items_purged_floors":[],"is_endless":false,"potions_floor_spawned":[4,8,10,11,16,18,24,27,33,35,38,48],"ascension_level":20}}