{"host":"mr1ctipv0dcr6y8g","time":1609277970,"event":{"mods":["BaseMod","DeckTracker","Energized Spire","Minty Spire (QoL Compilation)","Shop Mod","StSLib"],"gold_per_floor":[112,187,203,221,221,256,256,20,93,110,110,137,137,172,172,277,277,289,289,31,31,45,77,77,91,118,150,180,200,200,200,200,298,298,308,161,511,225,225,225,240,240,263,295,295,157,157,185,185,185,185,185,66,100,100],"floor_reached":56,"playtime":3973,"items_purged":["Strike_G","Strike_G","Strike_G","Defend_G"],"score":1275,"play_id":"41caee6f-f857-4606-88fe-efb02743a5f4","local_time":"20201229143930","daily_mods":["Heirloom","Time Dilation","Flight"],"is_ascension_mode":false,"campfire_choices":[{"data":"Noxious Fumes","floor":7.0,"key":"SMITH"},{"floor":13.0,"key":"REST"},{"data":"Catalyst","floor":15.0,"key":"SMITH"},{"data":"After Image","floor":24.0,"key":"SMITH"},{"data":"Neutralize","floor":30.0,"key":"SMITH"},{"data":"Backflip","floor":32.0,"key":"SMITH"},{"data":"Apotheosis","floor":40.0,"key":"SMITH"},{"floor":47,"key":"RECALL"},{"floor":49,"key":"REST"},{"data":"Malaise","floor":52,"key":"SMITH"}],"circlet_count":0,"master_deck":["Defend_G","Defend_G","Defend_G","Defend_G","Survivor","Neutralize+1","Backflip+1","Noxious Fumes+1","Poisoned Stab","Catalyst+1","Acrobatics","Malaise+1","PiercingWail","After Image+1","Noxious Fumes+1","Bouncing Flask","Deadly Poison+1","Apotheosis+1","Catalyst+1","Clumsy","Noxious Fumes","Deadly Poison"],"relics":["Ring of the Snake","Tingsha","Paper Crane","PreservedInsect","Gremlin Horn","StoneCalendar","Snake Skull","energizedSpire:CursedPentagram","Bottled Tornado","MealTicket","Strawberry","Runic Pyramid","Membership Card","Happy Flower","ClockworkSouvenir","Centennial Puzzle","MerchantsRug","Mercury Hourglass","Pen Nib"],"acts_visited":["Exordium","TheCity","TheBeyond","TheEnding"],"potions_floor_usage":[],"damage_taken":[{"damage":0.0,"enemies":"2 Louse","floor":1.0,"turns":4.0},{"damage":0.0,"enemies":"Jaw Worm","floor":3.0,"turns":4.0},{"damage":0.0,"enemies":"Small Slimes","floor":4.0,"turns":4.0},{"damage":12.0,"enemies":"Gremlin Nob","floor":6.0,"turns":5.0},{"damage":0.0,"enemies":"Looter","floor":10.0,"turns":4.0},{"damage":5.0,"enemies":"3 Sentries","floor":12.0,"turns":5.0},{"damage":4.0,"enemies":"Lagavulin","floor":14.0,"turns":6.0},{"damage":7.0,"enemies":"Slime Boss","floor":16.0,"turns":7.0},{"damage":2.0,"enemies":"Shell Parasite","floor":18.0,"turns":7.0},{"damage":0.0,"enemies":"Spheric Guardian","floor":22.0,"turns":4.0},{"damage":28.0,"enemies":"Slavers","floor":23.0,"turns":3.0},{"damage":0.0,"enemies":"Cultist and Chosen","floor":25.0,"turns":5.0},{"damage":4.0,"enemies":"Book of Stabbing","floor":27.0,"turns":5.0},{"damage":0.0,"enemies":"Gremlin Leader","floor":28.0,"turns":4.0},{"damage":1.0,"enemies":"Snake Plant","floor":29.0,"turns":4.0},{"damage":4.0,"enemies":"Champ","floor":33.0,"turns":8.0},{"damage":0.0,"enemies":"3 Darklings","floor":35.0,"turns":4.0},{"damage":0.0,"enemies":"Mind Bloom Boss Battle","floor":37.0,"turns":5.0},{"damage":0.0,"enemies":"3 Shapes","floor":41.0,"turns":4.0},{"damage":10.0,"enemies":"Reptomancer","floor":44.0,"turns":4.0},{"damage":13,"enemies":"Nemesis","floor":48,"turns":5},{"damage":38,"enemies":"Awakened One","floor":50,"turns":11},{"damage":31,"enemies":"Shield and Spear","floor":54,"turns":4},{"damage":37,"enemies":"The Heart","floor":55,"turns":7}],"seed_played":"4254054737590108704","potions_obtained":[{"floor":3.0,"key":"EssenceOfSteel"},{"floor":12.0,"key":"SteroidPotion"},{"floor":14.0,"key":"Fire Potion"},{"floor":18.0,"key":"GhostInAJar"},{"floor":27.0,"key":"Block Potion"},{"floor":29.0,"key":"FairyPotion"},{"floor":44.0,"key":"FairyPotion"}],"is_trial":true,"path_per_floor":["M","?","M","M","T","E","R","$","T","M","?","E","R","E","R","B",null,"M","?","$","?","M","E","R","M","T","E","E","M","R","?","R","B",null,"M","$","?","$","?","R","M","?","T","E","?","$","R","E","R","B",null,"R","$","E","B",null],"character_chosen":"THE_SILENT","items_purchased":["Catalyst","PreservedInsect","Bottled Tornado","Bouncing Flask","Membership Card","Apotheosis","ClockworkSouvenir","MerchantsRug","Mercury Hourglass","Noxious Fumes","Deadly Poison"],"campfire_rested":2,"item_purchase_floors":[8,8,20,36,38,38,46,53,53,53,53],"current_hp_per_floor":[70,59,59,59,59,47,47,47,47,47,40,35,56,52,52,45,70,68,68,68,68,68,40,40,40,40,36,43,42,42,42,42,38,77,77,77,77,77,77,77,77,73,73,63,63,73,73,60,73,35,73,73,73,42,5],"gold":100,"neow_bonus":"","is_daily":false,"chose_seed":false,"campfire_upgraded":7,"win_rate":0.0,"timestamp":1609277970,"path_taken":["M","?","M","M","?","E","R","$","T","M","?","E","R","E","R","BOSS","M","?","$","?","M","E","R","M","T","E","E","?","R","?","R","BOSS","M","?","?","$","?","R","M","?","T","E","?","$","R","E","R","BOSS","R","$","E","BOSS"],"items_purchased_type":["Card","Relic","Relic","Card","Relic","Card","Relic","Relic","Relic","Card","Card"],"build_version":"2020-12-22","purchased_purges":4,"victory":true,"max_hp_per_floor":[70,70,70,70,70,70,70,70,70,70,70,70,70,70,70,70,70,70,70,70,70,70,70,70,70,70,70,77,77,77,77,77,77,77,77,77,77,77,77,77,77,73,73,73,73,73,73,73,73,73,73,73,73,73,73],"card_choices":[{"not_picked":["Dodge and Roll","Outmaneuver"],"picked":"Backflip","floor":1.0},{"not_picked":["Escape Plan","Underhanded Strike"],"picked":"Noxious Fumes","floor":3.0},{"not_picked":["Dodge and Roll","Backflip"],"picked":"Poisoned Stab","floor":4.0},{"not_picked":["Concentrate","Storm of Steel","Terror"],"picked":"SKIP","floor":6.0},{"not_picked":["Heel Hook","Backflip"],"picked":"Acrobatics","floor":10.0},{"not_picked":["Finisher","Heel Hook"],"picked":"Malaise","floor":12.0},{"not_picked":["Dodge and Roll","Dagger Throw"],"picked":"PiercingWail","floor":14.0},{"not_picked":["Night Terror","Die Die Die"],"picked":"After Image","floor":16.0},{"not_picked":["Poisoned Stab","Slice","Calculated Gamble"],"picked":"SKIP","floor":18.0},{"not_picked":["Underhanded Strike+1","Outmaneuver+1","Sucker Punch"],"picked":"SKIP","floor":22.0},{"not_picked":["Poisoned Stab","Blade Dance","Quick Slash+1"],"picked":"SKIP","floor":23.0},{"not_picked":["Poisoned Stab","Blade Dance","Quick Slash+1"],"picked":"SKIP","floor":23.0},{"not_picked":["Dagger Throw","Dodge and Roll","Backflip"],"picked":"SKIP","floor":25.0},{"not_picked":["PiercingWail+1","Outmaneuver","Choke"],"picked":"SKIP","floor":25.0},{"not_picked":["All Out Attack","Blade Dance","Backstab"],"picked":"SKIP","floor":27.0},{"not_picked":["Wraith Form v2","Dagger Spray","Choke"],"picked":"SKIP","floor":28.0},{"not_picked":["Wraith Form v2","Dagger Spray","Choke"],"picked":"SKIP","floor":28.0},{"not_picked":["Masterful Stab+1","Slice","Accuracy+1"],"picked":"SKIP","floor":29.0},{"not_picked":["Blade Dance","Bane","Acrobatics+1"],"picked":"SKIP","floor":29.0},{"not_picked":["Dash+1","Bane","Cloak And Dagger+1"],"picked":"SKIP","floor":35.0},{"not_picked":["Quick Slash+1","Dodge and Roll","Sucker Punch"],"picked":"SKIP","floor":35.0},{"not_picked":["Leg Sweep","Backstab"],"picked":"Deadly Poison+1","floor":37.0},{"not_picked":["PiercingWail","Dagger Throw+1","Flying Knee"],"picked":"SKIP","floor":41.0},{"not_picked":["Masterful Stab+1","Unload","Calculated Gamble+1"],"picked":"SKIP","floor":41.0},{"not_picked":["Bane+1","PiercingWail+1","Choke"],"picked":"SKIP","floor":44.0},{"not_picked":["Burst","Cloak And Dagger"],"picked":"Catalyst+1","floor":48},{"not_picked":["Acrobatics+1","Prepared","Eviscerate"],"picked":"SKIP","floor":54}],"player_experience":1255276,"relics_obtained":[{"floor":5.0,"key":"Paper Crane"},{"floor":6.0,"key":"Dead Branch"},{"floor":9.0,"key":"Gremlin Horn"},{"floor":12.0,"key":"StoneCalendar"},{"floor":14.0,"key":"Snake Skull"},{"floor":23.0,"key":"Prayer Wheel"},{"floor":27.0,"key":"MealTicket"},{"floor":28.0,"key":"Strawberry"},{"floor":37.0,"key":"Old Coin"},{"floor":43.0,"key":"Happy Flower"},{"floor":44.0,"key":"Dream Catcher"},{"floor":48,"key":"Centennial Puzzle"},{"floor":54,"key":"Pen Nib"}],"event_choices":[{"damage_healed":0.0,"max_hp_gain":0.0,"max_hp_loss":0.0,"gold_gain":75.0,"event_name":"World of Goop","player_choice":"Gather Gold","floor":2.0,"gold_loss":0.0,"damage_taken":11.0},{"cards_removed":["Strike_G"],"damage_healed":0.0,"max_hp_gain":0.0,"max_hp_loss":0.0,"gold_gain":0.0,"event_name":"Golden Wing","player_choice":"Card Removal","floor":11.0,"gold_loss":0.0,"damage_taken":7.0},{"cards_removed":["Strike_G"],"damage_healed":0.0,"max_hp_gain":0.0,"max_hp_loss":0.0,"gold_gain":0.0,"event_name":"Back to Basics","player_choice":"Elegance","floor":19.0,"gold_loss":0.0,"damage_taken":0.0},{"damage_healed":0.0,"max_hp_gain":0.0,"max_hp_loss":0.0,"gold_gain":0.0,"event_name":"N\u0027loth","player_choice":"Ignored","floor":21.0,"gold_loss":0.0,"damage_taken":0.0},{"damage_healed":0.0,"max_hp_gain":0.0,"max_hp_loss":0.0,"gold_gain":0.0,"event_name":"Duplicator","player_choice":"Copied","floor":31.0,"gold_loss":0.0,"damage_taken":0.0,"cards_obtained":["Noxious Fumes"]},{"damage_healed":0.0,"max_hp_gain":0.0,"max_hp_loss":0.0,"gold_gain":0.0,"event_name":"MindBloom","player_choice":"Fight","floor":37.0,"gold_loss":0.0,"damage_taken":0.0},{"damage_healed":0.0,"max_hp_gain":0.0,"max_hp_loss":0.0,"gold_gain":0.0,"event_name":"Tomb of Lord Red Mask","player_choice":"Ignored","floor":39.0,"gold_loss":0.0,"damage_taken":0.0},{"damage_healed":0.0,"max_hp_gain":0.0,"max_hp_loss":4.0,"gold_gain":0.0,"event_name":"Winding Halls","player_choice":"Max HP","floor":42.0,"gold_loss":0.0,"damage_taken":0.0},{"damage_healed":0,"gold_gain":0,"player_choice":"Memory 1","damage_taken":0,"max_hp_gain":0,"max_hp_loss":0,"event_name":"SensoryStone","floor":45,"gold_loss":0}],"is_beta":false,"boss_relics":[{"not_picked":["energizedSpire:PogoStick","Busted Crown"],"picked":"energizedSpire:CursedPentagram"},{"not_picked":["Philosopher\u0027s Stone","energizedSpire:StickyHand"],"picked":"Runic Pyramid"}],"items_purged_floors":[36,38,46,53],"is_endless":false,"potions_floor_spawned":[3,12,14,16,18,22,27,29,44],"ascension_level":0}}