{"host":"nlbm7eld1wcqj9ez","time":1609262384,"event":{"mods":["AchievementEnabler","BaseMod","Colored Map","Colored Powertips","DeckTracker","Minty Spire (QoL Compilation)","StSLib"],"gold_per_floor":[115,290,290,304,315,347,347,361,415,427,364,433,183,183,183,285,285,302,114,124,124,137,137,236,249,272,292,292,307,307,325,325,325,325],"floor_reached":33,"playtime":1660,"items_purged":["Doubt"],"score":247,"play_id":"de3db063-c45c-4ef6-894e-b7f9f9ed4b0b","local_time":"20201229181944","is_ascension_mode":false,"campfire_choices":[{"floor":7,"key":"REST"},{"floor":10,"key":"REST"},{"data":"Zap","floor":15,"key":"SMITH"},{"floor":23,"key":"REST"},{"floor":30,"key":"REST"},{"floor":32,"key":"REST"}],"circlet_count":0,"master_deck":["Strike_B","Strike_B","Strike_B","Defend_B","Defend_B","Defend_B","Defend_B","Zap+1","Dualcast","Panacea","Compile Driver","Barrage","Leap","Hologram","Ball Lightning","Chill","Fission","Glacier","Blizzard","Coolheaded","Aggregate","Cold Snap","Bandage Up","Self Repair","Cold Snap+1"],"relics":["Cracked Core","InkBottle","Regal Pillow","MawBank","Meat on the Bone","Pear","SacredBark","Happy Flower","Toy Ornithopter","Omamori"],"acts_visited":["Exordium","TheCity"],"potions_floor_usage":[],"damage_taken":[{"damage":3,"enemies":"Small Slimes","floor":1,"turns":4},{"damage":10,"enemies":"Jaw Worm","floor":4,"turns":4},{"damage":1,"enemies":"Cultist","floor":5,"turns":4},{"damage":54,"enemies":"Gremlin Nob","floor":6,"turns":5},{"damage":16,"enemies":"Lots of Slimes","floor":8,"turns":4},{"damage":56,"enemies":"Hexaghost","floor":16,"turns":10},{"damage":18,"enemies":"Shell Parasite","floor":18,"turns":8},{"damage":16,"enemies":"Spheric Guardian","floor":20,"turns":6},{"damage":32,"enemies":"Snake Plant","floor":22,"turns":6},{"damage":32,"enemies":"Chosen and Byrds","floor":25,"turns":8},{"damage":16,"enemies":"Snecko","floor":27,"turns":8},{"damage":10,"enemies":"Shelled Parasite and Fungi","floor":29,"turns":8},{"damage":38,"enemies":"Snake Plant","floor":31,"turns":8},{"damage":116,"enemies":"Automaton","floor":33,"turns":12}],"seed_played":"2254620715251232925","potions_obtained":[{"floor":1,"key":"EssenceOfSteel"},{"floor":8,"key":"Strength Potion"},{"floor":16,"key":"EssenceOfSteel"},{"floor":18,"key":"EssenceOfDarkness"}],"is_trial":false,"path_per_floor":["M","?","?","M","M","E","R","M","T","R","$","T","$","?","R","B",null,"M","$","M","?","M","R","?","M","T","M","?","M","R","M","R","B"],"character_chosen":"DEFECT","items_purchased":["Pear","Blizzard","Happy Flower"],"campfire_rested":5,"item_purchase_floors":[13,19,19],"current_hp_per_floor":[72,72,72,62,61,7,44,28,28,65,65,65,75,75,75,31,85,67,67,51,51,31,71,71,51,51,47,35,41,81,54,85,0,0],"gold":325,"neow_bonus":"RANDOM_COLORLESS","is_daily":false,"chose_seed":false,"campfire_upgraded":1,"win_rate":0.0,"timestamp":1609262384,"path_taken":["M","?","?","?","M","E","R","M","T","R","$","?","?","?","R","BOSS","M","$","M","?","M","R","?","M","T","M","?","?","R","?","R","BOSS"],"items_purchased_type":["Relic","Card","Relic"],"build_version":"2020-12-22","purchased_purges":1,"victory":false,"max_hp_per_floor":[75,75,75,75,75,75,75,75,75,75,75,75,85,85,85,85,85,85,85,85,85,85,85,85,85,85,85,85,85,85,85,85,85,85],"card_choices":[{"not_picked":["Flash of Steel","Mind Blast"],"picked":"Panacea","floor":0},{"not_picked":["Static Discharge","Beam Cell"],"picked":"Compile Driver","floor":1},{"not_picked":["BootSequence","Chaos"],"picked":"Barrage","floor":4},{"not_picked":["Aggregate","Rebound"],"picked":"Leap","floor":5},{"not_picked":["Scrape","Storm"],"picked":"Hologram","floor":6},{"not_picked":["Beam Cell","Force Field"],"picked":"Ball Lightning","floor":8},{"not_picked":["Buffer","Meteor Strike"],"picked":"Fission","floor":16},{"not_picked":["Cold Snap+1","Skim"],"picked":"Glacier","floor":18},{"not_picked":["Scrape","Chaos"],"picked":"Coolheaded","floor":20},{"not_picked":["Conserve Battery","Compile Driver","Storm"],"picked":"SKIP","floor":22},{"not_picked":["Capacitor","Ball Lightning"],"picked":"Aggregate","floor":25},{"not_picked":["Scrape+1","Streamline"],"picked":"Cold Snap","floor":27},{"not_picked":["Coolheaded","Go for the Eyes+1"],"picked":"Self Repair","floor":29},{"not_picked":["Static Discharge+1","Stack"],"picked":"Cold Snap+1","floor":31}],"player_experience":31094,"relics_obtained":[{"floor":6,"key":"Regal Pillow"},{"floor":9,"key":"MawBank"},{"floor":12,"key":"Meat on the Bone"},{"floor":26,"key":"Omamori"}],"event_choices":[{"damage_healed":0,"gold_gain":175,"player_choice":"AGREE","damage_taken":0,"max_hp_gain":0,"max_hp_loss":0,"event_name":"Liars Game","floor":2,"gold_loss":0,"cards_obtained":["Doubt"]},{"damage_healed":0,"gold_gain":0,"player_choice":"Gave Potion","damage_taken":0,"relics_obtained":["InkBottle"],"max_hp_gain":0,"max_hp_loss":0,"event_name":"WeMeetAgain","floor":3,"gold_loss":0},{"damage_healed":0,"gold_gain":0,"cards_transformed":["Strike_B"],"player_choice":"Change","damage_taken":0,"max_hp_gain":0,"max_hp_loss":0,"event_name":"Living Wall","floor":14,"gold_loss":0,"cards_obtained":["Chill"]},{"damage_healed":0,"gold_gain":0,"player_choice":"Opened","damage_taken":0,"relics_obtained":["Toy Ornithopter"],"max_hp_gain":0,"max_hp_loss":0,"event_name":"The Mausoleum","floor":21,"gold_loss":0},{"damage_healed":0,"gold_gain":99,"player_choice":"Stole From Cult","damage_taken":0,"max_hp_gain":0,"max_hp_loss":0,"event_name":"Nest","floor":24,"gold_loss":0},{"damage_healed":0,"gold_gain":0,"player_choice":"CARD ","damage_taken":12,"max_hp_gain":0,"max_hp_loss":0,"event_name":"Knowing Skull","floor":28,"potions_obtained":[],"gold_loss":0,"cards_obtained":["Bandage Up"]}],"is_beta":false,"boss_relics":[{"not_picked":["Ectoplasm","Philosopher\u0027s Stone"],"picked":"SacredBark"}],"items_purged_floors":[11],"is_endless":false,"potions_floor_spawned":[1,8,16,18,25,31],"killed_by":"Automaton","ascension_level":0}}