{"host":"o3so5oxo9aakc7d5","time":1609230060,"event":{"mods":["BaseMod","Better Altar","Better Match","Better Sensory Stone","Better Skull","Better Third Choice","Block Reminder","CapriCore","Challenge The Spire","Googly Eyes","Jorbs\u0027s Wanderer Trilogy","Minty Spire (QoL Compilation)","Rare Cards Sparkle","Spicy Shops","StSLib"],"gold_per_floor":[116,133,83,83,95,95,116,142,187,205,205,155,174,191,191,287,337,349,363,10,10,30,60,60,70,70,70,84,84,101,115,115,115,115],"floor_reached":33,"playtime":980,"items_purged":["Strike_R","Strike_R"],"score":296,"play_id":"12e46497-7482-4b6a-beca-f85e5d9e8d73","local_time":"20201229012100","is_ascension_mode":false,"campfire_choices":[{"data":"Clothesline","floor":6,"key":"SMITH"},{"data":"Twin Strike","floor":11,"key":"SMITH"},{"data":"Flex","floor":15,"key":"SMITH"},{"data":"Offering","floor":24,"key":"SMITH"},{"floor":27,"key":"REST"},{"floor":32,"key":"REST"}],"circlet_count":0,"master_deck":["Defend_R","Defend_R","Defend_R","Bash","Clothesline+1","Flex+1","Twin Strike+1","Spot Weakness","Sword Boomerang","Offering+1","Flex","Cleave","Bite","Bite","Bite","Bite","Bite","Cleave"],"relics":["Burning Blood","NeowsBlessing","Odd Mushroom","Smiling Mask","MealTicket","Tiny House","Bronze Scales","Dead Branch","Matryoshka"],"acts_visited":["Exordium","TheCity"],"potions_floor_usage":[13,13,16,23,23,23,23,31],"damage_taken":[{"damage":0,"enemies":"Small Slimes","floor":1,"turns":1},{"damage":0,"enemies":"2 Louse","floor":2,"turns":1},{"damage":0,"enemies":"Jaw Worm","floor":5,"turns":1},{"damage":37,"enemies":"The Mushroom Lair","floor":7,"turns":6},{"damage":26,"enemies":"Lagavulin","floor":8,"turns":5},{"damage":7,"enemies":"Blue Slaver","floor":10,"turns":3},{"damage":7,"enemies":"Lots of Slimes","floor":13,"turns":5},{"damage":4,"enemies":"Gremlin Gang","floor":14,"turns":4},{"damage":34,"enemies":"The Guardian","floor":16,"turns":12},{"damage":16,"enemies":"2 Thieves","floor":18,"turns":3},{"damage":14,"enemies":"Shell Parasite","floor":19,"turns":2},{"damage":35,"enemies":"Centurion and Healer","floor":22,"turns":4},{"damage":33,"enemies":"Gremlin Leader","floor":23,"turns":4},{"damage":16,"enemies":"Snake Plant","floor":25,"turns":2},{"damage":16,"enemies":"Snecko","floor":28,"turns":3},{"damage":45,"enemies":"Centurion and Healer","floor":30,"turns":4},{"damage":12,"enemies":"Chosen and Byrds","floor":31,"turns":4},{"damage":54,"enemies":"Collector","floor":33,"turns":3}],"seed_played":"8787875106040422156","potions_obtained":[{"floor":1,"key":"ElixirPotion"},{"floor":5,"key":"Strength Potion"},{"floor":10,"key":"Block Potion"},{"floor":14,"key":"Strength Potion"},{"floor":17,"key":"EntropicBrew"},{"floor":19,"key":"Dexterity Potion"},{"floor":23,"key":"Weak Potion"}],"is_trial":false,"path_per_floor":["M","M","?","?","M","R","?","E","T","M","R","$","M","M","R","B",null,"M","M","$","?","M","E","R","M","T","R","M","?","M","M","R","B"],"character_chosen":"IRONCLAD","items_purchased":["Bronze Scales","Blood Vial"],"campfire_rested":2,"item_purchase_floors":[20,20],"current_hp_per_floor":[80,80,80,80,80,80,49,29,29,28,28,43,42,44,44,16,85,75,67,82,82,55,30,30,22,22,47,39,39,8,12,37,0,0],"gold":115,"neow_bonus":"THREE_ENEMY_KILL","is_daily":false,"chose_seed":false,"campfire_upgraded":4,"win_rate":0.0,"timestamp":1609230060,"path_taken":["M","M","?","?","M","R","?","E","T","M","R","?","?","M","R","BOSS","M","M","$","?","M","E","R","M","T","R","?","?","M","M","R","BOSS"],"items_purchased_type":["Relic","Relic"],"build_version":"2020-12-22","purchased_purges":2,"victory":false,"max_hp_per_floor":[80,80,80,80,80,80,80,80,80,80,80,80,80,80,80,80,85,85,85,85,85,85,85,85,85,85,85,85,85,85,85,85,85,85],"card_choices":[{"not_picked":["Power Through","Armaments"],"picked":"Clothesline","floor":1},{"not_picked":["Evolve","Havoc","Warcry"],"picked":"SKIP","floor":2},{"not_picked":["Perfected Strike","Heavy Blade"],"picked":"Flex","floor":5},{"not_picked":["Clothesline","Evolve"],"picked":"Twin Strike","floor":7},{"not_picked":["Rage","Dropkick"],"picked":"Spot Weakness","floor":8},{"not_picked":["Shrug It Off","Anger","Clothesline"],"picked":"SKIP","floor":10},{"not_picked":["Clothesline","Dark Embrace"],"picked":"Sword Boomerang","floor":13},{"not_picked":["Perfected Strike","Shrug It Off","Armaments"],"picked":"SKIP","floor":14},{"not_picked":["Bludgeon","Barricade"],"picked":"Offering","floor":16},{"not_picked":["Anger","Hemokinesis","Power Through"],"picked":"SKIP","floor":18},{"not_picked":["True Grit","Headbutt","Burning Pact+1"],"picked":"SKIP","floor":19},{"not_picked":["Anger","True Grit"],"picked":"Flex","floor":22},{"not_picked":["Berserk","Disarm","Entrench"],"picked":"SKIP","floor":23},{"not_picked":["Anger","Headbutt+1","Havoc"],"picked":"SKIP","floor":25},{"not_picked":["Perfected Strike","Shrug It Off"],"picked":"Cleave","floor":28},{"not_picked":["Havoc","Headbutt"],"picked":"Cleave","floor":30},{"not_picked":["Dark Embrace","Infernal Blade","Shockwave+1"],"picked":"SKIP","floor":31}],"player_experience":520452,"relics_obtained":[{"floor":7,"key":"Odd Mushroom"},{"floor":8,"key":"Smiling Mask"},{"floor":9,"key":"MealTicket"},{"floor":23,"key":"Dead Branch"},{"floor":26,"key":"Matryoshka"}],"event_choices":[{"cards_removed":["Strike_R"],"damage_healed":0,"gold_gain":0,"player_choice":"Card Removal","damage_taken":0,"max_hp_gain":0,"max_hp_loss":0,"event_name":"The Cleric","floor":3,"gold_loss":50},{"cards_removed":["Strike_R"],"damage_healed":0,"gold_gain":0,"player_choice":"Forget","damage_taken":0,"max_hp_gain":0,"max_hp_loss":0,"event_name":"Living Wall","floor":4,"gold_loss":0},{"damage_healed":0,"gold_gain":0,"player_choice":"Fought Mushrooms","damage_taken":0,"max_hp_gain":0,"max_hp_loss":0,"event_name":"Mushrooms","floor":7,"gold_loss":0},{"cards_removed":["Defend_R"],"damage_healed":0,"gold_gain":0,"player_choice":"Offered Basic","damage_taken":0,"max_hp_gain":0,"max_hp_loss":0,"event_name":"Bonfire Elementals","floor":21,"gold_loss":0},{"damage_healed":0,"gold_gain":0,"player_choice":"Became a vampire (Vial)","damage_taken":0,"max_hp_gain":0,"max_hp_loss":0,"event_name":"Vampires","floor":29,"relics_lost":["Blood Vial"],"gold_loss":0,"cards_obtained":["Bite","Bite","Bite","Bite","Bite"]}],"is_beta":false,"boss_relics":[{"not_picked":["Mark of Pain","Runic Pyramid"],"picked":"Tiny House"}],"items_purged_floors":[12,20],"is_endless":false,"potions_floor_spawned":[1,5,10,14,19,23,28,30],"killed_by":"Collector","ascension_level":0}}