{"host":"4sgoj70bvr8ov3jh","time":1609203649,"event":{"mods":["2.2 Compatiblity","AchievementEnabler","BaseMod","Chen","GifTheSpireLib","Hero for Fun","Marisa????????","Minty Spire (QoL Compilation)","Permanent Neow","Remilia_Scarlet Moed?????·?????3.3.5","StSLib","The Alterego","The Servant 0.9.4"],"gold_per_floor":[10,28,38,38,56,89,10,10,10,85,96,113,113,133,133,237,287,268,193,193,193,245,245,257,257,257,268,281,281,281,315,315,419,419,419,419],"floor_reached":35,"playtime":2208,"items_purged":[],"score":398,"play_id":"b56a0c88-5303-4320-972a-af8d6f248aab","local_time":"20201228170049","is_ascension_mode":true,"campfire_choices":[{"floor":8,"key":"REST"},{"floor":15,"key":"REST"},{"data":"Venomology","floor":23,"key":"SMITH"},{"data":"Terror","floor":25,"key":"SMITH"},{"floor":30,"key":"REST"},{"floor":32,"key":"REST"}],"circlet_count":0,"master_deck":["Survivor","Neutralize","Dodge and Roll","Outmaneuver","Cloak And Dagger+1","Outmaneuver","Quick Slash","Distraction+1","After Image","Infinite Blades","Endless Agony","Sucker Punch","Infinite Blades","Venomology+1","Blade Dance","Terror+1","Backstab","Outmaneuver","Burst","Distraction","Slice","Night Terror","Slice","Grand Finale","Infinite Blades","Skewer","Quick Slash","Setup","Acrobatics"],"relics":["Ring of the Snake","Eternal Feather","Bottled Lightning","Boot","Tiny House","Enchiridion","Orichalcum","MealTicket","Anchor","Pandora\u0027s Box"],"acts_visited":["Exordium","TheCity","TheBeyond"],"potions_floor_usage":[6,12,16,18,18,24,27,28,29,33,33],"damage_taken":[{"damage":2,"enemies":"Cultist","floor":1,"turns":7},{"damage":0,"enemies":"Small Slimes","floor":2,"turns":6},{"damage":0,"enemies":"2 Louse","floor":3,"turns":5},{"damage":3,"enemies":"Red Slaver","floor":5,"turns":7},{"damage":40,"enemies":"3 Sentries","floor":6,"turns":17},{"damage":0,"enemies":"3 Louse","floor":11,"turns":6},{"damage":5,"enemies":"Exordium Wildlife","floor":12,"turns":4},{"damage":0,"enemies":"Looter","floor":14,"turns":5},{"damage":35,"enemies":"Slime Boss","floor":16,"turns":14},{"damage":15,"enemies":"2 Thieves","floor":18,"turns":4},{"damage":10,"enemies":"Chosen","floor":24,"turns":5},{"damage":12,"enemies":"Snake Plant","floor":27,"turns":5},{"damage":32,"enemies":"Shelled Parasite and Fungi","floor":28,"turns":6},{"damage":6,"enemies":"3 Cultists","floor":29,"turns":3},{"damage":60,"enemies":"Gremlin Leader","floor":31,"turns":12},{"damage":35,"enemies":"Collector","floor":33,"turns":25}],"seed_played":"-1669873705325408098","potions_obtained":[{"floor":1,"key":"Fire Potion"},{"floor":5,"key":"BlessingOfTheForge"},{"floor":11,"key":"Explosive Potion"},{"floor":16,"key":"Strength Potion"},{"floor":17,"key":"DuplicationPotion"},{"floor":18,"key":"PowerPotion"}],"is_trial":false,"path_per_floor":["M","M","M","T","M","E","$","R","T","?","M","M","?","M","R","B",null,"M","?","?","?","T","R","M","R","T","M","M","M","R","E","R","B",null,"M"],"character_chosen":"THE_SILENT","items_purchased":["Infinite Blades"],"campfire_rested":4,"item_purchase_floors":[7],"current_hp_per_floor":[68,68,68,68,65,25,25,55,55,44,44,39,39,39,70,35,75,60,60,60,44,44,56,46,61,61,49,17,11,48,22,59,24,75,0,0],"gold":419,"neow_bonus":"TRANSFORM_TWO_CARDS","is_daily":false,"chose_seed":false,"campfire_upgraded":2,"win_rate":0.0,"timestamp":1609203649,"path_taken":["M","M","M","?","M","E","$","R","T","?","M","M","?","?","R","BOSS","M","?","?","?","?","R","M","R","T","M","M","M","R","E","R","BOSS","M"],"items_purchased_type":["Card"],"build_version":"2020-12-22","purchased_purges":0,"victory":false,"max_hp_per_floor":[70,70,70,70,70,70,70,70,70,70,70,70,70,70,70,70,75,75,75,75,75,75,75,75,75,75,75,75,75,75,75,75,75,75,75,75],"card_choices":[{"not_picked":["Well Laid Plans","Underhanded Strike"],"picked":"Cloak And Dagger","floor":1},{"not_picked":["Deflect","Deadly Poison"],"picked":"Outmaneuver","floor":2},{"not_picked":["Acrobatics","Sucker Punch"],"picked":"Quick Slash","floor":3},{"not_picked":["Deadly Poison","Slice"],"picked":"Distraction","floor":5},{"not_picked":["Poisoned Stab","Slice"],"picked":"After Image","floor":6},{"not_picked":["Slice","Dodge and Roll"],"picked":"Endless Agony","floor":11},{"not_picked":["Outmaneuver","Dodge and Roll"],"picked":"Sucker Punch","floor":12},{"not_picked":["Well Laid Plans","Flying Knee"],"picked":"Infinite Blades","floor":14},{"not_picked":["Malaise","Die Die Die"],"picked":"Venomology","floor":16},{"not_picked":["Bane","PiercingWail"],"picked":"Blade Dance","floor":17},{"not_picked":["Skewer","Prepared"],"picked":"Terror","floor":18},{"not_picked":["Deflect","Quick Slash"],"picked":"Outmaneuver","floor":24},{"not_picked":["Blade Dance","Reflex"],"picked":"Burst","floor":27},{"not_picked":["Sucker Punch","Flying Knee"],"picked":"Distraction","floor":28},{"not_picked":["Choke","Bouncing Flask+1"],"picked":"Slice","floor":31},{"not_picked":["Burst","Tools of the Trade"],"picked":"Night Terror","floor":33}],"player_experience":170945,"relics_obtained":[{"floor":4,"key":"Eternal Feather"},{"floor":6,"key":"Bottled Lightning"},{"floor":9,"key":"Boot"},{"floor":21,"key":"Enchiridion"},{"floor":22,"key":"Orichalcum"},{"floor":26,"key":"MealTicket"},{"floor":31,"key":"Anchor"}],"event_choices":[{"damage_healed":0,"gold_gain":75,"player_choice":"Gather Gold","damage_taken":11,"max_hp_gain":0,"max_hp_loss":0,"event_name":"World of Goop","floor":10,"gold_loss":0},{"damage_healed":0,"gold_gain":0,"player_choice":"Upgraded","damage_taken":0,"max_hp_gain":0,"max_hp_loss":0,"event_name":"Upgrade Shrine","floor":13,"gold_loss":0,"cards_upgraded":["Distraction"]},{"cards_removed":["Strike_G"],"damage_healed":0,"gold_gain":0,"player_choice":"Gave Gold","damage_taken":0,"max_hp_gain":0,"max_hp_loss":0,"event_name":"Beggar","floor":19,"gold_loss":75},{"damage_healed":0,"gold_gain":0,"player_choice":"Read","damage_taken":0,"max_hp_gain":0,"max_hp_loss":0,"event_name":"The Library","floor":20,"gold_loss":0,"cards_obtained":["Backstab"]},{"damage_healed":0,"gold_gain":0,"player_choice":"Obtained Book","damage_taken":16,"max_hp_gain":0,"max_hp_loss":0,"event_name":"Cursed Tome","floor":21,"gold_loss":0}],"is_beta":false,"boss_relics":[{"not_picked":["Velvet Choker","Philosopher\u0027s Stone"],"picked":"Tiny House"},{"not_picked":["Empty Cage","Coffee Dripper"],"picked":"Pandora\u0027s Box"}],"items_purged_floors":[],"is_endless":false,"potions_floor_spawned":[1,5,11,16,18,29],"killed_by":"3 Shapes","ascension_level":1}}