{"host":"jqbwv9vyd5ud9wcv","time":1609225597,"event":{"mods":["BaseMod","Hermit","Minty Spire (QoL Compilation)","StSLib","The Hierophant","The Runesmith"],"gold_per_floor":[115,390,86,102,120,147,147,147,172,192,36,36,36,50,50,146,146,160,179,179,104,116,116,0,0,0,0,0,0,35,35,35],"floor_reached":31,"playtime":1637,"items_purged":[],"score":253,"play_id":"0f7acc4e-d459-4c64-a8c7-dc375f151ef7","local_time":"20201229020637","is_ascension_mode":false,"campfire_choices":[{"floor":8,"key":"REST"},{"floor":12,"key":"REST"},{"data":"Runesmith:ChaoticBlast","floor":15,"key":"SMITH"},{"floor":23,"key":"REST"},{"floor":25,"key":"REST"},{"data":"Runesmith:GoWithTheFlow","floor":27,"key":"SMITH"}],"circlet_count":0,"master_deck":["Runesmith:Strike_RS","Runesmith:Strike_RS","Runesmith:Strike_RS","Runesmith:Defend_RS","Runesmith:Defend_RS","Runesmith:Defend_RS","Runesmith:Defend_RS","Runesmith:CraftFirestone","Runesmith:Fortify","Runesmith:OneForEveryone","Runesmith:BackupBattery","Runesmith:HeatExchange","Runesmith:HammerThrow","Runesmith:ShiftingStrike","Runesmith:ChaoticBlast+1","Runesmith:EarthShield","Runesmith:LightningRod","Runesmith:MakeshiftArmor+1","Runesmith:Grindstone","Runesmith:GoWithTheFlow+1","Runesmith:UnstableHammer"],"relics":["Runesmith:CoreCrystal","NeowsBlessing","Shuriken","Juzu Bracelet","Regal Pillow","Vajra","Letter Opener","Nunchaku"],"acts_visited":["Exordium","TheCity"],"potions_floor_usage":[6,7],"damage_taken":[{"damage":0,"enemies":"2 Louse","floor":1,"turns":1},{"damage":0,"enemies":"Cultist","floor":4,"turns":1},{"damage":0,"enemies":"Jaw Worm","floor":5,"turns":1},{"damage":31,"enemies":"Lagavulin","floor":6,"turns":7},{"damage":18,"enemies":"Gremlin Gang","floor":7,"turns":3},{"damage":6,"enemies":"Large Slime","floor":10,"turns":4},{"damage":0,"enemies":"2 Fungi Beasts","floor":14,"turns":1},{"damage":32,"enemies":"Slime Boss","floor":16,"turns":11},{"damage":41,"enemies":"Spheric Guardian","floor":18,"turns":6},{"damage":24,"enemies":"Shell Parasite","floor":19,"turns":12},{"damage":21,"enemies":"Shelled Parasite and Fungi","floor":22,"turns":22},{"damage":68,"enemies":"Slavers","floor":30,"turns":8},{"damage":2,"enemies":"Centurion and Healer","floor":31,"turns":1}],"seed_played":"7489678723520020859","potions_obtained":[{"floor":4,"key":"SmokeBomb"},{"floor":5,"key":"Weak Potion"},{"floor":30,"key":"BlessingOfTheForge"}],"is_trial":false,"path_per_floor":["M","?","$","M","M","E","M","R","T","M","$","R","?","M","R","B",null,"M","M","?","?","M","R","?","R","T","R","$","?","E","M"],"character_chosen":"RUNESMITH_CLASS","items_purchased":["Shuriken","Runesmith:BackupBattery","Vajra"],"campfire_rested":4,"item_purchase_floors":[3,3,11],"current_hp_per_floor":[70,70,70,70,70,39,21,42,42,36,36,70,70,70,70,38,70,29,5,28,28,7,43,43,70,70,70,70,70,2,0,0],"gold":35,"neow_bonus":"THREE_ENEMY_KILL","is_daily":false,"chose_seed":false,"campfire_upgraded":2,"win_rate":0.0,"timestamp":1609225597,"path_taken":["M","?","$","M","?","E","M","R","T","M","$","R","?","M","R","BOSS","M","M","?","?","M","R","?","R","T","R","?","?","E","M"],"items_purchased_type":["Relic","Card","Relic"],"build_version":"2020-12-22","purchased_purges":0,"victory":false,"max_hp_per_floor":[70,70,70,70,70,70,70,70,70,70,70,70,70,70,70,70,70,70,70,70,70,70,70,70,70,70,70,70,70,70,70,70],"card_choices":[{"not_picked":["Runesmith:Repurpose","Runesmith:ChiselStab"],"picked":"Runesmith:OneForEveryone","floor":1},{"not_picked":["Runesmith:Prism","Runesmith:LithiumIon"],"picked":"Runesmith:HeatExchange","floor":4},{"not_picked":["Runesmith:StaticCage","Runesmith:ShiftingStrike"],"picked":"Runesmith:HammerThrow","floor":5},{"not_picked":["Runesmith:HammerThrow","Runesmith:PoweredAnvil"],"picked":"Runesmith:ShiftingStrike","floor":6},{"not_picked":["Runesmith:WhiteBalance","Runesmith:HammerThrow"],"picked":"Runesmith:ChaoticBlast","floor":10},{"not_picked":["Runesmith:HeatExchange","Runesmith:Grindstone"],"picked":"Runesmith:EarthShield","floor":14},{"not_picked":["Runesmith:Supernova","Runesmith:GenerateForcefield"],"picked":"Runesmith:LightningRod","floor":16},{"not_picked":["Runesmith:WhiteBalance","Runesmith:ShiftingStrike"],"picked":"Runesmith:MakeshiftArmor+1","floor":18},{"not_picked":["Runesmith:Malloc+1","Runesmith:Overpower"],"picked":"Runesmith:Grindstone","floor":19},{"not_picked":["Runesmith:ChiselStab","Runesmith:EarthShield"],"picked":"Runesmith:GoWithTheFlow","floor":22},{"not_picked":["Runesmith:ShiftingStrike+1","Runesmith:MakeshiftArmor"],"picked":"Runesmith:UnstableHammer","floor":30}],"player_experience":6713,"relics_obtained":[{"floor":6,"key":"Juzu Bracelet"},{"floor":9,"key":"Regal Pillow"},{"floor":26,"key":"Letter Opener"},{"floor":30,"key":"Nunchaku"}],"event_choices":[{"damage_healed":0,"gold_gain":275,"player_choice":"Desecrate","damage_taken":0,"max_hp_gain":0,"max_hp_loss":0,"event_name":"Golden Shrine","floor":2,"gold_loss":0,"cards_obtained":["Regret"]},{"cards_removed":["Regret"],"damage_healed":0,"gold_gain":0,"player_choice":"Purged","damage_taken":0,"max_hp_gain":0,"max_hp_loss":0,"event_name":"Purifier","floor":13,"gold_loss":0},{"damage_healed":23,"gold_gain":0,"player_choice":"Heal","damage_taken":0,"max_hp_gain":0,"max_hp_loss":0,"event_name":"The Library","floor":20,"gold_loss":0},{"cards_removed":["Runesmith:Strike_RS"],"damage_healed":0,"gold_gain":0,"player_choice":"Gave Gold","damage_taken":0,"max_hp_gain":0,"max_hp_loss":0,"event_name":"Beggar","floor":21,"gold_loss":75},{"damage_healed":0,"gold_gain":0,"player_choice":"Paid Fearfully","damage_taken":0,"max_hp_gain":0,"max_hp_loss":0,"event_name":"Masked Bandits","floor":24,"gold_loss":116},{"damage_healed":0,"gold_gain":0,"player_choice":"Ignored","damage_taken":0,"max_hp_gain":0,"max_hp_loss":0,"event_name":"Vampires","floor":29,"gold_loss":0}],"is_beta":false,"boss_relics":[{"not_picked":["Runic Pyramid","Runesmith:UraniumAnvil"],"picked":"Runesmith:CoreCrystal"}],"items_purged_floors":[],"is_endless":false,"potions_floor_spawned":[4,5,30],"killed_by":"Centurion and Healer","ascension_level":0}}