{"host":"iy58fyt9wsbv4cf1","time":1609217701,"event":{"mods":["BaseMod","Better Altar","Better Match","Better Skull","Better Third Choice","BetterRewards","Conspire","Custom Start","Defuse TimeMaze Blight","Hubris","Infinite Spire","Minty Spire (QoL Compilation)","Permanent Neow","Quick Restart","Spicy Shops","StSLib","Thieving Mod"],"gold_per_floor":[117,6,25,43,59,70,104,104,127,127,302,302,302,107,107,210,210,223,223,223,223,223,223,42,42,42,57,57,82,92,525,525,621,621,637,648,664,674,693,719,729,748,799,699,709,739,739,751,751,751,751,751,50,84,84],"floor_reached":56,"playtime":1302,"items_purged":["Strike_B","Strike_B","Reprogram+1","Defend_B"],"score":1349,"play_id":"79ba68a1-492e-468f-b020-915b2582d2c4","local_time":"20201228235501","is_ascension_mode":false,"campfire_choices":[{"data":"Storm","floor":13,"key":"SMITH"},{"floor":15,"key":"REST"},{"data":"Storm","floor":23,"key":"SMITH"},{"data":"Defragment","floor":25,"key":"SMITH"},{"floor":28,"key":"RECALL"},{"floor":32,"key":"REST"},{"data":"Thunder Strike","floor":49,"key":"SMITH"},{"data":"Creative AI","floor":52,"key":"SMITH"}],"circlet_count":0,"master_deck":["Defend_B","Zap","Dualcast","Storm+1","Loop","Defragment+1","Thunder Strike+1","Storm+1","Auto Shields","Electrodynamics","Force Field","Creative AI+1","Creative AI","Melter+1","Capacitor","Conserve Battery+1","Electrodynamics","Steam+1","Amplify","Apotheosis"],"relics":["Cracked Core","Whetstone","hubris:BallOfYels","Anchor","Membership Card","DataDisk","hubris:OldNail","infinitespire:PuzzleCube","hubris:Towel","TungstenRod","conspire:SpecialSausage","hubris:Icosahedron","Astrolabe","Enchiridion","infinitespire:Freezer","The Courier","hubris:SlimyHat","Coffee Dripper","hubris:TinFlute","hubris:ToyBattleship","hubris:SphereOfDissonance","infinitespire:Satchel","Gambling Chip","TheAbacus","Strawberry","Orrery","Lantern","infinitespire:Beetle Shell","infinitespire:ShieldingShard","infinitespire:Joker Card"],"acts_visited":[],"potions_floor_usage":[7,55,55],"damage_taken":[{"damage":0,"enemies":"Small Slimes","floor":1,"turns":2},{"damage":0,"enemies":"2 Louse","floor":3,"turns":1},{"damage":1,"enemies":"Jaw Worm","floor":4,"turns":2},{"damage":9,"enemies":"Gremlin Gang","floor":5,"turns":3},{"damage":2,"enemies":"Blue Slaver","floor":6,"turns":3},{"damage":0,"enemies":"Gremlin Nob","floor":7,"turns":2},{"damage":0,"enemies":"Slime Boss","floor":16,"turns":3},{"damage":0,"enemies":"conspire:FuzzyDice","floor":18,"turns":2},{"damage":0,"enemies":"2 Thieves","floor":27,"turns":2},{"damage":8,"enemies":"Slavers","floor":29,"turns":2},{"damage":0,"enemies":"Shelled Parasite and Fungi","floor":30,"turns":1},{"damage":18,"enemies":"Collector","floor":33,"turns":3},{"damage":0,"enemies":"3 Shapes","floor":35,"turns":1},{"damage":0,"enemies":"Orb Walker","floor":36,"turns":2},{"damage":0,"enemies":"Sphere and 2 Shapes","floor":37,"turns":1},{"damage":0,"enemies":"Spire Growth","floor":38,"turns":2},{"damage":0,"enemies":"4 Shapes","floor":39,"turns":2},{"damage":21,"enemies":"Reptomancer","floor":40,"turns":3},{"damage":4,"enemies":"Maw","floor":41,"turns":3},{"damage":0,"enemies":"3 Darklings","floor":42,"turns":3},{"damage":0,"enemies":"Transient","floor":45,"turns":5},{"damage":0,"enemies":"conspire:MimicChest","floor":46,"turns":2},{"damage":7,"enemies":"Maw","floor":48,"turns":3},{"damage":12,"enemies":"Time Eater","floor":50,"turns":3},{"damage":0,"enemies":"Shield and Spear","floor":54,"turns":2},{"damage":16,"enemies":"The Heart","floor":55,"turns":3}],"seed_played":"7479664069344376408","potions_obtained":[{"floor":3,"key":"Explosive Potion"},{"floor":4,"key":"AttackPotion"},{"floor":6,"key":"Strength Potion"},{"floor":7,"key":"SkillPotion"},{"floor":38,"key":"DuplicationPotion"}],"is_trial":false,"path_per_floor":["M","$","M","M","M","M","E","?","T","?","?","?","R","$","R","B",null,"M","?","AVR","?","?","R","$","R","T","M","R","E","M","?","R","B",null,"M","M","M","M","M","E","M","M","T","NS","M","?","AVR","M","R","B",null,"R","$","E","B",null],"character_chosen":"DEFECT","items_purchased":["Storm","Whetstone","hubris:BallOfYels","Loop","Defragment","Thunder Strike","Anchor","DataDisk","Creative AI","TungstenRod","Capacitor","infinitespire:Freezer","hubris:SphereOfDissonance","infinitespire:Satchel","Gambling Chip","TheAbacus","Strawberry","Orrery","Lantern","infinitespire:Beetle Shell","infinitespire:ShieldingShard","Apotheosis"],"campfire_rested":2,"item_purchase_floors":[0,0,0,0,0,0,0,2,14,14,24,24,53,53,53,53,53,53,53,53,53,53],"current_hp_per_floor":[40,40,40,39,30,28,28,28,28,28,28,28,28,28,50,50,75,75,75,75,75,63,63,63,63,63,63,63,55,55,29,51,33,75,75,75,75,75,75,54,50,50,50,50,50,50,50,43,43,31,75,75,82,82,66],"gold":84,"neow_bonus":"","is_daily":false,"chose_seed":false,"campfire_upgraded":5,"win_rate":0.0,"timestamp":1609217701,"path_taken":["M","$","M","M","M","M","E","?","T","?","?","?","R","$","R","BOSS","M","?","AVR","?","?","R","$","R","T","?","R","E","?","?","R","BOSS","M","M","M","M","M","E","M","?","T","NS","M","?","AVR","M","R","BOSS","R","$","E","BOSS"],"items_purchased_type":["Card","Relic","Relic","Card","Card","Card","Relic","Relic","Card","Relic","Card","Relic","Relic","Relic","Relic","Relic","Relic","Relic","Relic","Relic","Relic","Card"],"build_version":"2020-12-22","purchased_purges":4,"victory":true,"max_hp_per_floor":[75,75,75,75,75,75,75,75,75,75,75,75,75,75,75,75,75,75,75,75,75,75,75,75,75,75,75,75,75,75,75,75,75,75,75,75,75,75,75,75,75,75,75,75,75,75,75,75,75,75,75,75,82,82,82],"card_choices":[{"not_picked":["Barrage","Go for the Eyes"],"picked":"Storm","floor":1},{"not_picked":["Tempest","Stack","Rip and Tear"],"picked":"SKIP","floor":3},{"not_picked":["Reinforced Body","FTL","Rebound"],"picked":"SKIP","floor":4},{"not_picked":["Beam Cell","Stack"],"picked":"Auto Shields","floor":5},{"not_picked":["Chill","Barrage"],"picked":"Electrodynamics","floor":6},{"not_picked":["Recycle","Leap"],"picked":"Force Field","floor":7},{"not_picked":["Buffer","Reboot"],"picked":"Creative AI","floor":16},{"not_picked":["Hello World","Rebound","Stack+1"],"picked":"SKIP","floor":18},{"not_picked":["Consume","Double Energy","Rip and Tear"],"picked":"SKIP","floor":27},{"not_picked":["Sunder","Genetic Algorithm"],"picked":"Conserve Battery+1","floor":29},{"not_picked":["Sweeping Beam","Ball Lightning","Rebound+1"],"picked":"SKIP","floor":30},{"not_picked":["Machine Learning","Seek"],"picked":"Electrodynamics","floor":33},{"not_picked":["Coolheaded","Scrape+1","Redo"],"picked":"SKIP","floor":35},{"not_picked":["Chaos","Fusion+1","Go for the Eyes"],"picked":"SKIP","floor":36},{"not_picked":["Undo+1","Redo+1","Self Repair+1"],"picked":"SKIP","floor":37},{"not_picked":["Cold Snap","Capacitor+1","Blizzard"],"picked":"SKIP","floor":38},{"not_picked":["Beam Cell","Double Energy+1","Rip and Tear"],"picked":"SKIP","floor":39},{"not_picked":["Leap+1","Meteor Strike","Beam Cell+1"],"picked":"SKIP","floor":40},{"not_picked":["Sweeping Beam+1","Rebound+1","Go for the Eyes+1"],"picked":"SKIP","floor":41},{"not_picked":["Leap","Coolheaded","Gash+1"],"picked":"SKIP","floor":42},{"not_picked":["Tempest","Stack"],"picked":"Steam+1","floor":45},{"not_picked":["Beam Cell+1","Chaos","Streamline+1"],"picked":"SKIP","floor":48},{"not_picked":["Doom and Gloom","Go for the Eyes+1"],"picked":"Amplify","floor":53},{"not_picked":["Sweeping Beam+1","Cold Snap","conspire:Rain"],"picked":"SKIP","floor":54}],"player_experience":37786,"relics_obtained":[{"floor":7,"key":"hubris:OldNail"},{"floor":9,"key":"infinitespire:PuzzleCube"},{"floor":22,"key":"Enchiridion"},{"floor":26,"key":"The Courier"},{"floor":29,"key":"hubris:SlimyHat"},{"floor":40,"key":"hubris:TinFlute"},{"floor":46,"key":"hubris:ToyBattleship"},{"floor":54,"key":"infinitespire:Joker Card"}],"event_choices":[{"damage_healed":0,"gold_gain":175,"player_choice":"AGREE","damage_taken":127,"max_hp_gain":0,"max_hp_loss":0,"event_name":"betterThird:BetterSerpent","floor":11,"gold_loss":0},{"cards_removed":["Doubt"],"damage_healed":0,"gold_gain":0,"player_choice":"Forget","damage_taken":0,"max_hp_gain":0,"max_hp_loss":0,"event_name":"Living Wall","floor":12,"gold_loss":0},{"damage_healed":0,"gold_gain":0,"player_choice":"Leave","damage_taken":0,"max_hp_gain":0,"max_hp_loss":0,"event_name":"conspire:Investor","floor":21,"gold_loss":0},{"damage_healed":0,"gold_gain":0,"player_choice":"Obtained Book","damage_taken":16,"max_hp_gain":0,"max_hp_loss":0,"event_name":"Cursed Tome","floor":22,"gold_loss":0},{"damage_healed":0,"gold_gain":433,"player_choice":"GO GO GO GO ","damage_taken":35,"relics_obtained":[],"max_hp_gain":0,"max_hp_loss":0,"event_name":"betterSkull:BetterSkull","floor":31,"gold_loss":0,"cards_upgraded":[]}],"is_beta":false,"boss_relics":[{"not_picked":["Cursed Key","Nuclear Battery"],"picked":"conspire:SpecialSausage"},{"not_picked":["Runic Pyramid","Pandora\u0027s Box"],"picked":"Coffee Dripper"}],"items_purged_floors":[2,14,24,47],"is_endless":false,"potions_floor_spawned":[3,4,6,7,18,29,38,39,42,45,54],"ascension_level":0}}