{"host":"lmmgqfiugkm2e64w","time":1609207156,"event":{"mods":["Aspiration","BaseMod","BetterRewards","Challenge The Spire","Conspire","Downfall","Easy Mod","Fortune Teller","Marisa（F雨　魔理沙）","Minty Spire (QoL Compilation)","MostiFishMod","Quick Restart","Replay The Spire","Shop Mod","StSLib","TestMod","The Servant 0.9.4","Youmu（魂魄妖梦）","[IsaacMod]以撒尖塔","[功能]功能增强和修复MOD","vexMod","【遗物卡牌】REMEMod","篝火指南"],"gold_per_floor":[117,185,85,1000085,85,85,85,105,105,163,163,163,1,24,4,147,147,164,1000164,139,139,1000139,247,54,84,84,84,417,1000417,-948,-948,-659,-557,-557,-539,1000139,-489,-489,-349,89,114,114,137,259,1000451,259,259,293,463,467,672,672,281,1000548,313,1000757,313,1000313,347,361],"floor_reached":56,"playtime":7467,"items_purged":["Replay:Hysterical Blindness","Amnesia","CommonCold","HalloweenModGhostCostume+1"],"score":2097,"play_id":"9790e474-8d7e-4a00-9114-2edce58f9c4b","local_time":"20201229095915","is_ascension_mode":false,"campfire_choices":[{"floor":6.0,"key":"RECALL"},{"data":"1","floor":52,"key":"LIFT"}],"circlet_count":2,"master_deck":["EasyMod:card_1","fortuneTeller:Defend","fortuneTeller:Defend","fortuneTeller:CrutchDivine","fortuneTeller:MoneyShoot+1","Corruption+1","fortuneTeller:BustShoot+1","conspire:Banana+1","REME_FirmDetermination+1","Master of Strategy","Panacea","Dramatic Entrance+1","Mayhem+1","HalloweenModTrick+1","HalloweenModCandy+1","Ghostly+1","ReplayTheSpireMod:Brewmster+1","HalloweenModGhostCostume+1","HalloweenModGhostCostume+1","HalloweenModGhostCostume+1","HalloweenModTrick+2","fortuneTeller:NightWatchmanRecruit+1","StarChef+1","testmod-ChaoticCore+1","testmod-Mystery+1","testmod-Mystery+1","testmod-BackupPower+1","HalloweenModCandy+1","HalloweenModTrick+1","Specialist+1","HalloweenModGhostCostume+1","BestPractice+1","KillingDoll+1","fortuneTeller:SoulForm+1","SilverBlades+1","fortuneTeller:BreakShoot+1","Enlightenment+1","WasteNot+1","fortuneTeller:MovingHunger+1","Revamp+1","Revamp+1","MostiFishMod:JungleRules+1","REME_MawOfCthun+1","TimeWarp+1","testmod-Mystery+1","MostiFishMod:OneDayCity+1","Madness+1","Madness+1","FlawlessForm+1","expansioncontent:ChargeUp+1","fortuneTeller:CeremonyDivine+1","expansioncontent:DefensiveStance+1","expansioncontent:StudyTheSpire+1","REME_PuzzleBox+1"],"relics":["fortuneTeller:FortuneRelic","HushsDoor","testmod-TestBox","DaveBox","REME_ComplimentaryCards","Nloth\u0027s Gift","HalloweenModHalloween","Blue Candle","BFFS","MerchantsRug","Quantum Egg","testmod-AssaultLearning","HandDrill","testmod-BouquetWithThorns","Molten Egg 2","Incense Burner","conspire:InfiniteJournal","SteamSale","testmod-Laevatain","vexMod:CardConverter","testmod-Brilliant","WingedGreaves","testmod-Muramasa","vexMod:Cooldron","Membership Card","EasyMod:Hard_0","conspire:DeflatedDodgeball","Girya","EdensBlessing","Habit","vexMod:BarristanHead","Toolbox","Centennial Puzzle","Durian","Ice Cream","YumHeart","Gremlin Horn","Bag of Marbles","Sling","Lizard Tail","testmod-ThousandKnives","conspire:TreasureMap","EasyMod:Easy_4","DianDianMeat","testmod-Nyarlathotep","aspiration:ChemicalBlood","Dead Branch","testmod-ObsoleteBoomerang","ReplayTheSpireMod:Ninjato","ClockworkSouvenir","testmod-CrystalShield","EasyMod:Easy_6","Chemical X","DeathBook","vexMod:RetaliationKit","aspiration:AnachronicSnailShell","Replay:Bandana","Medical Kit","testmod-TheFather","Potion Belt","REME_HourglassOfDeath","Chaos","Frozen Egg 2","testmod-LifeArmor","conspire:RoyalGoblet","testmod-InjuryResistance","Nunchaku","testmod-Prudence","ReplayTheSpireMod:ShopPack","Thread and Needle","REME_HourglassOfDeath","Philosopher\u0027s Stone","MoneyPower","vexMod:InvisibilityCloak","aspiration:RitualDagger","SatanicBible","aspiration:ServantSkillbook","Geode","REME_DuelDisc","Blood Vial","testmod-Nine","Iron Hammer","Replay:Drink Me","Replay:Mystery Machine","Simple Rune","Lantern","fortuneTeller:TravelNotes","testmod-ArcanaOfDestiny","Replay:Ringing Soul","D6","Incubus","TheBible","testmod-NegativeEmotionEnhancer","Tiny Chest","testmod-Acrobat","vexMod:CursedCompass","Lantern","Toxic Egg 2","vexMod:GhostlyGear","Replay:WaspNest","Bottled Tornado","DaCapo","Question Card","testmod-Faith","Bird Faced Urn","Darkstone Periapt","testmod-OneHitWonder","The Courier","SynthV:C4","Oddly Smooth Stone","Boot","ChiXiaoBlade","ReplayTheSpireMod:TigerMarble","FossilizedHelix","REME_LimitBreaker","SlaversCollar","JudasShadow","testmod-ConstraintPeriapt","Matryoshka","ImportantClient","Bottled Lightning","GuppysHairball","GuppysCollar","vexMod:ConsolationPrize","testmod-Justice","Whetstone","REME_CardOfGreed","fortuneTeller:RituaSilverDaggerRelic","testmod-IntensifyImprint","Kunai","aspiration:FetidBarrel","OrangePellets","TakeMeEscape","RhineSuit","BrkXgEgg","TheBible","testmod-SaigiyounoYou","GnawedLeaf","CombinedTypeHook","testmod-TurbochargingSystem","Akabeko","Cauldron","Ornamental Fan","ReplayFunnel","vexMod:ScavengeHelm","Du-Vu Doll","HaiYi:Twilight","fortuneTeller:DiaryOfEmperorRoselleRelic","Onion Ring","EasyMod:Easy_5","DeadEye","TheBattery","testmod-EqualTreatment","vexMod:PaidLearning","aspiration:SeaSaltIceCream","DaveBox","CaptainsWheel","aspiration:StickyExplosives","Dodecahedron","Succubus","Letter Opener","Turnip","Black Star","aspiration:ChemicalBlood","DianPoetry","FeatherPendant","EasyMod:Easy_2","testmod-Justice","conspire:TopHat","vexMod:RedPlottingStone","EasyMod:Easy_0","GnawedLeaf","testmod-Antiphasic","vexMod:BarristanHead","conspire:Dentures","Mirror","SynthV:MejaisSoulstealer","Omamori","Orrery","TimeFreeze","Art of War","White Beast Statue","Strange Spoon","vexMod:Dragonfruit","TungstenRod","vexMod:FocusSash","EasyMod:Easy_7","conspire:BottledYoYo","InkBottle","Replay:Bottled Flurry","testmod-Alchemist","vexMod:TanglingVine","Question Card","Astrolabe","Calipers","Regal Pillow","testmod-Déjàvu","ChampionBelt","HornCleat","Question Card","Juzu Bracelet","Coffee Dripper","vexMod:GildedClover","HowToJump","Pondfish Scales","Garlic","Shuriken","fortuneTeller:EarthRingRelic","MetatronsCube","EasyMod:Easy_8","Mummified Hand","TheAbacus","Replay:Bottled Steam","SharpPlug","NineLifeCat","CatCart","EasyMod:Hard_1","BionicSphere","BlankCard","BirthdayGift-Icosahedron","PreservedInsect","Strawberry","Mango","Ring of Chaos","Bronze Scales","StoneCalendar","Blood Vial","aspiration:Lifesprig","Orichalcum","JellyFishMachine","MagicMushroom","ReplayTheSpireMod:Shallot","fortuneTeller:CandleRelic","conspire:GiftBox","Pear","Unceasing Top","Bottled Flame","Gremlin Food","BloodBag","Circlet"],"acts_visited":["TheBeyond","TheEnding"],"potions_floor_usage":[40,40,40,40,40,40,40,40,40,40,40,40,40,40,40,40,40,40,40,40,40,40,40,40,40,44,44,44,44,44,44,45,45,45,45,46,46,46,46,49,49,49,49,49,49,49,53,53,53,53,53,53,53],"damage_taken":[{"damage":2.0,"enemies":"Jaw Worm","floor":1.0,"turns":1.0},{"damage":1.0,"enemies":"Cultist","floor":2.0,"turns":1.0},{"damage":0.0,"enemies":"2 Louse","floor":8.0,"turns":1.0},{"damage":2.0,"enemies":"Gremlin Nob","floor":10.0,"turns":1.0},{"damage":0.0,"enemies":"Looter","floor":14.0,"turns":1.0},{"damage":0.0,"enemies":"Slime Boss","floor":16.0,"turns":1.0},{"damage":0.0,"enemies":"2 Thieves","floor":18.0,"turns":1.0},{"damage":0.0,"enemies":"Slavers","floor":25.0,"turns":1.0},{"damage":0.0,"enemies":"Gremlin Leader","floor":28.0,"turns":1.0},{"damage":0.0,"enemies":"Slavers","floor":30.0,"turns":1.0},{"damage":0.0,"enemies":"Collector","floor":33.0,"turns":1.0},{"damage":0.0,"enemies":"Orb Walker","floor":35.0,"turns":1.0},{"damage":0.0,"enemies":"Hiden Room Battle","floor":37.0,"turns":1.0},{"damage":0.0,"enemies":"R_Hoarder","floor":39.0,"turns":1.0},{"damage":0,"enemies":"Orin","floor":44,"turns":2},{"damage":0,"enemies":"Reptomancer","floor":48,"turns":1},{"damage":0,"enemies":"Donu and Deca","floor":50,"turns":1},{"damage":0,"enemies":"conspire:OrnateMirror","floor":51,"turns":1},{"damage":0,"enemies":"Shield and Spear","floor":54,"turns":1},{"damage":0,"enemies":"Delirium","floor":55,"turns":1}],"seed_played":"6919209206905737317","potions_obtained":[{"floor":1.0,"key":"EntropicBrew"},{"floor":2.0,"key":"EntropicBrew"},{"floor":8.0,"key":"EntropicBrew"},{"floor":10.0,"key":"EntropicBrew"},{"floor":14.0,"key":"EntropicBrew"},{"floor":14.0,"key":"EntropicBrew"},{"floor":23.0,"key":"Toxic Potion"},{"floor":23.0,"key":"Death Potion"},{"floor":23.0,"key":"SkillPotion"},{"floor":23.0,"key":"Venom Potion"},{"floor":23.0,"key":"fortuneTeller:DivinePotion"},{"floor":25.0,"key":"EntropicBrew"},{"floor":28.0,"key":"EntropicBrew"},{"floor":28.0,"key":"EntropicBrew"},{"floor":30.0,"key":"EntropicBrew"},{"floor":33.0,"key":"EntropicBrew"},{"floor":33.0,"key":"EntropicBrew"},{"floor":35.0,"key":"EntropicBrew"},{"floor":39.0,"key":"EntropicBrew"},{"floor":39.0,"key":"EntropicBrew"},{"floor":44,"key":"EntropicBrew"},{"floor":48,"key":"EntropicBrew"},{"floor":48,"key":"EntropicBrew"},{"floor":48,"key":"EntropicBrew"},{"floor":54,"key":"EntropicBrew"}],"is_trial":false,"path_per_floor":["M","M","?","$","?","R","T","M","T","E","R","?","R","M","R","B",null,"M","$","?","T","$","R","R","E","T","R","E","$","E","?","R","B",null,"M","$","?","?","M","R","T","R","T","?","$","R","?","E","R","B","B",null,"R","$","R","$","R","$","E","B",null],"character_chosen":"FORTUNE_TELLER","items_purchased":["MerchantsRug","Quantum Egg","testmod-AssaultLearning","HandDrill","Molten Egg 2","fortuneTeller:BustShoot+1","SteamSale","Replay:Wax Seal","vexMod:Cooldron","Membership Card","EasyMod:Hard_0","conspire:DeflatedDodgeball","ForgetMeNow","EdensBlessing","Habit","vexMod:BarristanHead","Toolbox","Centennial Puzzle","Ice Cream","Gremlin Horn","Bag of Marbles","Sling","testmod-ThousandKnives","conspire:TreasureMap","EasyMod:Easy_4","DianDianMeat","Lee\u0027s Waffle","aspiration:ChemicalBlood","ReplayTheSpireMod:Ninjato","ClockworkSouvenir","EasyMod:Easy_6","Chemical X","DeathBook","aspiration:AnachronicSnailShell","Replay:Bandana","Medical Kit","Potion Belt","REME_HourglassOfDeath","Chaos","Frozen Egg 2","testmod-LifeArmor","BookofShadows","conspire:Banana","testmod-InjuryResistance","Nunchaku","testmod-Prudence","Thread and Needle","REME_HourglassOfDeath","Philosopher\u0027s Stone","vexMod:InvisibilityCloak","aspiration:RitualDagger","aspiration:ServantSkillbook","Geode","REME_FirmDetermination+1","Blood Vial","testmod-Nine","Replay:Drink Me","Simple Rune","Lantern","testmod-ArcanaOfDestiny","Replay:Ringing Soul","Incubus","Mayhem+1","TheBible","Tiny Chest","testmod-Acrobat","Toxic Egg 2","vexMod:GhostlyGear","Replay:WaspNest","Bottled Tornado","Bird Faced Urn","Darkstone Periapt","testmod-OneHitWonder","ReplayTheSpireMod:Brewmster+1","ChiXiaoBlade","ReplayTheSpireMod:TigerMarble","FossilizedHelix","REME_LimitBreaker","Gambling Chip","JudasShadow","testmod-ConstraintPeriapt","Matryoshka","GuppysHairball","GuppysCollar","testmod-Justice","Whetstone","REME_CardOfGreed","fortuneTeller:RituaSilverDaggerRelic","testmod-IntensifyImprint","Kunai","aspiration:FetidBarrel","OrangePellets","fortuneTeller:NightWatchmanRecruit+1","StarChef+1","RhineSuit","BrkXgEgg","TheBible","testmod-SaigiyounoYou","GnawedLeaf","testmod-ChaoticCore+1","testmod-Mystery+1","testmod-Mystery+1","testmod-BackupPower+1","CombinedTypeHook","testmod-TurbochargingSystem","Akabeko","Cauldron","Ornamental Fan","ReplayFunnel","vexMod:ScavengeHelm","Du-Vu Doll","HaiYi:Twilight","fortuneTeller:DiaryOfEmperorRoselleRelic","Onion Ring","TheBattery","testmod-EqualTreatment","CaptainsWheel","aspiration:StickyExplosives","Dodecahedron","Succubus","Letter Opener","Turnip","Black Star","aspiration:ChemicalBlood","DianPoetry","FeatherPendant","EasyMod:Easy_2","testmod-Justice","conspire:TopHat","vexMod:RedPlottingStone","EasyMod:Easy_0","GnawedLeaf","testmod-Antiphasic","vexMod:BarristanHead","conspire:Dentures","Specialist+1","Art of War","White Beast Statue","Strange Spoon","vexMod:Dragonfruit","TungstenRod","vexMod:FocusSash","EasyMod:Easy_7","conspire:BottledYoYo","Enlightenment+1","InkBottle","Replay:Bottled Flurry","testmod-Alchemist","vexMod:TanglingVine","Question Card","Astrolabe","Calipers","Regal Pillow","testmod-Déjàvu","EntropicBrew","EntropicBrew","EntropicBrew","EntropicBrew","EntropicBrew","EntropicBrew","EntropicBrew","Revamp+1","EntropicBrew","MostiFishMod:JungleRules+1","vexMod:GildedClover","EntropicBrew","EntropicBrew","EntropicBrew","HowToJump","Pondfish Scales","REME_MawOfCthun+1","Garlic","EntropicBrew","EntropicBrew","Shuriken","EntropicBrew","EntropicBrew","EntropicBrew","EntropicBrew","EntropicBrew","EntropicBrew","EntropicBrew","EntropicBrew","fortuneTeller:EarthRingRelic","TimeWarp+1","EntropicBrew","EntropicBrew","EntropicBrew","MetatronsCube","EntropicBrew","EntropicBrew","EntropicBrew","EasyMod:Easy_8","Mummified Hand","TheAbacus","Replay:Bottled Steam","EntropicBrew","testmod-Mystery+1","EasyMod:Hard_1","BionicSphere","BlankCard","BirthdayGift-Icosahedron","PreservedInsect","Strawberry","Mango","Ring of Chaos","EntropicBrew","EntropicBrew","EntropicBrew","Bronze Scales","EntropicBrew","MostiFishMod:OneDayCity+1","aspiration:Lifesprig","Orichalcum","JellyFishMachine","MagicMushroom","EntropicBrew","EntropicBrew","EntropicBrew","ReplayTheSpireMod:Shallot","fortuneTeller:CandleRelic","conspire:GiftBox","Pear","Unceasing Top","Bottled Flame","Gremlin Food","expansioncontent:ChargeUp+1","EntropicBrew","EntropicBrew","EntropicBrew","EntropicBrew","EntropicBrew","EntropicBrew","fortuneTeller:CeremonyDivine+1","expansioncontent:DefensiveStance+1","expansioncontent:StudyTheSpire+1","EntropicBrew","EntropicBrew","EntropicBrew","EntropicBrew","EntropicBrew","EntropicBrew","REME_PuzzleBox+1","EntropicBrew","EntropicBrew"],"campfire_rested":0,"item_purchase_floors":[0,0,0,0,0,0,0,0,0,0,0,0,0,0,0,0,0,0,0,0,0,0,0,0,0,0,0,0,0,0,0,0,0,0,0,0,0,0,0,0,0,0,0,0,0,0,0,0,0,0,0,0,0,0,0,0,0,0,0,0,0,0,0,0,0,0,0,0,0,0,4,4,4,4,13,13,13,13,13,15,15,15,17,17,19,19,19,19,19,19,19,19,19,19,22,22,22,22,22,22,22,22,22,23,23,23,23,24,24,24,24,24,24,24,27,27,29,29,29,29,29,29,29,29,29,29,29,29,29,29,29,29,29,29,29,29,36,36,36,36,36,36,36,36,36,36,36,36,36,36,36,36,36,36,36,36,36,36,36,36,36,36,36,36,40,40,40,40,40,40,40,40,40,40,40,40,40,40,40,40,40,40,40,40,40,40,40,40,40,40,40,40,40,40,40,40,40,40,45,45,46,46,46,46,46,46,46,46,46,46,46,46,49,49,49,49,49,49,49,53,53,53,53,53,53,53,53,53,53,53,52,52,52,52,53,53,53,53,53,53,53,53,53,53,53],"current_hp_per_floor":[82,97,111,126,126,126,126,143,143,161,161,161,161,182,182,204,181,202,242,242,242,331,331,331,359,359,359,388,417,448,448,448,449,602,603,824,818,1,32,165,165,165,165,246,246,312,350,358,365,411,412,412,516,513,563,671,671,724,732,733],"gold":361,"neow_bonus":"","is_daily":false,"chose_seed":false,"campfire_upgraded":0,"win_rate":0.0,"timestamp":1609207155,"path_taken":["M","?","?","$","?","R","?","?","T","E","R","?","R","M","R","BOSS","M","$","?","?","$","R","R","E","T","R","E","$","E","?","R","BOSS","M","$","?","?","M","R","?","R","T","?","$","R","?","E","R","BOSS","BOSS","R","$","R","$","R","$","E","BOSS"],"items_purchased_type":["Relic","Relic","Relic","Relic","Relic","Card","Relic","Relic","Relic","Relic","Relic","Relic","Relic","Relic","Relic","Relic","Relic","Relic","Relic","Relic","Relic","Relic","Relic","Relic","Relic","Relic","Relic","Relic","Relic","Relic","Relic","Relic","Relic","Relic","Relic","Relic","Relic","Relic","Card","Relic","Relic","Relic","Card","Relic","Relic","Relic","Relic","Relic","Relic","Relic","Relic","Relic","Relic","Card","Relic","Relic","Relic","Relic","Relic","Relic","Relic","Relic","Card","Relic","Relic","Relic","Relic","Relic","Relic","Relic","Relic","Relic","Relic","Card","Relic","Relic","Relic","Relic","Relic","Relic","Relic","Relic","Relic","Relic","Relic","Relic","Relic","Relic","Relic","Relic","Relic","Relic","Card","Card","Relic","Relic","Relic","Relic","Relic","Card","Card","Card","Card","Relic","Relic","Relic","Relic","Relic","Relic","Relic","Relic","Relic","Relic","Relic","Relic","Relic","Relic","Relic","Relic","Relic","Relic","Relic","Relic","Relic","Relic","Relic","Relic","Relic","Relic","Relic","Relic","Relic","Relic","Relic","Relic","Card","Relic","Relic","Relic","Relic","Relic","Relic","Relic","Relic","Card","Relic","Relic","Relic","Relic","Relic","Relic","Relic","Relic","Relic","Potion","Potion","Potion","Potion","Potion","Potion","Potion","Card","Potion","Card","Relic","Potion","Potion","Potion","Relic","Relic","Card","Relic","Potion","Potion","Relic","Potion","Potion","Potion","Potion","Potion","Potion","Potion","Potion","Relic","Card","Potion","Potion","Potion","Relic","Potion","Potion","Potion","Relic","Relic","Relic","Relic","Potion","Card","Relic","Relic","Relic","Relic","Relic","Relic","Relic","Relic","Potion","Potion","Potion","Relic","Potion","Card","Relic","Relic","Relic","Relic","Potion","Potion","Potion","Relic","Relic","Relic","Relic","Relic","Relic","Relic","Card","Potion","Potion","Potion","Potion","Potion","Potion","Card","Card","Card","Potion","Potion","Potion","Potion","Potion","Potion","Card","Potion","Potion"],"build_version":"2020-12-22","purchased_purges":4,"victory":true,"max_hp_per_floor":[83,97,111,126,126,126,126,143,143,161,161,161,161,182,182,204,181,202,242,242,242,331,331,331,359,359,359,388,417,448,448,448,449,602,603,824,825,825,826,959,959,959,240,246,246,312,402,403,410,411,412,412,516,523,573,673,673,726,732,733],"card_choices":[{"not_picked":["MostiFishMod:MusicBox","Panache","testmod-DisillusionmentEcho"],"picked":"Master of Strategy","floor":0.0},{"not_picked":["MostiFishMod:Kaleido","testmod-AssimilatedRune","MostiFishMod:ButterFly"],"picked":"Panacea","floor":0.0},{"not_picked":["Madness","testmod-EnhanceArmerment","testmod-RepeatForm"],"picked":"Dramatic Entrance","floor":0.0},{"not_picked":["HalloweenModCandy+1","HalloweenModGhostCostume+1","HalloweenModCandy+1"],"picked":"HalloweenModTrick+1","floor":1.0},{"not_picked":["HalloweenModTrick+1","HalloweenModGhostCostume+1","HalloweenModTrick+1","HalloweenModCandy+1"],"picked":"HalloweenModCandy+1","floor":2.0},{"not_picked":["HalloweenModTrick+1","HalloweenModCandy+1","HalloweenModGhostCostume+1","HalloweenModTrick+1"],"picked":"HalloweenModGhostCostume+1","floor":8.0},{"not_picked":["HalloweenModTrick+1","HalloweenModCandy+1","HalloweenModCandy+1","HalloweenModCandy+1"],"picked":"HalloweenModGhostCostume+1","floor":10.0},{"not_picked":["HalloweenModTrick+1","HalloweenModCandy+1","HalloweenModGhostCostume+1","HalloweenModGhostCostume+1"],"picked":"HalloweenModGhostCostume+1","floor":14.0},{"not_picked":["HalloweenModGhostCostume+1","HalloweenModCandy+1","HalloweenModTrick+1","HalloweenModTrick+1"],"picked":"HalloweenModTrick+1","floor":16.0},{"not_picked":["HalloweenModTrick+1","HalloweenModCandy+1","HalloweenModCandy+1","HalloweenModGhostCostume+1"],"picked":"HalloweenModGhostCostume+1","floor":18.0},{"not_picked":["HalloweenModTrick+1","HalloweenModGhostCostume+1","HalloweenModGhostCostume+1","HalloweenModGhostCostume+1"],"picked":"HalloweenModCandy+1","floor":25.0},{"not_picked":["HalloweenModCandy+1","HalloweenModGhostCostume+1","HalloweenModCandy+1","HalloweenModGhostCostume+1"],"picked":"HalloweenModTrick+1","floor":28.0},{"not_picked":["HalloweenModTrick+1","HalloweenModCandy+1","HalloweenModTrick+1","HalloweenModTrick+1"],"picked":"HalloweenModGhostCostume+1","floor":30.0},{"not_picked":["fortuneTeller:OpenPreview+1","fortuneTeller:SoulForm+1","fortuneTeller:HolyShoot+1","fortuneTeller:BustShoot+1"],"picked":"BestPractice+1","floor":34.0},{"not_picked":["Potential+1","FastForward+1","Defy+1","TimeTheft+1"],"picked":"KillingDoll+1","floor":34.0},{"not_picked":["DoubleEdge+1","Rearm+1","Unruled+1","Read+1"],"picked":"fortuneTeller:SoulForm+1","floor":34.0},{"not_picked":["Revamp+1","InstantArmor+1","Contraction+1","fortuneTeller:BustShoot+1"],"picked":"SilverBlades+1","floor":34.0},{"not_picked":["fortuneTeller:BalanceForm+1","fortuneTeller:DreamDivine+1","Desolation+1","Contraction+1"],"picked":"fortuneTeller:BreakShoot+1","floor":34.0},{"not_picked":["HalloweenModTrick+1","HalloweenModCandy+1","HalloweenModGhostCostume+1","HalloweenModGhostCostume+1","HalloweenModTrick+1"],"picked":"SKIP","floor":35.0},{"not_picked":["HalloweenModCandy+1","HalloweenModTrick+1","HalloweenModGhostCostume+1","HalloweenModGhostCostume+1","HalloweenModCandy+1","HalloweenModGhostCostume+1","HalloweenModTrick+1"],"picked":"SKIP","floor":39.0},{"not_picked":["HalloweenModCandy+1","HalloweenModTrick+1","HalloweenModGhostCostume+1","HalloweenModGhostCostume+1","HalloweenModTrick+1","HalloweenModTrick+1","HalloweenModTrick+1"],"picked":"SKIP","floor":48},{"not_picked":["Initiator+1","Deny+1","MurderousAura+1"],"picked":"FlawlessForm+1","floor":53},{"not_picked":["HalloweenModTrick+1","HalloweenModGhostCostume+1","HalloweenModCandy+1","HalloweenModGhostCostume+1","HalloweenModGhostCostume+1","HalloweenModGhostCostume+1","HalloweenModTrick+1"],"picked":"SKIP","floor":54}],"player_experience":517440,"relics_obtained":[{"floor":1.0,"key":"DaCapo"},{"floor":1.0,"key":"Question Card"},{"floor":2.0,"key":"testmod-Faith"},{"floor":7.0,"key":"The Courier"},{"floor":8.0,"key":"SynthV:C4"},{"floor":10.0,"key":"Oddly Smooth Stone"},{"floor":10.0,"key":"Boot"},{"floor":14.0,"key":"SlaversCollar"},{"floor":16.0,"key":"ImportantClient"},{"floor":18.0,"key":"vexMod:ConsolationPrize"},{"floor":21.0,"key":"TakeMeEscape"},{"floor":25.0,"key":"EasyMod:Easy_5"},{"floor":26.0,"key":"DeadEye"},{"floor":28.0,"key":"vexMod:PaidLearning"},{"floor":28.0,"key":"aspiration:SeaSaltIceCream"},{"floor":30.0,"key":"Mirror"},{"floor":30.0,"key":"SynthV:MejaisSoulstealer"},{"floor":30.0,"key":"Omamori"},{"floor":35.0,"key":"TimeFreeze"},{"floor":37.0,"key":"ChampionBelt"},{"floor":37.0,"key":"HornCleat"},{"floor":37.0,"key":"Question Card"},{"floor":39.0,"key":"Juzu Bracelet"},{"floor":39.0,"key":"Coffee Dripper"},{"floor":41,"key":"SharpPlug"},{"floor":43,"key":"NineLifeCat"},{"floor":44,"key":"CatCart"},{"floor":48,"key":"StoneCalendar"},{"floor":48,"key":"Blood Vial"},{"floor":54,"key":"Circlet"},{"floor":54,"key":"Circlet"}],"event_choices":[{"damage_healed":0.0,"max_hp_gain":0.0,"max_hp_loss":0.0,"gold_gain":0.0,"event_name":"conspire:LoneGhost","player_choice":"Argue","floor":3.0,"gold_loss":0.0,"damage_taken":0.0},{"damage_healed":0.0,"max_hp_gain":0.0,"max_hp_loss":0.0,"gold_gain":0.0,"event_name":"Liars Game","player_choice":"Ignored","floor":5.0,"gold_loss":0.0,"damage_taken":0.0},{"damage_healed":0.0,"max_hp_gain":0.0,"max_hp_loss":0.0,"gold_gain":0.0,"event_name":"Wheel of Change","player_choice":"Full Heal","floor":12.0,"gold_loss":0.0,"damage_taken":0.0},{"damage_healed":0.0,"max_hp_gain":0.0,"max_hp_loss":0.0,"gold_gain":0.0,"event_name":"HidenRoomEvent","player_choice":"Fight","floor":37.0,"gold_loss":0.0,"damage_taken":0.0},{"damage_healed":0.0,"max_hp_gain":0.0,"max_hp_loss":0.0,"gold_gain":0.0,"event_name":"conspire:Investor","player_choice":"Leave","floor":38.0,"gold_loss":0.0,"damage_taken":0.0},{"damage_healed":0,"gold_gain":0,"player_choice":"Fight","damage_taken":0,"max_hp_gain":0,"max_hp_loss":0,"event_name":"OrinTheCat","floor":44,"gold_loss":0},{"damage_healed":0,"gold_gain":0,"player_choice":"Embrace Madness","damage_taken":56,"max_hp_gain":0,"max_hp_loss":0,"event_name":"Winding Halls","floor":47,"gold_loss":0,"cards_obtained":["Madness","Madness"]}],"is_beta":false,"boss_relics":[{"not_picked":["aspiration:SecretTechniqueScroll","Ancient Tea Set"],"picked":"Bottled Lightning"},{"not_picked":[]},{"not_picked":["Fusion Hammer","FixedStarFall"],"picked":"Orrery"},{"not_picked":[]}],"items_purged_floors":[36,36,36,45],"is_endless":false,"potions_floor_spawned":[1,2,8,10,14,14,16,18,25,28,28,30,33,33,35,39,39,39,44,48,48,48,54,54],"ascension_level":20}}