{"host":"lk85u298wfxhyupu","time":1609205263,"event":{"mods":["Act Like it!","BaseMod","Decade(???)","Hallownest","Minty Spire (QoL Compilation)","Small Relic Pack","Spicy Shops","StSLib","Td1madao Mod","The Servant 0.9.4","The Wild Card"],"gold_per_floor":[119,129,129,129,149,149,149],"floor_reached":6,"playtime":185,"items_purged":[],"score":36,"play_id":"06c8d71f-437a-4596-a026-d2931e01b61b","local_time":"20201228202743","is_ascension_mode":false,"campfire_choices":[],"circlet_count":0,"master_deck":["theWildCard:BasicStrike","theWildCard:BasicStrike","theWildCard:BasicStrike","theWildCard:BasicStrike","theWildCard:BasicDefend","theWildCard:BasicDefend","theWildCard:BasicDefend","theWildCard:BasicDefend","theWildCard:CallToAdventure","theWildCard:Arsene+1","theWildCard:ArchaicAssault","theWildCard:ArcanaArtistry","theWildCard:BladeOfGenerations"],"relics":["theWildCard:VelvetContract","NeowsBlessing","relicPack:OneForAll"],"acts_visited":["Exordium"],"potions_floor_usage":[],"damage_taken":[{"damage":0,"enemies":"Cultist","floor":1,"turns":1},{"damage":0,"enemies":"2 Louse","floor":2,"turns":1},{"damage":0,"enemies":"Small Slimes","floor":5,"turns":1},{"damage":60,"enemies":"Gremlin Nob","floor":6,"turns":4}],"seed_played":"-3506962626187269351","potions_obtained":[{"floor":1,"key":"Fire Potion"},{"floor":5,"key":"Strength Potion"}],"is_trial":false,"path_per_floor":["M","M","?","?","M","E"],"character_chosen":"THE_WILD_CARD","items_purchased":[],"campfire_rested":0,"item_purchase_floors":[],"current_hp_per_floor":[60,60,60,60,60,0,0],"gold":149,"neow_bonus":"THREE_ENEMY_KILL","is_daily":false,"chose_seed":false,"campfire_upgraded":0,"win_rate":0.0,"timestamp":1609205263,"path_taken":["M","?","?","?","M","E"],"items_purchased_type":[],"build_version":"2020-12-22","purchased_purges":0,"victory":false,"max_hp_per_floor":[60,60,60,60,60,60,60],"card_choices":[{"not_picked":["theWildCard:Providence","theWildCard:Patience"],"picked":"theWildCard:ArchaicAssault","floor":1},{"not_picked":["theWildCard:StalwartBlade","theWildCard:Unburden"],"picked":"theWildCard:ArcanaArtistry","floor":2},{"not_picked":["theWildCard:ArchaicAssault","theWildCard:Unburden"],"picked":"theWildCard:BladeOfGenerations","floor":5}],"player_experience":18177,"relics_obtained":[],"event_choices":[{"damage_healed":0,"gold_gain":0,"player_choice":"Upgraded","damage_taken":0,"max_hp_gain":0,"max_hp_loss":0,"event_name":"Upgrade Shrine","floor":4,"gold_loss":0,"cards_upgraded":["theWildCard:Arsene"]}],"is_beta":false,"boss_relics":[],"items_purged_floors":[],"is_endless":false,"potions_floor_spawned":[1,5],"killed_by":"Gremlin Nob","ascension_level":0}}