{"host":"6qo42zgaknezulyg","time":1609217403,"event":{"mods":["2.2 Compatiblity","BaseMod","Colored Map","Downfall","Highlight Path","Keyboard Shortcuts","Minty Spire (QoL Compilation)","Permanent Neow","Quick Restart","StSLib","SuperFastMode"],"gold_per_floor":[99,111,111,121,131,144,144,54,73,83,98,98,128,128,138,212,212,212,228,243,260,276,276,276,85,85,112,125,125,144,144,164,235,235,235,245,200,200,213,239,262,262,276,126,126,126,126,155,80,80],"floor_reached":51,"playtime":2223,"items_purged":["champ:Strike","champ:Strike","champ:Strike","Regret"],"score":1352,"play_id":"5652bcbd-2cf3-4504-aa07-737da76f7d00","local_time":"20201229135003","is_ascension_mode":true,"campfire_choices":[{"data":"champ:Taunt","floor":1.0,"key":"SMITH"},{"floor":12.0,"key":"REST"},{"data":"champ:Improvising","floor":18.0,"key":"SMITH"},{"floor":23.0,"key":"REST"},{"data":"champ:StrikeOfGenius","floor":29.0,"key":"SMITH"},{"data":"champ:CheapShot","floor":35,"key":"SMITH"},{"floor":42,"key":"REST"},{"data":"champ:IgnorePain","floor":47,"key":"SMITH"},{"floor":49,"key":"REST"}],"circlet_count":0,"master_deck":["AscendersBane","champ:Strike","champ:Defend","champ:Defend","champ:Defend","champ:Defend","champ:Execute","champ:Taunt+1","champ:GutPunch","champ:AdrenalArmor","champ:RecklessLeap","champ:FaceSlap","champ:Improvising+1","champ:Encircle","champ:AdrenalArmor","champ:Control","champ:StrikeOfGenius+1","champ:Shatter","champ:CheapShot+1","champ:CrookedStrike","champ:IgnorePain+1","champ:Control","Doubt","champ:FocusedBerserking+1"],"relics":["champ:ChampionCrown","Ice Cream","Matryoshka","Lantern","expansioncontent:StudyCardRelic","Tiny Chest","Kunai","Du-Vu Doll","Cursed Key","Blood Vial","Bag of Preparation","Happy Flower","Orichalcum","downfall:HeartBlessingGreen"],"acts_visited":["Exordium","TheCity","TheBeyond"],"potions_floor_usage":[50,50],"damage_taken":[{"damage":5.0,"enemies":"Small Slimes","floor":2.0,"turns":4.0},{"damage":15.0,"enemies":"Cultist","floor":4.0,"turns":4.0},{"damage":9.0,"enemies":"2 Louse","floor":5.0,"turns":3.0},{"damage":10.0,"enemies":"2 Fungi Beasts","floor":6.0,"turns":5.0},{"damage":14.0,"enemies":"downfall:FleeingMerchant","floor":8.0,"turns":4.0},{"damage":30.0,"enemies":"3 Louse","floor":9.0,"turns":4.0},{"damage":20.0,"enemies":"Exordium Wildlife","floor":10.0,"turns":3.0},{"damage":20.0,"enemies":"Exordium Thugs","floor":11.0,"turns":5.0},{"damage":32.0,"enemies":"Gremlin Nob","floor":13.0,"turns":3.0},{"damage":17.0,"enemies":"3 Louse","floor":15.0,"turns":2.0},{"damage":50.0,"enemies":"downfall:Watcher","floor":16.0,"turns":6.0},{"damage":20.0,"enemies":"Chosen","floor":19.0,"turns":3.0},{"damage":29.0,"enemies":"Spheric Guardian","floor":20.0,"turns":2.0},{"damage":54.0,"enemies":"Snecko","floor":21.0,"turns":6.0},{"damage":27.0,"enemies":"Cultist and Chosen","floor":22.0,"turns":5.0},{"damage":43.0,"enemies":"downfall:FleeingMerchant","floor":25.0,"turns":4.0},{"damage":36.0,"enemies":"Slavers","floor":27.0,"turns":3.0},{"damage":43.0,"enemies":"Chosen and Byrds","floor":28.0,"turns":5.0},{"damage":8.0,"enemies":"Snecko","floor":30.0,"turns":2.0},{"damage":51.0,"enemies":"Shelled Parasite and Fungi","floor":32.0,"turns":4.0},{"damage":46.0,"enemies":"downfall:Ironclad","floor":33.0,"turns":5.0},{"damage":21,"enemies":"3 Shapes","floor":36,"turns":4},{"damage":10,"enemies":"downfall:FleeingMerchant","floor":37,"turns":3},{"damage":17,"enemies":"Orb Walker","floor":39,"turns":3},{"damage":8,"enemies":"3 Darklings","floor":43,"turns":3},{"damage":66,"enemies":"Giant Head","floor":48,"turns":7},{"damage":143,"enemies":"downfall:Silent","floor":50,"turns":10}],"seed_played":"-7574814212296916104","potions_obtained":[{"floor":3.0,"key":"DuplicationPotion"},{"floor":3.0,"key":"SteroidPotion"},{"floor":4.0,"key":"Dexterity Potion"},{"floor":5.0,"key":"EntropicBrew"},{"floor":13.0,"key":"sneckomod:MuddlingPotion"},{"floor":15.0,"key":"champ:OpenerPotion"},{"floor":19.0,"key":"PowerPotion"},{"floor":21.0,"key":"GamblersBrew"},{"floor":30.0,"key":"Strength Potion"},{"floor":31.0,"key":"CultistPotion"}],"is_trial":false,"path_per_floor":["R","M","?","M","M","M","T","$","M","M","M","R","E","?","M","B",null,"R","M","M","M","M","R","T","$","?","E","M","R","M","?","M","B",null,"R","M","$","?","M","T","T","R","M","$","$","?","R","E","R","B",null],"character_chosen":"THE_CHAMP","items_purchased":["champ:Control","champ:IgnorePain","champ:Control"],"campfire_rested":4,"item_purchase_floors":[25,37,37],"current_hp_per_floor":[52,52,52,47,38,36,36,36,23,23,16,40,32,32,32,24,67,67,67,67,52,50,74,74,65,65,59,59,59,59,59,47,27,68,68,67,67,67,62,62,62,81,81,81,81,81,81,60,81,49],"gold":80,"neow_bonus":"ONE_RARE_RELIC","is_daily":false,"chose_seed":false,"campfire_upgraded":5,"win_rate":0.0,"timestamp":1609217403,"path_taken":["R","M","?","M","M","M","T","$","?","M","M","R","E","?","M","BOSS","R","M","M","M","M","R","T","$","?","E","M","R","M","?","M","BOSS","R","M","$","?","M","?","T","R","M","?","$","?","R","E","R","BOSS"],"items_purchased_type":["Card","Card","Card"],"build_version":"2020-12-22","purchased_purges":4,"victory":true,"max_hp_per_floor":[81,81,81,81,81,81,81,81,81,81,81,81,81,81,81,81,81,81,81,81,81,81,81,81,81,81,81,81,81,81,81,81,81,81,81,81,81,81,81,81,81,81,81,81,81,81,81,81,81,81],"card_choices":[{"not_picked":["champ:FanOfKnives","champ:Duel"],"picked":"champ:GutPunch","floor":2.0},{"not_picked":["champ:GutPunch","champ:DefensiveShout","champ:StanceDance"],"picked":"SKIP","floor":4.0},{"not_picked":["champ:Circumvent","champ:IronFortress","champ:SwordSigil"],"picked":"SKIP","floor":5.0},{"not_picked":["champ:StanceDance","champ:DeathBlow"],"picked":"champ:AdrenalArmor","floor":6.0},{"not_picked":["champ:FocusedDefense","champ:ShieldThrow"],"picked":"champ:RecklessLeap","floor":8.0},{"not_picked":["champ:PreciseThrust","champ:FanOfKnives"],"picked":"champ:FaceSlap","floor":9.0},{"not_picked":["champ:GladiatorsShout","champ:RageSigil","champ:GutPunch"],"picked":"SKIP","floor":10.0},{"not_picked":["champ:FightOn","champ:FocusedDefense","champ:DefensiveStyle"],"picked":"SKIP","floor":11.0},{"not_picked":["champ:EndlessRage","champ:DefensiveShout","champ:Circumvent"],"picked":"SKIP","floor":13.0},{"not_picked":["champ:BladeFlurry","champ:MurderStrike"],"picked":"champ:ArenaPreparation","floor":15.0},{"not_picked":["champ:EnchantSword","champ:CheapShot"],"picked":"champ:Improvising","floor":16.0},{"not_picked":["champ:BerserkersShout","champ:TornadoPunch","champ:Backstep"],"picked":"SKIP","floor":19.0},{"not_picked":["champ:GutPunch+1","champ:StanceDance"],"picked":"champ:Encircle","floor":20.0},{"not_picked":["champ:FocusedGladiator","champ:DefensiveStyle","champ:BladeFlurry+1"],"picked":"SKIP","floor":21.0},{"not_picked":["champ:StanceDance","champ:RageSigil"],"picked":"champ:AdrenalArmor","floor":22.0},{"not_picked":["champ:SwordSigil","champ:PerfectedStrike","champ:SkillfulDodge"],"picked":"SKIP","floor":25.0},{"not_picked":["champ:FalseCounter","champ:Shatter"],"picked":"champ:StrikeOfGenius","floor":27.0},{"not_picked":["champ:Circumvent+1","champ:PerfectedStrike","champ:FlashCut"],"picked":"SKIP","floor":28.0},{"not_picked":["champ:PerfectedStrike","champ:GladiatorsShout","champ:Backstep"],"picked":"SKIP","floor":30.0},{"not_picked":["champ:FocusedGladiator","champ:FlashCut"],"picked":"champ:Shatter","floor":32.0},{"not_picked":["champ:PerfectForm","champ:HeavySlash"],"picked":"champ:CheapShot","floor":33.0},{"not_picked":["champ:DefensiveShout","champ:FocusedDefense","champ:FocusedBerserking"],"picked":"SKIP","floor":36},{"not_picked":["champ:DefensiveShout","champ:BringItOn"],"picked":"champ:CrookedStrike","floor":37},{"not_picked":["champ:Haymaker+1","champ:BerserkersShout","champ:EndlessRage"],"picked":"SKIP","floor":39},{"not_picked":["champ:ShieldWall","champ:FlashCut"],"picked":"champ:FocusedBerserking+1","floor":43},{"not_picked":["champ:ViciousMockery","champ:PerfectedStrike+1","champ:Haymaker"],"picked":"SKIP","floor":48}],"player_experience":1086199,"relics_obtained":[{"floor":7.0,"key":"Matryoshka"},{"floor":13.0,"key":"Lantern"},{"floor":24.0,"key":"Tiny Chest"},{"floor":24.0,"key":"Kunai"},{"floor":27.0,"key":"Du-Vu Doll"},{"floor":40,"key":"Blood Vial"},{"floor":40,"key":"Bag of Preparation"},{"floor":41,"key":"Happy Flower"},{"floor":48,"key":"Orichalcum"}],"event_choices":[{"damage_healed":0.0,"max_hp_gain":0.0,"max_hp_loss":0.0,"gold_gain":0.0,"event_name":"Lab","player_choice":"Got Potions","floor":3.0,"gold_loss":0.0,"damage_taken":0.0},{"cards_removed":["champ:ArenaPreparation"],"damage_healed":0,"gold_gain":0,"player_choice":"Removed Skill","damage_taken":0,"max_hp_gain":0,"max_hp_loss":0,"event_name":"Falling","floor":38,"gold_loss":0}],"is_beta":false,"boss_relics":[{"not_picked":["Busted Crown","Snecko Eye"],"picked":"expansioncontent:StudyCardRelic"},{"not_picked":["Calling Bell","Velvet Choker"],"picked":"Cursed Key"}],"items_purged_floors":[8,25,37,44],"is_endless":false,"potions_floor_spawned":[4,5,6,13,15,19,21,22,30,39,43],"ascension_level":20}}