{"host":"8yg5xi2a6w9qkgsw","time":1609259774,"event":{"mods":["AchievementEnabler","BaseMod","Block Reminder","Colored Powertips","Minty Spire (QoL Compilation)","MonsterHotkey","Random Character Button","Relic Stats"],"gold_per_floor":[10,27,38,138,158,189,189,114,162,162,172,183,193,221,221,298,298,298,298,298,298,298,298,0,0,0,0,0,0,0,0,0,0,0,0,0,0,0,0,0,0,0,0,0,0,0,0,0,0,0,0,0,0,0,0],"floor_reached":54,"playtime":8137,"items_purged":["Strike_B","Defend_B"],"score":1319,"play_id":"ced0dac6-832c-4030-b91d-3818e6a03bf0","local_time":"20201229173614","is_ascension_mode":true,"campfire_choices":[{"data":"Sweeping Beam","floor":7.0,"key":"SMITH"},{"data":"Cold Snap","floor":10.0,"key":"SMITH"},{"floor":15.0,"key":"REST"},{"floor":25.0,"key":"REST"},{"data":"Coolheaded","floor":29.0,"key":"SMITH"},{"data":"Defragment","floor":32.0,"key":"SMITH"},{"data":"Defragment","floor":40,"key":"SMITH"},{"data":"Go for the Eyes","floor":42,"key":"SMITH"},{"data":"Fission","floor":44,"key":"SMITH"},{"floor":49,"key":"RECALL"},{"data":"Defragment","floor":52,"key":"SMITH"}],"circlet_count":0,"master_deck":["AscendersBane","Strike_B","Strike_B","Strike_B","Defend_B","Defend_B","Defend_B","Zap+1","Dualcast","Sweeping Beam+1","Machine Learning","Auto Shields","Cold Snap+1","Melter","Chill+1","Fission+1","Go for the Eyes+1","Coolheaded+1","Echo Form","Coolheaded+1","FTL","Defragment+1","Defragment+1","Meteor Strike","Defragment+1"],"relics":["Cracked Core","CaptainsWheel","Sundial","Akabeko","War Paint","Ectoplasm","Tiny Chest","ClockworkSouvenir","DataDisk","Pantograph","Nuclear Battery","Red Mask","Gambling Chip","InkBottle","Pen Nib"],"acts_visited":["Exordium","TheCity","TheBeyond","TheEnding"],"potions_floor_usage":[48,48,48,50],"damage_taken":[{"damage":3.0,"enemies":"2 Louse","floor":1.0,"turns":2.0},{"damage":1.0,"enemies":"Cultist","floor":2.0,"turns":3.0},{"damage":2.0,"enemies":"Jaw Worm","floor":3.0,"turns":3.0},{"damage":4.0,"enemies":"Red Slaver","floor":5.0,"turns":5.0},{"damage":19.0,"enemies":"3 Sentries","floor":6.0,"turns":8.0},{"damage":1.0,"enemies":"Blue Slaver","floor":11.0,"turns":3.0},{"damage":1.0,"enemies":"Looter","floor":12.0,"turns":3.0},{"damage":0.0,"enemies":"Exordium Thugs","floor":13.0,"turns":3.0},{"damage":6.0,"enemies":"Lagavulin","floor":14.0,"turns":7.0},{"damage":1.0,"enemies":"Slime Boss","floor":16.0,"turns":11.0},{"damage":0.0,"enemies":"3 Byrds","floor":18.0,"turns":5.0},{"damage":0.0,"enemies":"Spheric Guardian","floor":20.0,"turns":3.0},{"damage":33.0,"enemies":"Snake Plant","floor":21.0,"turns":5.0},{"damage":4.0,"enemies":"Shelled Parasite and Fungi","floor":22.0,"turns":6.0},{"damage":11.0,"enemies":"Slavers","floor":23.0,"turns":8.0},{"damage":0.0,"enemies":"Snecko","floor":27.0,"turns":4.0},{"damage":3.0,"enemies":"Snake Plant","floor":28.0,"turns":6.0},{"damage":2.0,"enemies":"Gremlin Leader","floor":30.0,"turns":7.0},{"damage":1.0,"enemies":"Centurion and Healer","floor":31.0,"turns":6.0},{"damage":15,"enemies":"Champ","floor":33,"turns":13},{"damage":4,"enemies":"3 Shapes","floor":35,"turns":6},{"damage":6,"enemies":"Giant Head","floor":41,"turns":10},{"damage":6,"enemies":"Nemesis","floor":45,"turns":9},{"damage":0,"enemies":"Orb Walker","floor":46,"turns":5},{"damage":15,"enemies":"Writhing Mass","floor":47,"turns":6},{"damage":0,"enemies":"Jaw Worm Horde","floor":48,"turns":6},{"damage":0,"enemies":"Awakened One","floor":50,"turns":17},{"damage":70,"enemies":"Shield and Spear","floor":54,"turns":12}],"seed_played":"5952446077617633614","potions_obtained":[{"floor":2.0,"key":"SkillPotion"},{"floor":3.0,"key":"EssenceOfSteel"},{"floor":12.0,"key":"Ancient Potion"},{"floor":14.0,"key":"Block Potion"},{"floor":16.0,"key":"Energy Potion"},{"floor":27.0,"key":"AttackPotion"},{"floor":28.0,"key":"EntropicBrew"},{"floor":48,"key":"Strength Potion"}],"is_trial":false,"path_per_floor":["M","M","M","?","M","E","R","$","T","R","M","M","M","E","R","B",null,"M","?","M","M","M","E","$","R","T","M","M","R","E","M","R","B",null,"M","?","?","$","T","R","E","R","T","R","E","M","M","M","R","B",null,"R","$","E"],"character_chosen":"DEFECT","items_purchased":["ClockworkSouvenir","Dexterity Potion"],"campfire_rested":2,"item_purchase_floors":[24,24],"current_hp_per_floor":[61,60,58,58,54,35,35,35,35,35,34,33,33,27,48,47,65,65,65,65,32,28,17,17,38,38,38,35,35,33,32,32,42,64,60,60,60,60,60,60,54,54,54,54,48,48,33,33,33,58,68,68,68,0,0],"gold":0,"neow_bonus":"ONE_RARE_RELIC","is_daily":false,"chose_seed":false,"campfire_upgraded":8,"win_rate":0.0,"timestamp":1609259774,"path_taken":["M","M","M","?","?","E","R","$","T","R","M","M","M","E","R","BOSS","M","?","M","?","M","E","$","R","T","M","M","R","E","M","R","BOSS","M","?","?","?","?","R","E","R","T","R","E","?","M","M","R","BOSS","R","$","E"],"items_purchased_type":["Relic","Potion"],"build_version":"2020-12-22","purchased_purges":2,"victory":false,"max_hp_per_floor":[71,71,71,71,71,71,71,71,71,71,71,71,71,71,71,71,71,71,71,71,71,71,71,71,71,71,71,71,71,71,71,71,71,71,71,71,71,71,71,71,71,71,71,71,71,71,71,71,71,71,71,71,71,71,71],"relic_stats":{"counters":[28,182],"Sundial":[46],"Pantograph":50,"Gambling Chip":[15],"Tiny Chest":1,"Ectoplasm":397,"Pen Nib":[12],"War Paint":["Zap","Chill"],"obtain_stats":[{"Pen Nib":45,"War Paint":14,"Akabeko":9,"ClockworkSouvenir":24,"Nuclear Battery":34,"CaptainsWheel":0,"DataDisk":26,"Sundial":6,"Pantograph":30,"Gambling Chip":41,"Tiny Chest":23,"Ectoplasm":17,"Red Mask":36,"Cracked Core":0,"InkBottle":43},{"Pen Nib":23,"War Paint":9,"Akabeko":5,"ClockworkSouvenir":15,"Nuclear Battery":20,"CaptainsWheel":0,"DataDisk":15,"Sundial":5,"Pantograph":18,"Gambling Chip":22,"Tiny Chest":15,"Ectoplasm":10,"Red Mask":21,"Cracked Core":0,"InkBottle":22},{"Pen Nib":136,"War Paint":37,"Akabeko":21,"ClockworkSouvenir":75,"Nuclear Battery":111,"CaptainsWheel":0,"DataDisk":75,"Sundial":21,"Pantograph":92,"Gambling Chip":127,"Tiny Chest":75,"Ectoplasm":48,"Red Mask":117,"Cracked Core":0,"InkBottle":127}],"InkBottle":[32]},"card_choices":[{"not_picked":["Rebound","Beam Cell"],"picked":"Sweeping Beam","floor":1.0},{"not_picked":["Barrage","Coolheaded"],"picked":"Machine Learning","floor":2.0},{"not_picked":["Fusion","Cold Snap"],"picked":"Auto Shields","floor":3.0},{"not_picked":["Rebound","Go for the Eyes"],"picked":"Cold Snap","floor":5.0},{"not_picked":["Steam Power","Gash","Storm"],"picked":"SKIP","floor":6.0},{"not_picked":["Streamline","Heatsinks"],"picked":"Melter","floor":11.0},{"not_picked":["Rebound","Leap","Conserve Battery"],"picked":"SKIP","floor":12.0},{"not_picked":["Heatsinks","Auto Shields"],"picked":"Chill","floor":13.0},{"not_picked":["Double Energy","Cold Snap","Melter"],"picked":"SKIP","floor":14.0},{"not_picked":["Biased Cognition","Machine Learning"],"picked":"Fission","floor":16.0},{"not_picked":["Sweeping Beam","Beam Cell"],"picked":"Go for the Eyes","floor":18.0},{"not_picked":["Storm","Conserve Battery"],"picked":"Coolheaded","floor":20.0},{"not_picked":["Gash","Leap"],"picked":"Beam Cell","floor":21.0},{"not_picked":["Genetic Algorithm","Doom and Gloom"],"picked":"Echo Form","floor":22.0},{"not_picked":["Stack","Capacitor"],"picked":"Coolheaded+1","floor":23.0},{"not_picked":["Hologram","Go for the Eyes"],"picked":"FTL","floor":27.0},{"not_picked":["Rebound","Ball Lightning","Lockon"],"picked":"SKIP","floor":28.0},{"not_picked":["Go for the Eyes","Conserve Battery+1"],"picked":"Defragment","floor":30.0},{"not_picked":["Force Field","Beam Cell"],"picked":"Defragment","floor":31.0},{"not_picked":["Biased Cognition","Echo Form"],"picked":"Meteor Strike","floor":33},{"not_picked":["Gash+1","Sunder","Coolheaded"],"picked":"SKIP","floor":35},{"not_picked":["Rebound","Sweeping Beam+1","Sunder"],"picked":"SKIP","floor":41},{"not_picked":["Stack+1","Rip and Tear+1"],"picked":"Defragment","floor":45},{"not_picked":["Lockon","Rebound+1","Barrage"],"picked":"SKIP","floor":46},{"not_picked":["Streamline","BootSequence","Steam+1"],"picked":"SKIP","floor":47},{"not_picked":["Coolheaded","Steam","Redo"],"picked":"SKIP","floor":48}],"player_experience":1442423,"relics_obtained":[{"floor":6.0,"key":"Sundial"},{"floor":9.0,"key":"Akabeko"},{"floor":14.0,"key":"War Paint"},{"floor":23.0,"key":"Tiny Chest"},{"floor":26.0,"key":"DataDisk"},{"floor":30.0,"key":"Pantograph"},{"floor":41,"key":"Gambling Chip"},{"floor":43,"key":"InkBottle"},{"floor":45,"key":"Pen Nib"}],"event_choices":[{"damage_healed":0.0,"max_hp_gain":0.0,"max_hp_loss":0.0,"gold_gain":100.0,"event_name":"Golden Shrine","player_choice":"Pray","floor":4.0,"gold_loss":0.0,"damage_taken":0.0},{"damage_healed":0.0,"max_hp_gain":0.0,"max_hp_loss":0.0,"gold_gain":0.0,"event_name":"Match and Keep!","player_choice":"0 cards matched","floor":19.0,"gold_loss":0.0,"damage_taken":0.0,"cards_obtained":[]},{"damage_healed":0,"gold_gain":0,"player_choice":"Paid","damage_taken":0,"relics_obtained":["Red Mask"],"max_hp_gain":0,"max_hp_loss":0,"event_name":"Tomb of Lord Red Mask","floor":36,"gold_loss":0},{"cards_removed":["Beam Cell"],"damage_healed":0,"gold_gain":0,"player_choice":"Removed Attack","damage_taken":0,"max_hp_gain":0,"max_hp_loss":0,"event_name":"Falling","floor":37,"gold_loss":0}],"is_beta":false,"boss_relics":[{"not_picked":["Calling Bell","Busted Crown"],"picked":"Ectoplasm"},{"not_picked":["Coffee Dripper","Snecko Eye"],"picked":"Nuclear Battery"}],"items_purged_floors":[8,24],"is_endless":false,"potions_floor_spawned":[2,3,12,14,16,18,27,28,30,31,45,48],"killed_by":"Shield and Spear","ascension_level":14}}