{"host":"29edf478rwpwmxys","time":1610492805,"event":{"mods":["AchievementEnabler","BaseMod","Bestiary","Dark Map","Downfall","Hermit","Minty Spire (QoL Compilation)","Quick Restart","Rare Cards Sparkle","StSLib","The Necromancer","everything is the same but u backflip on backflip"],"gold_per_floor":[112,112,30,46,11,11,36,96,122,10,27,41,41,57,57,57,57],"floor_reached":16,"language":"SPA","playtime":1310,"items_purged":[],"score":100,"play_id":"46d52940-7172-4b9b-9956-60154d0909b5","local_time":"20210113000645","is_ascension_mode":false,"campfire_choices":[{"data":"hermit:GhostlyPresence","floor":6,"key":"SMITH"},{"data":"hermit:EyeOfTheStorm","floor":13,"key":"SMITH"},{"data":"hermit:Virtue","floor":15,"key":"SMITH"}],"circlet_count":0,"master_deck":["hermit:Strike_Hermit","hermit:Strike_Hermit","hermit:Strike_Hermit","hermit:Strike_Hermit","hermit:Defend_Hermit+1","hermit:Defend_Hermit+1","hermit:Defend_Hermit","hermit:Defend_Hermit","hermit:Snapshot","hermit:Covet","hermit:TakeCover","hermit:Malice","hermit:GhostlyPresence+1","hermit:Vantage","hermit:Virtue+1","hermit:EyeOfTheStorm+1","hermit:Grudge","hermit:Dive","hermit:CalledShot"],"relics":["hermit:Momento","Nunchaku","Bronze Scales","Happy Flower"],"acts_visited":["Exordium"],"potions_floor_usage":[16,16,16],"damage_taken":[{"damage":1,"enemies":"Jaw Worm","floor":1,"turns":3},{"damage":0,"enemies":"Small Slimes","floor":4,"turns":5},{"damage":12,"enemies":"3 Sentries","floor":7,"turns":9},{"damage":20,"enemies":"3 Sentries","floor":8,"turns":12},{"damage":0,"enemies":"2 Louse","floor":11,"turns":3},{"damage":0,"enemies":"Large Slime","floor":12,"turns":5},{"damage":0,"enemies":"Blue Slaver","floor":14,"turns":4},{"damage":51,"enemies":"The Guardian","floor":16,"turns":10}],"seed_played":"-4010344120062784291","potions_obtained":[{"floor":1,"key":"Explosive Potion"},{"floor":8,"key":"Explosive Potion"},{"floor":12,"key":"PowerPotion"}],"is_trial":false,"path_per_floor":["M","?","$","M","?","R","E","?","T","$","M","M","R","M","R","B"],"character_chosen":"HERMIT","items_purchased":["hermit:Malice","hermit:EyeOfTheStorm","hermit:Grudge"],"campfire_rested":0,"item_purchase_floors":[3,10,10],"current_hp_per_floor":[81,65,65,65,82,82,70,50,50,50,50,50,50,50,50,0,0],"gold":57,"neow_bonus":"TEN_PERCENT_HP_BONUS","is_daily":false,"chose_seed":false,"campfire_upgraded":3,"win_rate":0.0,"timestamp":1610492805,"path_taken":["M","?","$","M","?","R","E","?","T","$","M","M","R","M","R","BOSS"],"items_purchased_type":["Card","Card","Card"],"build_version":"2020-12-22","purchased_purges":0,"victory":false,"max_hp_per_floor":[82,82,82,82,82,82,82,82,82,82,82,82,82,82,82,82,82],"card_choices":[{"not_picked":["hermit:FullyLoaded","hermit:Roulette"],"picked":"hermit:TakeCover","floor":1},{"not_picked":["hermit:Ricochet","hermit:Glare"],"picked":"hermit:GhostlyPresence","floor":4},{"not_picked":["hermit:BodyArmor","hermit:EternalForm"],"picked":"hermit:Vantage","floor":7},{"not_picked":["hermit:Desperado","hermit:Midnight"],"picked":"hermit:Virtue","floor":8},{"not_picked":["hermit:HoleUp","hermit:Virtue"],"picked":"hermit:Dive","floor":11},{"not_picked":["hermit:HighCaliber","hermit:Glare","hermit:Vantage"],"picked":"SKIP","floor":12},{"not_picked":["hermit:Misfire","hermit:HoleUp"],"picked":"hermit:CalledShot","floor":14}],"player_experience":125143,"relics_obtained":[{"floor":7,"key":"Nunchaku"},{"floor":8,"key":"Bronze Scales"},{"floor":9,"key":"Happy Flower"}],"event_choices":[{"damage_healed":0,"gold_gain":0,"player_choice":"Entered Light","damage_taken":16,"max_hp_gain":0,"max_hp_loss":0,"event_name":"Shining Light","floor":2,"gold_loss":0,"cards_upgraded":["hermit:Defend_Hermit","hermit:Defend_Hermit"]},{"damage_healed":20,"gold_gain":0,"player_choice":"Healed","damage_taken":0,"max_hp_gain":0,"max_hp_loss":0,"event_name":"The Cleric","floor":5,"gold_loss":35},{"damage_healed":0,"gold_gain":0,"player_choice":"Searched \u00272\u0027 times","damage_taken":0,"max_hp_gain":0,"max_hp_loss":0,"event_name":"Dead Adventurer","floor":8,"gold_loss":0}],"is_beta":false,"boss_relics":[],"items_purged_floors":[],"is_endless":false,"potions_floor_spawned":[1,8,12,14],"killed_by":"The Guardian","ascension_level":0}}