{"host":"cwd5s03r1oaxs6mx","time":1610455733,"event":{"mods":["Act Like it!","BaseMod","Better Third Choice","BetterRewards","CapriCore","Card Filter","Colored Map","Custom Start","DeckTracker","Friendly Minions","Hubris","Infinite Spire","Marisa£¨Ùöéë¡¡Øª×âÞÞ£©","Minty Spire (QoL Compilation)","Quick Restart","Relic Stats","Shop Mod","Spicy Shops","StSLib","SuperFastMode"],"gold_per_floor":[109,127,52,52,72,72,107,107,107,136,146,146,157,173,173,248,248,262,262,296,296,296,296,316,351,374,408,420,420,431,456,456,527,527,544,69,80,125,347,347,377,377,403,403,24,34,34,67,67,67,67,67,67,22,50,50],"floor_reached":57,"playtime":2164,"items_purged":["Strike_R","Strike_R","Strike_R","Bash","Strike_R"],"score":3502,"play_id":"be7b2db6-45c5-4235-b181-47aad6eb6a3d","local_time":"20210112214853","is_ascension_mode":true,"campfire_choices":[{"data":"Fiend Fire","floor":6.0,"key":"SMITH"},{"data":"Fire Breathing","floor":8.0,"key":"SMITH"},{"data":"Power Through","floor":15.0,"key":"SMITH"},{"data":"Feel No Pain","floor":23.0,"key":"SMITH"},{"data":"Fiend Fire","floor":29.0,"key":"SMITH"},{"data":"infinitespire:Starlight","floor":32.0,"key":"SMITH"},{"floor":40,"key":"RECALL"},{"data":"Offering","floor":44,"key":"SMITH"},{"data":"Power Through","floor":47,"key":"SMITH"},{"data":"Dual Wield","floor":49,"key":"SMITH"},{"data":"Feel No Pain","floor":53,"key":"SMITH"}],"circlet_count":0,"master_deck":["AscendersBane","Strike_R","Defend_R","Defend_R","Defend_R","Defend_R","Fire Breathing+1","Second Wind","Feel No Pain+1","Fiend Fire+1","Feel No Pain+1","Power Through+1","Dual Wield+1","Fire Breathing","Fire Breathing","Headbutt","True Grit","Evolve","Power Through+1","Offering+1","infinitespire:Starlight+1","Fiend Fire+1","Exhume+1","Disarm+1","Wild Strike","infinitespire:TheBestDefense+1","Fiend Fire","Feel No Pain+1","Entrench+1","Madness+1","Madness+1","Disarm+1"],"relics":["Burning Blood","Prayer Wheel","hubris:MysteriousPyramids","Membership Card","Charon\u0027s Ashes","Juzu Bracelet","Pen Nib","hubris:ScarierMask","hubris:Towel","Red Mask","Toxic Egg 2","Oddly Smooth Stone","infinitespire:FocusingShard","Regal Pillow","Runic Pyramid","hubris:Reverence","Calipers","Magic Flower","Incense Burner","infinitespire:BottledMercury","infinitespire:WardingShard","MerchantsRug","Strange Spoon","Lantern","Bag of Preparation"],"acts_visited":["Exordium","TheCity","TheBeyond","TheEnding"],"potions_floor_usage":[56],"damage_taken":[{"damage":0.0,"enemies":"Cultist","floor":1.0,"turns":4.0},{"damage":0.0,"enemies":"Jaw Worm","floor":2.0,"turns":5.0},{"damage":3.0,"enemies":"Small Slimes","floor":5.0,"turns":5.0},{"damage":8.0,"enemies":"Gremlin Nob","floor":7.0,"turns":7.0},{"damage":19.0,"enemies":"3 Sentries","floor":10.0,"turns":4.0},{"damage":0.0,"enemies":"Blue Slaver","floor":11.0,"turns":5.0},{"damage":8.0,"enemies":"3 Louse","floor":13.0,"turns":3.0},{"damage":8.0,"enemies":"Large Slime","floor":14.0,"turns":4.0},{"damage":35.0,"enemies":"Slime Boss","floor":16.0,"turns":6.0},{"damage":6.0,"enemies":"3 Byrds","floor":18.0,"turns":3.0},{"damage":9.0,"enemies":"Masked Bandits","floor":20.0,"turns":3.0},{"damage":1.0,"enemies":"Chosen","floor":24.0,"turns":4.0},{"damage":13.0,"enemies":"Book of Stabbing","floor":25.0,"turns":6.0},{"damage":23.0,"enemies":"Slavers","floor":27.0,"turns":4.0},{"damage":6.0,"enemies":"3 Cultists","floor":28.0,"turns":3.0},{"damage":0.0,"enemies":"Centurion and Healer","floor":30.0,"turns":4.0},{"damage":45.0,"enemies":"Nightmare","floor":31.0,"turns":7.0},{"damage":120.0,"enemies":"Automaton","floor":33.0,"turns":8.0},{"damage":8,"enemies":"3 Shapes","floor":35,"turns":5},{"damage":19,"enemies":"3 Darklings","floor":37,"turns":4},{"damage":21,"enemies":"2 Orb Walkers","floor":38,"turns":3},{"damage":6,"enemies":"Nemesis","floor":41,"turns":7},{"damage":78,"enemies":"Transient","floor":46,"turns":6},{"damage":6,"enemies":"Giant Head","floor":48,"turns":11},{"damage":7,"enemies":"Time Eater","floor":50,"turns":9},{"damage":31,"enemies":"Donu and Deca","floor":51,"turns":8},{"damage":26,"enemies":"Shield and Spear","floor":55,"turns":5},{"damage":65,"enemies":"The Heart","floor":56,"turns":14}],"seed_played":"-2290084986406811458","potions_obtained":[{"floor":1.0,"key":"Block Potion"},{"floor":2.0,"key":"Ancient Potion"},{"floor":28.0,"key":"FairyPotion"},{"floor":33,"key":"Swift Potion"}],"is_trial":false,"path_per_floor":["M","M","$","$","M","R","E","R","T","E","M","?","M","M","R","B",null,"M","?","?","?","?","R","M","E","T","E","M","R","M","NM","R","B",null,"M","$","M","?","?","R","E","AVR","T","R","$","M","R","E","R","B","B",null,"R","$","E","B",null],"character_chosen":"IRONCLAD","items_purchased":["Fire Breathing","Second Wind","Prayer Wheel","Feel No Pain","Fiend Fire","Feel No Pain","Power Through","Dual Wield","hubris:MysteriousPyramids","Fire Breathing","DollysMirror","Membership Card","Headbutt","hubris:Reverence","Calipers","Magic Flower","Entrench+1","infinitespire:WardingShard","MerchantsRug","Madness+1","Strange Spoon","Madness+1"],"campfire_rested":0,"item_purchase_floors":[0,0,0,0,0,0,0,0,0,0,0,0,0,36,36,36,45,45,45,45,45,54],"current_hp_per_floor":[74,75,75,75,75,75,73,73,73,60,66,49,47,55,55,36,65,65,65,72,72,51,51,66,69,69,62,72,72,80,51,51,22,66,64,64,76,68,68,68,80,80,80,80,80,34,34,60,60,80,80,80,80,80,80,34],"gold":50,"neow_bonus":"","is_daily":false,"chose_seed":false,"campfire_upgraded":10,"win_rate":0.0,"timestamp":1610455733,"path_taken":["M","M","?","$","M","R","E","R","T","E","M","?","M","M","R","BOSS","M","?","?","?","?","R","M","E","T","E","M","R","M","NM","R","BOSS","BOSS","M","$","M","?","?","R","E","AVR","T","R","$","M","R","E","R","BOSS","BOSS","R","$","E","BOSS"],"items_purchased_type":["Card","Card","Relic","Card","Card","Card","Card","Card","Relic","Card","Relic","Relic","Card","Relic","Relic","Relic","Card","Relic","Relic","Card","Relic","Card"],"build_version":"2020-12-22","purchased_purges":5,"victory":true,"max_hp_per_floor":[75,75,75,75,75,75,75,75,75,75,75,75,75,75,75,75,75,75,75,75,75,80,80,80,80,80,80,80,80,80,80,80,80,80,80,80,80,80,80,80,80,80,80,80,80,80,80,80,80,80,80,80,80,80,80,80],"relic_stats":{"Strange Spoon":[27],"Regal Pillow":0,"counters":[59,300],"Magic Flower":[67],"Prayer Wheel":19,"Charon\u0027s Ashes":[998],"Pen Nib":[7],"Juzu Bracelet":0,"Bag of Preparation":[2],"obtain_stats":[{"infinitespire:BottledMercury":29,"Regal Pillow":31,"Lantern":48,"Calipers":36,"Magic Flower":36,"Juzu Bracelet":9,"Incense Burner":38,"Bag of Preparation":55,"hubris:MysteriousPyramids":0,"Empty Cage":34,"Burning Blood":0,"Sozu":17,"Dream Catcher":7,"Centennial Puzzle":23,"hubris:Icosahedron":25,"hubris:AstralHammer":0,"infinitespire:Bottled Soul":9,"DollysMirror":46,"hubris:ScarierMask":17,"Prayer Wheel":0,"Red Mask":31,"Toxic Egg 2":25,"Runic Pyramid":34,"MerchantsRug":45,"Happy Flower":48,"Oddly Smooth Stone":26,"Thread and Needle":55,"infinitespire:FocusingShard":43,"Charon\u0027s Ashes":7,"Pen Nib":10,"infinitespire:CheckeredPen":40,"War Paint":0,"hubris:Towel":36,"Medical Kit":54,"Akabeko":11,"Mercury Hourglass":20,"Strange Spoon":45,"Bottled Flame":42,"infinitespire:WardingShard":45,"Bag of Marbles":28,"Membership Card":0,"hubris:Potato":0,"hubris:Reverence":36},{"infinitespire:BottledMercury":16,"Regal Pillow":48,"Lantern":55,"Calipers":50,"Magic Flower":50,"Juzu Bracelet":35,"Incense Burner":52,"Bag of Preparation":58,"hubris:MysteriousPyramids":31,"Empty Cage":19,"Burning Blood":0,"Sozu":12,"Dream Catcher":5,"Centennial Puzzle":15,"hubris:Icosahedron":15,"hubris:AstralHammer":0,"infinitespire:Bottled Soul":8,"DollysMirror":25,"hubris:ScarierMask":40,"Prayer Wheel":31,"Red Mask":18,"Toxic Egg 2":44,"Runic Pyramid":49,"MerchantsRug":53,"Happy Flower":27,"Oddly Smooth Stone":44,"Thread and Needle":30,"infinitespire:FocusingShard":23,"Charon\u0027s Ashes":35,"Pen Nib":36,"infinitespire:CheckeredPen":22,"War Paint":5,"hubris:Towel":20,"Medical Kit":29,"Akabeko":10,"Mercury Hourglass":13,"Strange Spoon":53,"Bottled Flame":23,"infinitespire:WardingShard":53,"Bag of Marbles":16,"Membership Card":31,"hubris:Potato":0,"hubris:Reverence":50},{"infinitespire:BottledMercury":79,"Regal Pillow":220,"Lantern":264,"Calipers":233,"Magic Flower":233,"Juzu Bracelet":164,"Incense Burner":240,"Bag of Preparation":286,"hubris:MysteriousPyramids":143,"Empty Cage":93,"Burning Blood":0,"Sozu":67,"Dream Catcher":17,"Centennial Puzzle":77,"hubris:Icosahedron":77,"hubris:AstralHammer":0,"infinitespire:Bottled Soul":37,"DollysMirror":111,"hubris:ScarierMask":186,"Prayer Wheel":143,"Red Mask":84,"Toxic Egg 2":202,"Runic Pyramid":228,"MerchantsRug":247,"Happy Flower":119,"Oddly Smooth Stone":202,"Thread and Needle":133,"infinitespire:FocusingShard":107,"Charon\u0027s Ashes":164,"Pen Nib":168,"infinitespire:CheckeredPen":104,"War Paint":17,"hubris:Towel":96,"Medical Kit":130,"Akabeko":55,"Mercury Hourglass":70,"Strange Spoon":247,"Bottled Flame":107,"infinitespire:WardingShard":247,"Bag of Marbles":79,"Membership Card":143,"hubris:Potato":0,"hubris:Reverence":233}],"Burning Blood":343},"card_choices":[{"not_picked":["Sword Boomerang","Dark Embrace"],"picked":"True Grit","floor":1.0},{"not_picked":["Sentinel","Thunderclap"],"picked":"Evolve","floor":1.0},{"not_picked":["Disarm","Twin Strike"],"picked":"Power Through","floor":2.0},{"not_picked":["Cleave","Clothesline","Iron Wave"],"picked":"SKIP","floor":2.0},{"not_picked":["Clothesline","Body Slam","Whirlwind"],"picked":"SKIP","floor":5.0},{"not_picked":["Seeing Red","True Grit","Feel No Pain"],"picked":"SKIP","floor":5.0},{"not_picked":["Rage","Intimidate","Whirlwind"],"picked":"SKIP","floor":7.0},{"not_picked":["Headbutt","Heavy Blade"],"picked":"Offering","floor":10.0},{"not_picked":["Uppercut","Intimidate","Hemokinesis"],"picked":"SKIP","floor":11.0},{"not_picked":["Intimidate","Heavy Blade","Combust"],"picked":"SKIP","floor":11.0},{"not_picked":["infinitespire:Fortify","infinitespire:Gouge"],"picked":"infinitespire:Starlight","floor":12.0},{"not_picked":["Sword Boomerang","Perfected Strike","Iron Wave"],"picked":"SKIP","floor":13.0},{"not_picked":["Warcry","Infernal Blade","Blood for Blood"],"picked":"SKIP","floor":13.0},{"not_picked":["Headbutt","Armaments","Uppercut"],"picked":"SKIP","floor":14.0},{"not_picked":["Anger","Thunderclap","Clothesline"],"picked":"SKIP","floor":14.0},{"not_picked":["Headbutt","Armaments","Uppercut"],"picked":"SKIP","floor":14.0},{"not_picked":["Anger","Thunderclap","Clothesline"],"picked":"SKIP","floor":14.0},{"not_picked":["Bludgeon","Corruption"],"picked":"Fiend Fire","floor":16.0},{"not_picked":["True Grit","Flame Barrier+1","Clash"],"picked":"SKIP","floor":18.0},{"not_picked":["Dropkick","Anger","Flex"],"picked":"SKIP","floor":18.0},{"not_picked":["Pummel","True Grit","Heavy Blade"],"picked":"SKIP","floor":24.0},{"not_picked":["Ghostly Armor","Body Slam","Warcry"],"picked":"SKIP","floor":24.0},{"not_picked":["Armaments+1","Fire Breathing"],"picked":"Exhume+1","floor":25.0},{"not_picked":["Flame Barrier+1","Thunderclap"],"picked":"Disarm+1","floor":27.0},{"not_picked":["Clash+1","Spot Weakness+1"],"picked":"Wild Strike","floor":28.0},{"not_picked":["Sword Boomerang","Infernal Blade+1","Entrench+1"],"picked":"SKIP","floor":28.0},{"not_picked":["Combust","Cleave","Uppercut+1"],"picked":"SKIP","floor":30.0},{"not_picked":["Sword Boomerang","Evolve","infinitespire:OneForAll"],"picked":"SKIP","floor":30.0},{"not_picked":["infinitespire:FinalStrike","infinitespire:Menacing"],"picked":"infinitespire:TheBestDefense","floor":31.0},{"not_picked":["Flex+1","Blood for Blood","Anger"],"picked":"SKIP","floor":31.0},{"not_picked":["Reaper","Bludgeon"],"picked":"Fiend Fire","floor":33},{"not_picked":["Twin Strike","Thunderclap","Brutality"],"picked":"SKIP","floor":35},{"not_picked":["Twin Strike","Warcry+1","Clothesline"],"picked":"SKIP","floor":35},{"not_picked":["Double Tap+1","Cleave+1","Shrug It Off+1"],"picked":"SKIP","floor":37},{"not_picked":["Carnage","Intimidate+1","Bloodletting+1"],"picked":"SKIP","floor":37},{"not_picked":["Wild Strike","Thunderclap+1"],"picked":"Feel No Pain+1","floor":41},{"not_picked":["Bloodletting+1","Rupture","Thunderclap"],"picked":"SKIP","floor":46},{"not_picked":["Dual Wield+1","Heavy Blade+1","Anger+1"],"picked":"SKIP","floor":46},{"not_picked":["Cleave","Feel No Pain","Twin Strike"],"picked":"SKIP","floor":48},{"not_picked":["Anger+1","Body Slam"],"picked":"Disarm+1","floor":55}],"player_experience":1031217,"relics_obtained":[{"floor":7.0,"key":"Charon\u0027s Ashes"},{"floor":9.0,"key":"Juzu Bracelet"},{"floor":10.0,"key":"Pen Nib"},{"floor":20.0,"key":"Red Mask"},{"floor":25.0,"key":"Toxic Egg 2"},{"floor":26.0,"key":"Oddly Smooth Stone"},{"floor":27.0,"key":"infinitespire:FocusingShard"},{"floor":31.0,"key":"Regal Pillow"},{"floor":38,"key":"Incense Burner"},{"floor":41,"key":"infinitespire:BottledMercury"},{"floor":48,"key":"Lantern"},{"floor":55,"key":"Bag of Preparation"}],"event_choices":[{"damage_healed":0.0,"max_hp_gain":0.0,"max_hp_loss":0.0,"gold_gain":0.0,"event_name":"Masked Bandits","player_choice":"Fought Bandits","floor":20.0,"gold_loss":0.0,"damage_taken":0.0},{"damage_healed":0.0,"max_hp_gain":0.0,"max_hp_loss":0.0,"gold_gain":0.0,"event_name":"The Mausoleum","player_choice":"Ignored","floor":21.0,"gold_loss":0.0,"damage_taken":0.0},{"damage_healed":0.0,"max_hp_gain":5.0,"max_hp_loss":0.0,"gold_gain":0.0,"event_name":"Forgotten Altar","player_choice":"Shed Blood","floor":22.0,"gold_loss":0.0,"damage_taken":26.0},{"damage_healed":0,"gold_gain":0,"player_choice":"Fight","damage_taken":0,"max_hp_gain":0,"max_hp_loss":0,"event_name":"Mysterious Sphere","floor":38,"gold_loss":0},{"damage_healed":0,"gold_gain":222,"player_choice":"Wore Mask","damage_taken":0,"max_hp_gain":0,"max_hp_loss":0,"event_name":"Tomb of Lord Red Mask","floor":39,"gold_loss":0}],"is_beta":false,"boss_relics":[{"not_picked":["infinitespire:Cupcake","hubris:CrackedHourglass"],"picked":"hubris:ScarierMask"},{"not_picked":["hubris:VirtuousBlindfold","hubris:HollowSoul"],"picked":"Runic Pyramid"}],"items_purged_floors":[0,0,0,3,42],"is_endless":false,"potions_floor_spawned":[1,2,7,14,20,28,33,41,48,55],"ascension_level":20}}