{"host":"egwexuw5uvnxf11j","time":1610411764,"event":{"mods":["2.2 Compatiblity","Aspiration","BaseMod","Better Altar","Better Note","Better Sensory Stone","Better Third Choice","Displayed Cursed Tome","Downfall","Hermit","Key Reminder","Koishi","Marisa????????","Minty Spire (QoL Compilation)","Quick Restart","Shade Mod","Spicy Shops","StSLib","The Construct","The Cursed","The Hierophant","The Runesmith","The Senshi","The Servant 0.9.4","Transform Curses"],"gold_per_floor":[118,193,193,2,40,69,69,80,103,146,183,202,249,291,300,429,429,457,264,264,289,309,309],"floor_reached":22,"playtime":1217,"items_purged":["Defend_G"],"score":218,"play_id":"c1e569ef-4af0-4f16-a4f1-7a475871137d","local_time":"20210111193604","is_ascension_mode":true,"campfire_choices":[{"floor":7,"key":"REST"},{"floor":15,"key":"REST"}],"circlet_count":0,"master_deck":["Strike_G","Strike_G","Strike_G","Strike_G","Strike_G","Defend_G","Defend_G","Defend_G","Defend_G","Survivor","Neutralize","Masterful Stab+1","HandOfGreed","Backflip","Flechettes","Dash","Dagger Spray","Underhanded Strike","Infinite Blades","Terror","Sucker Punch","Riddle With Holes","Blade Dance","Bouncing Flask","Envenom+1","Predator","Noxious Fumes","Dagger Throw","Bane","Acrobatics"],"relics":["Ring of the Snake","Dream Catcher","Pear","CeramicFish","The Specimen","keyreminder:keyreminder","Black Star"],"acts_visited":["Exordium","TheCity"],"potions_floor_usage":[6,11,13],"damage_taken":[{"damage":2,"enemies":"2 Louse","floor":1,"turns":4},{"damage":0,"enemies":"Jaw Worm","floor":5,"turns":2},{"damage":9,"enemies":"Gremlin Nob","floor":6,"turns":4},{"damage":0,"enemies":"Cultist","floor":8,"turns":3},{"damage":12,"enemies":"Exordium Wildlife","floor":10,"turns":2},{"damage":21,"enemies":"Lagavulin","floor":11,"turns":5},{"damage":9,"enemies":"Red Slaver","floor":12,"turns":4},{"damage":0,"enemies":"Gremlin Gang","floor":13,"turns":4},{"damage":6,"enemies":"3 Louse","floor":14,"turns":2},{"damage":31,"enemies":"The Guardian","floor":16,"turns":11},{"damage":26,"enemies":"Shell Parasite","floor":18,"turns":4},{"damage":21,"enemies":"Chosen","floor":21,"turns":6},{"damage":40,"enemies":"3 Cultists","floor":22,"turns":4}],"seed_played":"6421958566343941144","potions_obtained":[{"floor":1,"key":"EssenceOfSteel"},{"floor":6,"key":"AttackPotion"},{"floor":10,"key":"ColorlessPotion"},{"floor":11,"key":"SpeedPotion"}],"is_trial":false,"path_per_floor":["M","?","?","$","M","E","R","M","T","M","E","M","M","M","R","B",null,"M","$","?","M","M"],"character_chosen":"THE_SILENT","items_purchased":["HandOfGreed","Backflip","Noxious Fumes","Dagger Throw","Bane"],"campfire_rested":2,"item_purchase_floors":[4,4,19,19,19],"current_hp_per_floor":[68,57,57,57,57,58,80,80,80,68,47,38,38,32,56,25,80,54,54,54,33,0,0],"gold":309,"neow_bonus":"RANDOM_COMMON_RELIC","is_daily":false,"chose_seed":false,"campfire_upgraded":0,"win_rate":0.0,"timestamp":1610411764,"path_taken":["M","?","?","?","M","E","R","?","T","M","E","M","M","M","R","BOSS","M","$","?","M","?"],"items_purchased_type":["Card","Card","Card","Card","Card"],"build_version":"2020-12-22","purchased_purges":1,"victory":false,"max_hp_per_floor":[70,70,70,70,70,80,80,80,80,80,80,80,80,80,80,80,80,80,80,80,80,80,80],"card_choices":[{"not_picked":["Heel Hook","Flechettes"],"picked":"Masterful Stab","floor":1},{"not_picked":["Flying Knee","Dodge and Roll"],"picked":"Flechettes","floor":5},{"not_picked":["Reflex","Dodge and Roll"],"picked":"Dash","floor":6},{"not_picked":["Blur","Sucker Punch"],"picked":"Dagger Spray","floor":7},{"not_picked":["Backflip","PiercingWail"],"picked":"Underhanded Strike","floor":8},{"not_picked":["Concentrate","Sucker Punch"],"picked":"Infinite Blades","floor":10},{"not_picked":["Distraction","Deflect"],"picked":"Terror","floor":11},{"not_picked":["Backflip","Underhanded Strike"],"picked":"Sucker Punch","floor":12},{"not_picked":["Quick Slash","Sucker Punch"],"picked":"Riddle With Holes","floor":13},{"not_picked":["Distraction","Calculated Gamble"],"picked":"Blade Dance","floor":14},{"not_picked":["Acrobatics","Flechettes"],"picked":"Bouncing Flask","floor":15},{"not_picked":["aspiration:Lunge","Die Die Die"],"picked":"Envenom","floor":16},{"not_picked":["Riddle With Holes","All Out Attack"],"picked":"Predator","floor":18},{"not_picked":["Distraction","Dagger Spray"],"picked":"Acrobatics","floor":21}],"player_experience":2204324,"relics_obtained":[{"floor":6,"key":"Pear"},{"floor":9,"key":"CeramicFish"},{"floor":11,"key":"The Specimen"}],"event_choices":[{"damage_healed":0,"gold_gain":75,"player_choice":"Gold","damage_taken":11,"max_hp_gain":0,"max_hp_loss":0,"event_name":"betterThird:BetterGoop","floor":2,"gold_loss":0},{"damage_healed":0,"gold_gain":0,"player_choice":"Grow","damage_taken":0,"max_hp_gain":0,"max_hp_loss":0,"event_name":"Living Wall","floor":3,"gold_loss":0,"cards_upgraded":["Masterful Stab"]},{"damage_healed":0,"gold_gain":0,"player_choice":"Forge","damage_taken":0,"max_hp_gain":0,"max_hp_loss":0,"event_name":"Accursed Blacksmith","floor":20,"gold_loss":0,"cards_upgraded":["Envenom"]}],"is_beta":false,"boss_relics":[{"not_picked":["Fusion Hammer","Sozu"],"picked":"Black Star"}],"items_purged_floors":[19],"is_endless":false,"potions_floor_spawned":[1,6,10,11],"killed_by":"3 Cultists","ascension_level":2}}