{"host":"ekyl8r8j8fco3zlk","time":1610467414,"event":{"mods":["ATMod(∞¢Ë™Mod)","Act Like it!","Arknights The Spire","BaseMod","CapriCore","Friendly Minions","Gensokyo","Hallownest","Luminous","Marisa£®ÏF”Í°°ƒß¿Ì…≥£©","Minty Spire (QoL Compilation)","READ ME - Guardian Mod","Rare Cards Sparkle","Reimu£®≤©¿ˆ¡È√Œ£©","StSLib","The Alterego","The Bug Knight","The Immortal","The Jungle","Waifu the Spire","WarShipGirlsR/’ΩΩ¢…Ÿ≈ÆR mod","°æ“≈ŒÔø®≈∆°øREMEMod"],"gold_per_floor":[117,117,117,133,152,152,152,152,175,13,29,55,55,90,90,185,185,197,207,81,81,51,51,70,70,70,70,81,41,41,43,43,145,145,162,186,236,39,0,25,37,71,71,71,82,34,34,34,34,34,34],"floor_reached":50,"playtime":1722,"items_purged":[],"score":622,"play_id":"7becab09-1ff9-444b-bc4b-d9474452e023","local_time":"20210113000334","is_ascension_mode":false,"campfire_choices":[{"data":"alterego_mod:Punishment","floor":6,"key":"SMITH"},{"data":"alterego_mod:DiscoLights","floor":8,"key":"SMITH"},{"data":"alterego_mod:Weigh","floor":13,"key":"SMITH"},{"data":"alterego_mod:Rip","floor":15,"key":"SMITH"},{"data":"alterego_mod:Lift","floor":23,"key":"SMITH"},{"floor":25,"key":"REST"},{"data":"alterego_mod:Nekomimi","floor":27,"key":"SMITH"},{"data":"AT_TearsDenial","floor":30,"key":"SMITH"},{"floor":32,"key":"REST"},{"data":"alterego_mod:RingBreak","floor":44,"key":"SMITH"},{"floor":47,"key":"REST"},{"data":"alterego_mod:BiFurious","floor":49,"key":"SMITH"}],"circlet_count":0,"master_deck":["alterego_mod:Strike","alterego_mod:Strike","alterego_mod:Strike","alterego_mod:Defend","alterego_mod:Defend","alterego_mod:Defend+1","alterego_mod:Defend","alterego_mod:Impale","alterego_mod:BigMeatyClaws","alterego_mod:BrynhildrsRune","AT_TearsDenial+1","alterego_mod:Undulate","alterego_mod:Punishment+1","alterego_mod:Rip+1","alterego_mod:DiscoLights+1","alterego_mod:Weigh+1","alterego_mod:Exercise","alterego_mod:GoddessCore","alterego_mod:BiFurious+1","alterego_mod:Lift+1","alterego_mod:MaintainEyeContact","alterego_mod:1TonWallop+1","alterego_mod:SakuraPetals","alterego_mod:InsideBaseball","alterego_mod:Nekomimi+1","ZunPunch:ReiMu+1","alterego_mod:Valentines+1","alterego_mod:RingBreak+1","alterego_mod:PerceptionDisorder+1","alterego_mod:ChallengeComplete+1","alterego_mod:BustOut+1","alterego_mod:Clones+1","alterego_mod:Cycle+1","alterego_mod:PerceptionDisorder+1","alterego_mod:Birthday"],"relics":["alterego_mod:MasochisticConstitution","AT_ATBox","REME_ComplimentaryCards","NeowsBlessing","REME_HandOfSuture","Singing Bowl","AT_LudenTempest","REME_ChargedStone","Mango","AT_EbonyIvory","SacredBark","Gambling Chip","Shovel","AT_BladeRuinedKing","Red Mask","War Paint","HornCleat","Frozen Egg 2"],"acts_visited":["Exordium","TheCity","TheBeyond"],"potions_floor_usage":[16,20,31,31,40,41,42,45],"damage_taken":[{"damage":0,"enemies":"Small Slimes","floor":1,"turns":1},{"damage":0,"enemies":"Cultist","floor":4,"turns":1},{"damage":0,"enemies":"Jaw Worm","floor":5,"turns":1},{"damage":16,"enemies":"Lots of Slimes","floor":11,"turns":5},{"damage":25,"enemies":"3 Sentries","floor":12,"turns":6},{"damage":14,"enemies":"Lagavulin","floor":14,"turns":4},{"damage":33,"enemies":"Hexaghost","floor":16,"turns":7},{"damage":11,"enemies":"Chosen","floor":18,"turns":2},{"damage":20,"enemies":"2 Thieves","floor":19,"turns":3},{"damage":25,"enemies":"Snake Plant","floor":22,"turns":2},{"damage":24,"enemies":"Centurion and Healer","floor":24,"turns":2},{"damage":15,"enemies":"3 Cultists","floor":28,"turns":4},{"damage":10,"enemies":"Book of Stabbing","floor":31,"turns":2},{"damage":71,"enemies":"Champ","floor":33,"turns":8},{"damage":11,"enemies":"Orb Walker","floor":35,"turns":4},{"damage":48,"enemies":"2 Orb Walkers","floor":36,"turns":3},{"damage":22,"enemies":"Mind Bloom Boss Battle","floor":37,"turns":5},{"damage":32,"enemies":"Giant Head","floor":40,"turns":5},{"damage":6,"enemies":"3 Darklings","floor":41,"turns":3},{"damage":0,"enemies":"Nemesis","floor":42,"turns":1},{"damage":7,"enemies":"Jaw Worm Horde","floor":45,"turns":3},{"damage":68,"enemies":"Awakened One","floor":50,"turns":5}],"seed_played":"-3001779518598573193","potions_obtained":[{"floor":5,"key":"Swift Potion"},{"floor":12,"key":"EssenceOfSteel"},{"floor":24,"key":"FearPotion"},{"floor":31,"key":"SmokeBomb"},{"floor":33,"key":"SteroidPotion"},{"floor":35,"key":"EssenceOfSteel"},{"floor":40,"key":"DistilledChaos"}],"is_trial":false,"path_per_floor":["M","?","?","M","M","R","?","R","T","$","M","E","R","E","R","B",null,"M","M","$","?","M","R","M","R","T","R","M","?","R","E","R","B",null,"M","?","?","$","?","E","M","E","T","R","M","$","R","$","R","B"],"character_chosen":"The_Alterego","items_purchased":["alterego_mod:Weigh","alterego_mod:SakuraPetals","REME_GoldPotion","AT_BladeRuinedKing","Block Potion","alterego_mod:Birthday"],"campfire_rested":3,"item_purchase_floors":[10,20,20,38,38,46],"current_hp_per_floor":[70,75,75,75,75,75,75,75,75,75,74,50,50,37,37,5,79,69,50,50,50,28,28,5,30,44,44,30,30,30,21,51,16,102,99,52,31,31,31,16,32,32,32,32,33,33,65,65,65,0,0],"gold":34,"neow_bonus":"THREE_ENEMY_KILL","is_daily":false,"chose_seed":false,"campfire_upgraded":9,"win_rate":0.0,"timestamp":1610467414,"path_taken":["M","?","?","M","?","R","?","R","T","$","M","E","R","E","R","BOSS","M","?","?","?","M","R","M","R","T","R","?","?","R","E","R","BOSS","M","?","?","$","?","E","M","E","T","R","?","$","R","$","R","BOSS"],"items_purchased_type":["Card","Card","Potion","Relic","Potion","Card"],"build_version":"2020-12-22","purchased_purges":0,"victory":false,"max_hp_per_floor":[70,75,75,75,75,75,75,75,75,75,76,77,77,78,78,79,79,80,81,81,81,84,84,85,85,99,99,100,100,100,101,101,102,102,103,104,105,105,105,106,107,107,107,107,108,108,108,108,108,108,108],"card_choices":[{"not_picked":["alterego_mod:1TonWallop","alterego_mod:Complex"],"picked":"alterego_mod:Undulate","floor":1},{"not_picked":["alterego_mod:TrashNCrash","alterego_mod:Pet"],"picked":"alterego_mod:Punishment","floor":4},{"not_picked":["alterego_mod:Bunnysuit","alterego_mod:Skirt"],"picked":"alterego_mod:Rip","floor":5},{"not_picked":["alterego_mod:GachaTicket","alterego_mod:Maid"],"picked":"alterego_mod:Exercise","floor":11},{"not_picked":["alterego_mod:Complex","alterego_mod:Santa"],"picked":"alterego_mod:GoddessCore","floor":12},{"not_picked":["alterego_mod:MagicResistance","alterego_mod:Bloomers"],"picked":"alterego_mod:BiFurious","floor":14},{"not_picked":["alterego_mod:VirginLaserPalladion","alterego_mod:RingBreak"],"picked":"alterego_mod:Lift","floor":16},{"not_picked":["alterego_mod:Bounce","alterego_mod:DiscoLights"],"picked":"alterego_mod:MaintainEyeContact","floor":18},{"not_picked":["alterego_mod:Belts","alterego_mod:Schoolgirl+1"],"picked":"alterego_mod:1TonWallop+1","floor":19},{"not_picked":[],"picked":"alterego_mod:InsideBaseball","floor":21},{"not_picked":["alterego_mod:Rip","alterego_mod:Complex","alterego_mod:MaintainEyeContact"],"picked":"Singing Bowl","floor":22},{"not_picked":["alterego_mod:Lingerie","alterego_mod:Collar"],"picked":"alterego_mod:Nekomimi","floor":24},{"not_picked":["alterego_mod:Complex","alterego_mod:Undulate+1","alterego_mod:BiFurious"],"picked":"SKIP","floor":28},{"not_picked":["alterego_mod:Cycle","alterego_mod:Nekomimi+1"],"picked":"alterego_mod:Valentines+1","floor":31},{"not_picked":["alterego_mod:Antipathy","alterego_mod:Rake"],"picked":"alterego_mod:RingBreak","floor":33},{"not_picked":["alterego_mod:Cycle","alterego_mod:Rip"],"picked":"alterego_mod:PerceptionDisorder+1","floor":35},{"not_picked":["alterego_mod:Table+1","alterego_mod:Cushion+1"],"picked":"alterego_mod:ChallengeComplete+1","floor":36},{"not_picked":["alterego_mod:Clap","alterego_mod:DiscoLights"],"picked":"alterego_mod:BustOut+1","floor":40},{"not_picked":["alterego_mod:GoddessCore+1","alterego_mod:DeftHands+1"],"picked":"alterego_mod:Clones+1","floor":41},{"not_picked":["alterego_mod:1TonWallop","alterego_mod:InsideBaseball"],"picked":"alterego_mod:Cycle+1","floor":42},{"not_picked":["alterego_mod:Bunnysuit","alterego_mod:Bounce"],"picked":"alterego_mod:PerceptionDisorder+1","floor":45}],"player_experience":479095,"relics_obtained":[{"floor":9,"key":"REME_HandOfSuture"},{"floor":12,"key":"Singing Bowl"},{"floor":14,"key":"AT_LudenTempest"},{"floor":26,"key":"Mango"},{"floor":31,"key":"AT_EbonyIvory"},{"floor":36,"key":"Gambling Chip"},{"floor":37,"key":"Shovel"},{"floor":40,"key":"War Paint"},{"floor":42,"key":"HornCleat"},{"floor":43,"key":"Frozen Egg 2"}],"event_choices":[{"damage_healed":0,"gold_gain":0,"player_choice":"Donut","damage_taken":0,"max_hp_gain":5,"max_hp_loss":0,"event_name":"Big Fish","floor":2,"gold_loss":0},{"cards_removed":["True Grit"],"damage_healed":5,"gold_gain":0,"player_choice":"Offered Common","damage_taken":0,"max_hp_gain":0,"max_hp_loss":0,"event_name":"Bonfire Elementals","floor":3,"gold_loss":0},{"cards_removed":["True Grit"],"damage_healed":5,"gold_gain":0,"player_choice":"Offered Special","damage_taken":0,"max_hp_gain":0,"max_hp_loss":0,"event_name":"Bonfire Elementals","floor":3,"gold_loss":0},{"damage_healed":0,"gold_gain":0,"cards_transformed":["alterego_mod:Strike"],"player_choice":"Transformed","damage_taken":0,"max_hp_gain":0,"max_hp_loss":0,"event_name":"Transmorgrifier","floor":7,"gold_loss":0,"cards_obtained":["alterego_mod:DiscoLights"]},{"damage_healed":0,"gold_gain":0,"player_choice":"Ωª≥ˆ…Òæ∆","damage_taken":0,"max_hp_gain":0,"max_hp_loss":0,"event_name":"ZunEvent","floor":29,"relics_lost":["ZunR:ReiMu"],"gold_loss":0,"cards_obtained":["ZunPunch:ReiMu"]},{"damage_healed":0,"gold_gain":0,"player_choice":"Fight","damage_taken":0,"max_hp_gain":0,"max_hp_loss":0,"event_name":"Mysterious Sphere","floor":36,"gold_loss":0},{"damage_healed":0,"gold_gain":0,"player_choice":"Fight","damage_taken":0,"max_hp_gain":0,"max_hp_loss":0,"event_name":"MindBloom","floor":37,"gold_loss":0},{"damage_healed":0,"gold_gain":0,"player_choice":"Paid","damage_taken":0,"relics_obtained":["Red Mask"],"max_hp_gain":0,"max_hp_loss":0,"event_name":"Tomb of Lord Red Mask","floor":39,"gold_loss":39}],"is_beta":false,"boss_relics":[{"not_picked":["Tiny House","AT_TrinityForce"],"picked":"REME_ChargedStone"},{"not_picked":["Sozu","Calling Bell"],"picked":"SacredBark"}],"items_purged_floors":[],"is_endless":false,"potions_floor_spawned":[5,12,24,31,33,35,40],"killed_by":"Awakened One","ascension_level":0}}