{"host":"bxdue9bkfm2khp2x","time":1610435768,"event":{"mods":["ATMod(阿瑾Mod)","Aspiration","BaseMod","Better Vampires","Challenge The Spire","Colored Map","Colored Powertips","Conspire","Decade(王小明)","Dota2Spire","Highlight Path","Minty Spire (QoL Compilation)","MostiFishMod","Remilia（蕾米莉亚）","Replay The Spire","RumiaBox-露米娅的神秘盒子","Ryuuou龙王","Spicy Shops","StSLib","Td1madao Mod","The Alterego","The Bug Knight","The Cursed","The Servant 0.9.4","WarShipGirlsR/战舰少女R mod","noobMod","vexMod","【功能Mod】混沌之环修复补丁","【遗物卡牌】REMEMod","篝火指南"],"gold_per_floor":[117,117,117,117,129,164,164,222,290,145,145,156,166,520,520,598,598,574,574,586,856,205,205,218,218,218,143,158,158,175,200,200,271,271,282,282,282,331,349,349,367,393,393,393,72,84,84,84,84,84,84],"floor_reached":52,"playtime":4199,"items_purged":["Twin Teeth","Strike_C","Provocative","Shame","Strike_C","Strike_C"],"score":2291,"play_id":"a4e8e63a-5a95-4422-9436-4b026383f76d","local_time":"20210112151608","is_ascension_mode":true,"campfire_choices":[{"data":"AT_Dispersion","floor":7.0,"key":"SMITH"},{"data":"Fire Up","floor":11.0,"key":"SMITH"},{"data":"Black Shadow","floor":15.0,"key":"SMITH"},{"data":"Memory Alloy","floor":23.0,"key":"SMITH"},{"data":"Memory Alloy","floor":25.0,"key":"SMITH"},{"data":"Fire Up","floor":29.0,"key":"SMITH"},{"data":"Here Defend Chip","floor":32.0,"key":"SMITH"},{"data":"Here Defend Chip","floor":40,"key":"SMITH"},{"data":"Break Into","floor":44,"key":"SMITH"},{"data":"Reinforcement Parts","floor":47,"key":"SMITH"},{"data":"Kiva_Swallow","floor":49,"key":"SMITH"}],"circlet_count":0,"master_deck":["AscendersBane","Strike_C","Defend_C","Defend_C","Knight Kick","Chip","Kiva_Swallow+1","AT_Dispersion+1","Fire Up+1","Chip Synthesis+1","Fire Up+1","Black Shadow+1","Oblique Hack","Reinforcement Parts+1","Here Defend Chip+1","Memory Alloy+1","Here Defend Chip+1","Memory Alloy+1","Preloading","Here Defend Chip+1","Load Balancing+1","Load Balancing+1","Here Defend Chip+1","Break Into+1","Perfect Defend+1","Load Balancing+1"],"relics":["Apod","DaveBox","REME_ComplimentaryCards","ice","AT_ATBox","White Beast Statue","NeowsBlessing","SynthV:TestCard","GodSword3","AT_RabadonDeathcap","AT_GreenNoBalance","AT_SeraphEmbrace","Frozen Egg 2","Dota2Spire:PhaseBoots","Ancient Tea Set","SlaversCollar","vexMod:CardConverter","Gambling Chip"],"acts_visited":["Exordium","TheCity","TheBeyond"],"potions_floor_usage":[38,38,41,42,46],"damage_taken":[{"damage":0.0,"enemies":"2 Louse","floor":1.0,"turns":2.0},{"damage":0.0,"enemies":"Small Slimes","floor":5.0,"turns":1.0},{"damage":0.0,"enemies":"3 Sentries","floor":6.0,"turns":1.0},{"damage":31.0,"enemies":"Lagavulin","floor":8.0,"turns":3.0},{"damage":7.0,"enemies":"Jaw Worm","floor":12.0,"turns":2.0},{"damage":0.0,"enemies":"Exordium Thugs","floor":13.0,"turns":3.0},{"damage":0.0,"enemies":"Fading Forest","floor":16.0,"turns":13.0},{"damage":27.0,"enemies":"2 Thieves","floor":18.0,"turns":4.0},{"damage":0.0,"enemies":"Chosen","floor":20.0,"turns":4.0},{"damage":10.0,"enemies":"Centurion and Healer","floor":24.0,"turns":8.0},{"damage":17.0,"enemies":"Sentry and Sphere","floor":28.0,"turns":6.0},{"damage":0.0,"enemies":"Snecko","floor":30.0,"turns":5.0},{"damage":0.0,"enemies":"HollowMod:Nosk","floor":31.0,"turns":7.0},{"damage":16.0,"enemies":"conspire:MysteriousRune","floor":33.0,"turns":9.0},{"damage":12,"enemies":"3 Shapes","floor":35,"turns":5},{"damage":7,"enemies":"3 Darklings","floor":38,"turns":6},{"damage":0,"enemies":"Spire Growth","floor":39,"turns":5},{"damage":0,"enemies":"Jaw Worm Horde","floor":41,"turns":4},{"damage":7,"enemies":"HollowMod:StalkingDevout","floor":42,"turns":5},{"damage":6,"enemies":"Transient","floor":46,"turns":5},{"damage":0,"enemies":"Time Eater","floor":50,"turns":4},{"damage":0,"enemies":"Donu and Deca","floor":51,"turns":5}],"seed_played":"-4397397634587723897","potions_obtained":[{"floor":1.0,"key":"ColorlessPotion"},{"floor":3.0,"key":"Death Potion"},{"floor":5.0,"key":"REME_GoldPotion"},{"floor":8.0,"key":"SkillPotion"},{"floor":12.0,"key":"AttackPotion"},{"floor":16.0,"key":"Weak Potion"},{"floor":18.0,"key":"Regen Potion"},{"floor":20.0,"key":"PowerPotion"},{"floor":24.0,"key":"Dexterity Potion"},{"floor":31.0,"key":"Adrenaline Potion"},{"floor":35,"key":"REME_GoldPotion"},{"floor":38,"key":"Swift Potion"},{"floor":39,"key":"EssenceOfSteel"},{"floor":41,"key":"Regen Potion"},{"floor":42,"key":"Fruit Juice"},{"floor":46,"key":"SpeedPotion"}],"is_trial":false,"path_per_floor":["M","?","?","?","M","E","R","E","T","$","R","M","M","$","R","B",null,"M","?","M","?","$","R","M","R","T","?","M","R","M","E","R","B",null,"M","?","?","M","M","R","M","E","T","R","$","M","R","?","R","B","B",null],"character_chosen":"TD1MADAO_CLASS","items_purchased":["Here Defend Chip","AT_ArchangelStaff","Memory Alloy","Here Defend Chip","Frozen Egg 2","Dota2Spire:PhaseBoots","Here Defend Chip+1","Perfect Defend+1"],"campfire_rested":0,"item_purchase_floors":[10,14,14,14,22,22,22,45],"current_hp_per_floor":[60,60,60,60,60,60,60,29,29,29,29,26,33,33,33,33,59,6,6,33,6,6,6,23,23,23,23,16,16,33,33,33,17,55,43,43,39,32,32,32,32,32,32,32,34,45,45,49,49,49,49],"gold":84,"neow_bonus":"THREE_ENEMY_KILL","is_daily":false,"chose_seed":false,"campfire_upgraded":11,"win_rate":0.0,"timestamp":1610435768,"path_taken":["M","?","?","?","?","E","R","E","T","?","R","M","M","$","R","BOSS","M","?","?","?","?","R","M","R","T","?","M","R","M","E","R","BOSS","M","?","?","?","M","R","M","E","T","R","$","M","R","?","R","BOSS","BOSS"],"items_purchased_type":["Card","Relic","Card","Card","Relic","Relic","Card","Card"],"build_version":"2020-12-22","purchased_purges":6,"victory":true,"max_hp_per_floor":[67,67,67,67,67,67,67,67,67,67,67,67,67,67,67,67,67,67,67,67,67,67,67,67,67,67,67,67,67,67,67,67,67,67,67,67,67,67,67,67,67,74,74,74,76,78,78,78,78,78,78],"card_choices":[{"not_picked":["Oblique Hack","Floating Even"],"picked":"Fire Up","floor":1.0},{"not_picked":["Pod Fire","Winding Magic","Rupture","E MP","Light Attack"],"picked":"SKIP","floor":5.0},{"not_picked":["Floating Swing Kick","White Contract","Paralysis","Bugfix","Ruin Defend"],"picked":"SKIP","floor":6.0},{"not_picked":["Twin Teeth","Bugfix","Sub Weapons","Lore"],"picked":"Reinforcement Parts","floor":8.0},{"not_picked":["Trader","Twin Teeth","Lunge","De Ware Chip","Black Execution"],"picked":"SKIP","floor":12.0},{"not_picked":["Paralysis","Fire Blade","Machining","Three Hit","Gravity Defend"],"picked":"SKIP","floor":13.0},{"not_picked":["Pod Laser","Shockwave Tdmadao","Backup","Black Contract"],"picked":"Memory Alloy","floor":16.0},{"not_picked":["Floating Even+1","Fire Blade","Black Hand","Floating Swing Kick","Sudden Beat"],"picked":"SKIP","floor":18.0},{"not_picked":["Coercion","Resistance","White Contract","Oblique Hack"],"picked":"Preloading","floor":20.0},{"not_picked":["Break Into","Floating Swing Kick","Reflection Mechanism","Pod Fire+1","Twin Teeth"],"picked":"SKIP","floor":24.0},{"not_picked":["Preloading","Overclocking","Weapon Shift","Fire Blade"],"picked":"Load Balancing+1","floor":28.0},{"not_picked":["Weapon Shift","Black Hand","Transfer Energy+1","E MP","Cursed Blade"],"picked":"SKIP","floor":30.0},{"not_picked":["Lunge","Afterwards","Chip Synthesis","Transfer Energy+1","Machining"],"picked":"SKIP","floor":31.0},{"not_picked":["Resistance","Preloading","Black Dance+1","Judgment","Black Execution"],"picked":"SKIP","floor":35},{"not_picked":["Paralysis+1","Provocative","Preloading","Light Attack"],"picked":"Load Balancing+1","floor":38},{"not_picked":["De Ware Chip","Paralysis","Oblique Hack","Black Spear"],"picked":"Here Defend Chip+1","floor":39},{"not_picked":["Black Shadow","Weapon Shift+1","Afterwards","Fixing+1","Coercion+1"],"picked":"SKIP","floor":41},{"not_picked":["Data Freezing","Light Attack","Sudden Beat+1","Floating Even"],"picked":"Break Into","floor":42},{"not_picked":["Twin Teeth+1","Black Warm Hole","Fire Blade","Provocative"],"picked":"Load Balancing+1","floor":46}],"player_experience":1212211,"relics_obtained":[{"floor":1.0,"key":"SynthV:TestCard"},{"floor":6.0,"key":"GodSword3"},{"floor":8.0,"key":"AT_RabadonDeathcap"},{"floor":9.0,"key":"AT_SilverBalance"},{"floor":26.0,"key":"Ancient Tea Set"},{"floor":42,"key":"vexMod:CardConverter"},{"floor":43,"key":"Gambling Chip"}],"event_choices":[{"damage_healed":0.0,"max_hp_gain":0.0,"max_hp_loss":0.0,"gold_gain":0.0,"event_name":"Match and Keep!","player_choice":"0 cards matched","floor":19.0,"gold_loss":0.0,"damage_taken":0.0,"cards_obtained":[]},{"damage_healed":0.0,"max_hp_gain":0.0,"max_hp_loss":0.0,"gold_gain":270.0,"event_name":"Knowing Skull","player_choice":"GOLD GOLD GOLD ","floor":21.0,"potions_obtained":[],"gold_loss":0.0,"damage_taken":27.0,"cards_obtained":[]},{"cards_removed":["Defend_C"],"damage_healed":0.0,"max_hp_gain":0.0,"max_hp_loss":0.0,"gold_gain":0.0,"event_name":"Beggar","player_choice":"Gave Gold","floor":27.0,"gold_loss":75.0,"damage_taken":0.0},{"damage_healed":0,"gold_gain":0,"player_choice":"Ignored","damage_taken":0,"max_hp_gain":0,"max_hp_loss":0,"event_name":"Tomb of Lord Red Mask","floor":36,"gold_loss":0},{"damage_healed":0,"gold_gain":0,"player_choice":"Bought 0 Potions","damage_taken":0,"max_hp_gain":0,"max_hp_loss":0,"event_name":"The Woman in Blue","floor":37,"gold_loss":0}],"is_beta":false,"boss_relics":[{"not_picked":["PatriotShield","Replay:Ancient Bell","Velvet Choker"]},{"not_picked":["vexMod:RockOfEvil","ChiXiaoBlade"],"picked":"SlaversCollar"}],"items_purged_floors":[10,14,14,22,22,45],"is_endless":false,"potions_floor_spawned":[1,5,6,8,12,13,16,18,20,24,28,30,31,33,35,38,39,41,42,46],"ascension_level":20}}