{"host":"y087t2reloz9bi43","time":1610472619,"event":{"mods":["2.2 Compatiblity","AchievementEnabler","Aspiration","BaseMod","Beaked The Cultist","Bestiary","Better Note","Better Vampires","BetterRewards","ChefMod","Colored Map","Colored Powertips","Conspire","Downfall","Ekko","Fireblade Mod","Friendly Minions","GifTheSpireLib","Halation","Hermit","Hubris","Infinite Spire","Jedi Mod","JesterMod","Jorbs\u0027s Wanderer Trilogy","Mad Scientist","Marisa????????","Mimic Mod","Minty Spire (QoL Compilation)","Permanent Neow","Rare Cards Sparkle","Relic Stats","Replay The Spire","Robot Space Explorer","Shade Mod","Shop Mod","StSLib","The Blackbeard","The Bug Knight","The Construct","The Cursed","The Hierophant","The Jungle","The Marked","The Mystic","The Necromancer","The Runesmith","The Servant 0.9.4","TheHeartMod","TheHero","TheVacant","Uncapped","everything is the same but u backflip on backflip","vexMod"],"gold_per_floor":[99,119,139,150,66,94,118,137,137,137,137,162,162,162,191,287,287,287,314,314,340,340,365,417,442,467,501,411,439,489,489,515,631,631,481,492,492,512,543,543,543,468,468,518,518,518,544,544,574,584,603,603],"floor_reached":53,"playtime":9244,"items_purged":["hexamod:Strike","hexamod:Defend","hexamod:Defend"],"score":786,"play_id":"7e14b445-5062-433c-8eae-52a8450d9d7e","local_time":"20210112173019","is_ascension_mode":false,"campfire_choices":[{"data":"hexamod:Strike","floor":1,"key":"PURGE"},{"data":"hexamod:SoulSteal","floor":11,"key":"SMITH"},{"data":"hexamod:HeatCrush","floor":13,"key":"SMITH"},{"data":"hexamod:SearingWound","floor":18,"key":"SMITH"},{"floor":35,"key":"RECALL"},{"data":"infinitespire:TheBestDefense","floor":42,"key":"SMITH"},{"data":"hexamod:Float","floor":45,"key":"SMITH"}],"circlet_count":0,"master_deck":["hexamod:Strike","hexamod:Strike","hexamod:Defend","hexamod:Sear","hexamod:Float+1","hexamod:HeatCrush+1","hexamod:FirstSeal","hexamod:BurningTouch","hexamod:Firestarter","hexamod:SoulSteal+1","hexamod:ChargedBarrage","hexamod:ThermalTransfer+1","hexamod:SearingWound+1","hexamod:SuperheatedStrike+1","Replay:Dark Deal","hubris:Insight","Deep Breath","infinitespire:TheBestDefense+1","hexamod:EtherealExpedition+1","hexamod:SuperheatedStrike+1","hexamod:FlamesFromBeyond","hexamod:PhantomFireball+1","hexamod:RainOfEmbers+1","hexamod:TimeOfNeed+1","hexamod:ApocalypseNow","hexamod:RetreatToShadows+1","hexamod:BurningTouch+1","ReplayTheSpireMod:Splinters","hexamod:DynamicBlow+1","hexamod:RetreatToShadows","hexamod:RainOfEmbers+1","hexamod:ExtraCrispy+1"],"relics":["hexamod:SpiritBrand","Boot","Molten Egg 2","Replay:Baseball","ReplayTheSpireMod:Ring of Challenge","Ring of Searing","conspire:SlowCooker","ReplayTheSpireMod:ShopPack","Replay:Wax Seal","hexamod:MatchstickCase","Gremlin Food","Coffee Dripper","downfall:HeartBlessingGreen","downfall:HeartBlessingBlue","downfall:HeartBlessingRed","infinitespire:WardingShard","InkBottle","Membership Card","PreservedInsect","Pen Nib"],"acts_visited":["Exordium","TheCity","TheBeyond"],"potions_floor_usage":[6,16,19,25,33,49,51,52,52],"damage_taken":[{"damage":0,"enemies":"2 Louse","floor":2,"turns":3},{"damage":8,"enemies":"Small Slimes","floor":3,"turns":3},{"damage":2,"enemies":"conspire:RoseBush","floor":4,"turns":3},{"damage":0,"enemies":"downfall:FleeingMerchant","floor":5,"turns":4},{"damage":12,"enemies":"3 Sentries","floor":6,"turns":4},{"damage":21,"enemies":"Exordium Thugs","floor":8,"turns":3},{"damage":7,"enemies":"Blue Slaver","floor":12,"turns":3},{"damage":7,"enemies":"3 Louse","floor":15,"turns":4},{"damage":26,"enemies":"downfall:Ironclad","floor":16,"turns":4},{"damage":30,"enemies":"conspire:FuzzyDice","floor":19,"turns":3},{"damage":10,"enemies":"Shell Parasite","floor":21,"turns":5},{"damage":21,"enemies":"Snake Plant","floor":23,"turns":3},{"damage":6,"enemies":"conspire:HollyBat","floor":25,"turns":6},{"damage":0,"enemies":"Snecko","floor":26,"turns":3},{"damage":5,"enemies":"HollowMod:Nosk","floor":27,"turns":3},{"damage":6,"enemies":"downfall:FleeingMerchant","floor":28,"turns":4},{"damage":0,"enemies":"Snake Plant","floor":29,"turns":2},{"damage":0,"enemies":"Slavers","floor":30,"turns":1},{"damage":8,"enemies":"Centurion and Healer","floor":32,"turns":4},{"damage":4,"enemies":"downfall:Silent","floor":33,"turns":5},{"damage":35,"enemies":"3 Darklings","floor":36,"turns":3},{"damage":10,"enemies":"3 Shapes","floor":38,"turns":3},{"damage":15,"enemies":"Jaw Worm Horde","floor":39,"turns":3},{"damage":8,"enemies":"Giant Head","floor":47,"turns":5},{"damage":18,"enemies":"HollowMod:StalkingDevout","floor":49,"turns":3},{"damage":8,"enemies":"Transient","floor":50,"turns":5},{"damage":23,"enemies":"Spire Growth","floor":51,"turns":3},{"damage":2,"enemies":"downfall:Watcher","floor":52,"turns":5}],"seed_played":"1498258321680812675","potions_obtained":[{"floor":2,"key":"jedi:StrikingPotion"},{"floor":4,"key":"Weak Potion"},{"floor":8,"key":"Weak Potion"},{"floor":15,"key":"Weak Potion"},{"floor":16,"key":"SteroidPotion"},{"floor":19,"key":"jedi:hoardpotion"},{"floor":25,"key":"jedi:holywater"},{"floor":27,"key":"Swift Potion"},{"floor":29,"key":"Fire Potion"},{"floor":33,"key":"Guardian:BlockOnCardUsePotion"},{"floor":37,"key":"ColorlessPotion"},{"floor":37,"key":"Explosive Potion"},{"floor":37,"key":"jedi:mysterypotion"},{"floor":44,"key":"Languid Potion"},{"floor":50,"key":"BlessingOfTheForge"},{"floor":51,"key":"Toxic Potion"}],"is_trial":false,"path_per_floor":["R_BF","M","M","M","$","E","T","M","?","?","R","M","R","?","M","B",null,"R","M","?","M","AVR","M","T","M","M","E","$","M","E","?","M","B",null,"R","M","?","M","M","PTL","PTL","R","T","?","R","AVR","E","$","E","M","M","B",null],"character_chosen":"THE_SPIRIT","items_purchased":["hexamod:SoulSteal"],"campfire_rested":0,"item_purchase_floors":[5],"current_hp_per_floor":[70,70,62,67,70,65,65,51,51,58,58,58,58,58,58,39,70,70,47,47,44,44,30,30,31,38,33,34,41,48,48,47,50,70,80,52,52,49,41,41,41,41,41,41,41,41,40,40,29,28,12,10],"gold":603,"neow_bonus":"RANDOM_COMMON_RELIC","is_daily":false,"chose_seed":false,"campfire_upgraded":5,"win_rate":0.0,"timestamp":1610472619,"path_taken":["R_BF","M","M","M","$","E","T","M","?","?","R","M","R","?","M","BOSS","R","M","?","M","AVR","M","T","M","M","E","$","M","E","?","M","BOSS","R","M","?","?","M","PTL","PTL","R","T","?","R","AVR","E","?","E","M","M","BOSS"],"items_purchased_type":["Card"],"build_version":"2020-12-22","purchased_purges":3,"victory":true,"max_hp_per_floor":[70,70,70,70,70,70,70,70,70,70,70,70,70,70,70,70,70,70,70,70,70,70,70,70,70,70,70,70,70,70,70,70,70,70,80,80,80,80,80,80,80,80,80,80,80,80,80,80,80,80,80,80],"relic_stats":{"counters":[28,100],"PreservedInsect":56,"Pen Nib":[2],"Boot":[19],"obtain_stats":[{"Gremlin Food":32,"downfall:HeartBlessingRed":42,"downfall:HeartBlessingGreen":35,"conspire:SlowCooker":17,"PreservedInsect":47,"Pen Nib":49,"Boot":0,"Ring of Searing":9,"hexamod:MatchstickCase":30,"Replay:Baseball":7,"infinitespire:WardingShard":43,"downfall:HeartBlessingBlue":35,"Molten Egg 2":6,"Coffee Dripper":34,"Membership Card":46,"ReplayTheSpireMod:Ring of Challenge":9,"Replay:Wax Seal":27,"hexamod:SpiritBrand":0,"InkBottle":44,"ReplayTheSpireMod:ShopPack":22},{"Gremlin Food":19,"downfall:HeartBlessingRed":23,"downfall:HeartBlessingGreen":20,"conspire:SlowCooker":9,"PreservedInsect":24,"Pen Nib":25,"Boot":0,"Ring of Searing":6,"hexamod:MatchstickCase":18,"Replay:Baseball":5,"infinitespire:WardingShard":23,"downfall:HeartBlessingBlue":20,"Molten Egg 2":5,"Coffee Dripper":20,"Membership Card":23,"ReplayTheSpireMod:Ring of Challenge":6,"Replay:Wax Seal":15,"hexamod:SpiritBrand":0,"InkBottle":23,"ReplayTheSpireMod:ShopPack":11},{"Gremlin Food":65,"downfall:HeartBlessingRed":79,"downfall:HeartBlessingGreen":70,"conspire:SlowCooker":31,"PreservedInsect":84,"Pen Nib":87,"Boot":0,"Ring of Searing":20,"hexamod:MatchstickCase":61,"Replay:Baseball":17,"infinitespire:WardingShard":79,"downfall:HeartBlessingBlue":70,"Molten Egg 2":17,"Coffee Dripper":70,"Membership Card":79,"ReplayTheSpireMod:Ring of Challenge":20,"Replay:Wax Seal":54,"hexamod:SpiritBrand":0,"InkBottle":79,"ReplayTheSpireMod:ShopPack":39}],"InkBottle":[10]},"card_choices":[{"not_picked":["hexamod:FastForward","hexamod:Again"],"picked":"hexamod:HeatCrush","floor":2},{"not_picked":["hexamod:NightmareStrike","hexamod:Again"],"picked":"hexamod:FirstSeal","floor":3},{"not_picked":["hexamod:HauntingEcho","hexamod:DynamicBlow"],"picked":"hexamod:BurningTouch","floor":4},{"not_picked":["hexamod:InspiringFlames","hexamod:GhostOfSpirePast"],"picked":"hexamod:Firestarter","floor":5},{"not_picked":["hexamod:NecessarySacrifice","hexamod:PowerFromBeyond","hexamod:SecondSeal"],"picked":"SKIP","floor":6},{"not_picked":["hexamod:GhostOfSpireFuture","hexamod:SwordOfDarkness+1","hexamod:SpectralAdrenaline"],"picked":"SKIP","floor":8},{"not_picked":["hexamod:RecurringNightmare","hexamod:SwordOfDarkness+1"],"picked":"hexamod:ChargedBarrage","floor":12},{"not_picked":["hexamod:ShieldOfDarkness","hexamod:SoulSteal"],"picked":"hexamod:ThermalTransfer+1","floor":15},{"not_picked":["hexamod:WildfireWeapon","hexamod:ApocalypseNow"],"picked":"hexamod:SearingWound","floor":16},{"not_picked":["hexamod:Firestarter+1","hexamod:GhostShield","hexamod:AdvancingGuard"],"picked":"SKIP","floor":19},{"not_picked":["hexamod:DynamicBlow+1","hexamod:Firestarter+1"],"picked":"hexamod:SuperheatedStrike+1","floor":21},{"not_picked":["jedi:cleanse","ReplayUltimateDefense"],"picked":"Replay:Dark Deal","floor":22},{"not_picked":["ReplayTheSpireMod:Uncanny Aura","expansioncontent:TimeRipple"],"picked":"hubris:Insight","floor":22},{"not_picked":["Flash of Steel","hubris:Insight"],"picked":"Deep Breath","floor":22},{"not_picked":["hexamod:ChargedBarrage+1","hexamod:Firestarter+1"],"picked":"hexamod:EtherealExpedition+1","floor":23},{"not_picked":["hexamod:GhostflameBarrier","hexamod:CatchUp+1","hexamod:SkipABeat"],"picked":"SKIP","floor":25},{"not_picked":["hexamod:BurningTouch","hexamod:GhostShield","hexamod:BacktrackSmack+1"],"picked":"SKIP","floor":26},{"not_picked":["hexamod:FifthSeal","hexamod:SixthSeal"],"picked":"hexamod:SuperheatedStrike+1","floor":27},{"not_picked":["hexamod:FastForward","hexamod:AdvancingGuard"],"picked":"hexamod:FlamesFromBeyond","floor":28},{"not_picked":["hexamod:BurningTouch","hexamod:ThermalTransfer+1"],"picked":"hexamod:PhantomFireball+1","floor":29},{"not_picked":["hexamod:GhostflameInferno","hexamod:AdvancingGuard+1"],"picked":"hexamod:RainOfEmbers+1","floor":30},{"not_picked":["hexamod:Rewind","hexamod:StepThrough+1","hexamod:Hexaguard"],"picked":"SKIP","floor":32},{"not_picked":["hexamod:FifthSeal","hexamod:CrushingStance+1"],"picked":"hexamod:ApocalypseNow","floor":33},{"not_picked":["hexamod:FastForward","hexamod:PowerFromBeyond"],"picked":"hexamod:RetreatToShadows+1","floor":36},{"not_picked":["hexamod:AdvancingGuard","hexamod:GhostOfSpireFuture+1","hexamod:GhostLash+1"],"picked":"SKIP","floor":38},{"not_picked":["hexamod:ShieldOfDarkness","hexamod:FlamesFromBeyond+1"],"picked":"hexamod:BurningTouch+1","floor":39},{"not_picked":["hexamod:GhostShield","hexamod:SwordOfDarkness+1"],"picked":"hexamod:DynamicBlow+1","floor":44},{"not_picked":["hexamod:CrushingStance+1","hexamod:SwordOfDarkness+1"],"picked":"hexamod:RetreatToShadows","floor":47},{"not_picked":["hexamod:NightmareGuise","hexamod:NightmareStrike+1","hexamod:GhostOfSpireFuture"],"picked":"SKIP","floor":49},{"not_picked":["hexamod:NightmareGuise","hexamod:NightmareStrike+1","hexamod:GhostOfSpireFuture"],"picked":"SKIP","floor":49},{"not_picked":["hexamod:Again","hexamod:BacktrackSmack+1"],"picked":"hexamod:RainOfEmbers+1","floor":50},{"not_picked":["hexamod:NightmareGuise+1","hexamod:HauntingEcho+1"],"picked":"hexamod:ExtraCrispy+1","floor":51}],"player_experience":409828,"relics_obtained":[{"floor":6,"key":"Molten Egg 2"},{"floor":7,"key":"Replay:Baseball"},{"floor":9,"key":"ReplayTheSpireMod:Ring of Challenge"},{"floor":9,"key":"Ring of Searing"},{"floor":27,"key":"Replay:Wax Seal"},{"floor":30,"key":"hexamod:MatchstickCase"},{"floor":32,"key":"Gremlin Food"},{"floor":43,"key":"infinitespire:WardingShard"},{"floor":44,"key":"InkBottle"},{"floor":47,"key":"PreservedInsect"},{"floor":49,"key":"Pen Nib"}],"event_choices":[{"cards_removed":["hexamod:Defend"],"damage_healed":0,"gold_gain":0,"player_choice":"Purged","damage_taken":0,"max_hp_gain":0,"max_hp_loss":0,"event_name":"Purifier","floor":14,"gold_loss":0},{"cards_removed":["Replay:Dark Deal"],"damage_healed":0,"gold_gain":0,"player_choice":"Take \u0026 Give","damage_taken":0,"max_hp_gain":0,"max_hp_loss":0,"event_name":"betterNote:BetterNote","floor":31,"gold_loss":0,"cards_obtained":["hexamod:TimeOfNeed"]},{"damage_healed":0,"gold_gain":0,"player_choice":"Got Potions","damage_taken":0,"max_hp_gain":0,"max_hp_loss":0,"event_name":"Lab","floor":37,"gold_loss":0}],"is_beta":false,"boss_relics":[{"not_picked":["halation:PinkAlligatorPlush","hubris:Stopwatch"],"picked":"conspire:SlowCooker"},{"not_picked":["halation:SmartPhone","ReplayTheSpireMod:SealedPack"],"picked":"Coffee Dripper"}],"items_purged_floors":[22,28,46],"is_endless":false,"potions_floor_spawned":[2,4,8,15,16,19,25,27,29,33,36,50,51],"ascension_level":0}}