{"host":"9slw7l0ws16384qq","time":1610479047,"event":{"mods":["BaseMod","Colored Map","Hubris","Minty Spire (QoL Compilation)","Replay The Spire","Shedinja","StSLib","The Dragon Tamer","The Marked"],"gold_per_floor":[110,41,51,70,70,80,80,114,114,131,158,189,201,226,238,353,365,396,418,457,321,378,378,406,419,444,36,36,136,152,152,152,248,248,267,142,142,142,142,160,10,37,87,113,113,113,128,128,128,48,48,48],"floor_reached":53,"playtime":2924,"items_purged":["Shedinja:Endure","Shedinja:Endure","Shedinja:Endure","Shedinja:Scratch"],"score":1118,"play_id":"c5ec0609-42c9-4c6d-b268-58f96dd8d92d","local_time":"20210112201727","is_ascension_mode":false,"campfire_choices":[{"data":"Shedinja:PowerBelt","floor":7,"key":"SMITH"},{"data":"Shedinja:FocusSash","floor":13,"key":"SMITH"},{"data":"Shedinja:PowerBracer","floor":15,"key":"SMITH"},{"data":"Shedinja:FocusSash","floor":23,"key":"SMITH"},{"data":"Shedinja:PowerBelt","floor":32,"key":"SMITH"},{"data":"Pot Of Greed","floor":46,"key":"SMITH"},{"data":"Shedinja:PowerBracer","floor":48,"key":"SMITH"},{"data":"Shedinja:Endure","floor":51,"key":"PURGE"}],"circlet_count":0,"master_deck":["Shedinja:Scratch","Shedinja:Scratch","Shedinja:Scratch","Shedinja:Scratch","Shedinja:Endure","Shedinja:FocusSash+1","Shedinja:FocusSash+1","Shedinja:ShadowSneak","Shedinja:Absorb","Shedinja:PowerBelt+1","Shedinja:ShadowSneak","Shedinja:PowerBracer+1","Shedinja:Elixir","Pot Of Greed+1","Pot Of Greed+1","Shedinja:PowerBelt+1","Shedinja:ShadowSneak","Shedinja:PowerBracer+1","Shedinja:ShadowSneak"],"relics":["Shedinja:WonderGuard","Shedinja:WonderGuardNSCommon","hubris:Zylophone","hubris:Teleporter","Simple Rune","MawBank","Coffee Dripper","Vajra","White Beast Statue","Grinning Jar","Replay:Mystery Machine","hubris:MedicalManual","Shedinja:WonderGuardNSBoss","Replay:Wax Seal","Pondfish Scales","Shovel","hubris:CrystalStatue"],"acts_visited":["Exordium","TheCity","TheBeyond"],"potions_floor_usage":[52,52,52],"damage_taken":[{"damage":0,"enemies":"2 Louse","floor":1,"turns":2},{"damage":0,"enemies":"Cultist","floor":3,"turns":4},{"damage":0,"enemies":"Small Slimes","floor":4,"turns":4},{"damage":0,"enemies":"Exordium Thugs","floor":6,"turns":5},{"damage":0,"enemies":"Gremlin Nob","floor":8,"turns":7},{"damage":0,"enemies":"3 Louse","floor":10,"turns":4},{"damage":0,"enemies":"Replay:BlueRogue","floor":11,"turns":8},{"damage":0,"enemies":"Large Slime","floor":12,"turns":6},{"damage":0,"enemies":"Looter","floor":14,"turns":2},{"damage":0,"enemies":"Hexaghost","floor":16,"turns":12},{"damage":0,"enemies":"Spheric Guardian","floor":18,"turns":6},{"damage":0,"enemies":"Shell Parasite","floor":19,"turns":4},{"damage":0,"enemies":"Gremlin Leader","floor":24,"turns":6},{"damage":0,"enemies":"3 Cultists","floor":25,"turns":5},{"damage":0,"enemies":"Cultist and Chosen","floor":30,"turns":6},{"damage":0,"enemies":"hubris:MusketHawk","floor":33,"turns":9},{"damage":0,"enemies":"Orb Walker","floor":35,"turns":4},{"damage":0,"enemies":"3 Darklings","floor":40,"turns":6},{"damage":0,"enemies":"R_Hoarder","floor":42,"turns":8},{"damage":0,"enemies":"2 Orb Walkers","floor":43,"turns":6},{"damage":0,"enemies":"Reptomancer","floor":44,"turns":5},{"damage":0,"enemies":"Jaw Worm Horde","floor":47,"turns":4},{"damage":0,"enemies":"Awakened One","floor":52,"turns":10}],"seed_played":"7840780695524337658","potions_obtained":[{"floor":1,"key":"Swift Potion"},{"floor":6,"key":"ColorlessPotion"},{"floor":11,"key":"Block Potion"},{"floor":12,"key":"SneckoOil"},{"floor":18,"key":"LiquidMemories"},{"floor":40,"key":"Dexterity Potion"},{"floor":43,"key":"BlessingOfTheForge"}],"is_trial":false,"path_per_floor":["M","$","M","M","?","M","R","E","T","M","E","M","R","M","R","B",null,"M","M","T","$","?","R","E","M","T","$","?","?","M","?","R","B",null,"M","$","PTL","PTL","?","M","$","E","?","E","T","R","M","R","?","$","R_BF","B",null],"character_chosen":"THE_DEFAULT","items_purchased":["Shedinja:PokeBall","Shedinja:Elixir","hubris:MedicalManual","Shedinja:ShadowSneak"],"campfire_rested":0,"item_purchase_floors":[2,21,27,50],"current_hp_per_floor":[1,1,1,1,1,1,1,1,1,1,1,1,1,1,1,1,1,1,1,1,1,1,1,1,1,1,1,1,1,1,1,1,1,1,1,1,1,1,1,1,1,1,1,1,1,1,1,1,1,1,1,1],"gold":48,"neow_bonus":"RANDOM_COMMON_RELIC","is_daily":false,"chose_seed":false,"campfire_upgraded":7,"win_rate":0.0,"timestamp":1610479047,"path_taken":["M","$","M","M","?","M","R","E","T","M","E","M","R","M","R","BOSS","M","M","?","$","?","R","E","?","T","$","?","?","?","?","R","BOSS","M","$","PTL","PTL","?","M","$","E","?","E","T","R","M","R","?","?","R_BF","BOSS"],"items_purchased_type":["Card","Card","Relic","Card"],"build_version":"2020-12-22","purchased_purges":4,"victory":true,"max_hp_per_floor":[1,1,1,1,1,1,1,1,1,1,1,1,1,1,1,1,1,1,1,1,1,1,1,1,1,1,1,1,1,1,1,1,1,1,1,1,1,1,1,1,1,1,1,1,1,1,1,1,1,1,1,1],"card_choices":[{"not_picked":["Shedinja:Elixir","Shedinja:Facade"],"picked":"Shedinja:ShadowSneak","floor":1},{"not_picked":["Shedinja:FurySwipes","Shedinja:WillOWisp"],"picked":"Shedinja:Absorb","floor":3},{"not_picked":["Shedinja:WillOWisp","Shedinja:MetalClaw"],"picked":"Shedinja:PowerBelt","floor":4},{"not_picked":["Shedinja:Ether","Shedinja:NightSlash","Shedinja:RockyHelmet"],"picked":"SKIP","floor":6},{"not_picked":["Shedinja:StringShot","Shedinja:Thief"],"picked":"Shedinja:PokeBall","floor":8},{"not_picked":["Shedinja:WillOWisp","Shedinja:Elixir","Shedinja:GigaDrain"],"picked":"SKIP","floor":10},{"not_picked":["Shedinja:WillOWisp","Shedinja:Elixir","Shedinja:GigaDrain"],"picked":"SKIP","floor":10},{"not_picked":["Shedinja:Mimic","Shedinja:BugBuzz"],"picked":"Shedinja:ShadowSneak","floor":11},{"not_picked":["Shedinja:ArtifactCard","Shedinja:Absorb"],"picked":"Shedinja:PowerBracer","floor":12},{"not_picked":["Shedinja:StruggleBug","Shedinja:Mimic","Shedinja:RockyHelmet"],"picked":"SKIP","floor":14},{"not_picked":["Shedinja:Protect","Shedinja:Substitute"],"picked":"Shedinja:PokeBall","floor":16},{"not_picked":["Shedinja:BugBuzz+1","Shedinja:Trick","Shedinja:WillOWisp"],"picked":"SKIP","floor":18},{"not_picked":["Shedinja:BugBuzz+1","Shedinja:Trick","Shedinja:WillOWisp"],"picked":"SKIP","floor":18},{"not_picked":["Shedinja:Ether","Shedinja:RockyHelmet","Shedinja:MetalClaw+1"],"picked":"SKIP","floor":19},{"not_picked":["Shedinja:StringShot","Shedinja:SuckerPunch"],"picked":"Shedinja:PowerBelt","floor":24},{"not_picked":["Shedinja:ArtifactCard","Shedinja:Toxic","Shedinja:StringShot"],"picked":"SKIP","floor":25},{"not_picked":["Shedinja:StruggleBug+1","Shedinja:MetalClaw","Shedinja:RockyHelmet"],"picked":"SKIP","floor":30},{"not_picked":["Shedinja:NightSlash","Shedinja:Mimic+1","Shedinja:GigaDrain+1"],"picked":"SKIP","floor":35},{"not_picked":["Shedinja:RockyHelmet+1","Shedinja:FinalGambit","Shedinja:ShadowClaw"],"picked":"SKIP","floor":40},{"not_picked":["Shedinja:RockyHelmet+1","Shedinja:StringShot+1"],"picked":"Shedinja:ShadowSneak","floor":42},{"not_picked":["Shedinja:WillOWisp","Shedinja:GigaDrain+1"],"picked":"Shedinja:PowerBracer","floor":43},{"not_picked":["Shedinja:Absorb","Shedinja:FurySwipes+1","Shedinja:Facade+1"],"picked":"SKIP","floor":44},{"not_picked":["Shedinja:SafetyGoggles","Shedinja:WillOWisp+1","Shedinja:Facade"],"picked":"SKIP","floor":47}],"player_experience":1610762,"relics_obtained":[{"floor":8,"key":"hubris:Teleporter"},{"floor":9,"key":"Simple Rune"},{"floor":11,"key":"MawBank"},{"floor":20,"key":"Vajra"},{"floor":22,"key":"White Beast Statue"},{"floor":24,"key":"Grinning Jar"},{"floor":26,"key":"Replay:Mystery Machine"},{"floor":42,"key":"Replay:Wax Seal"},{"floor":43,"key":"Pondfish Scales"},{"floor":44,"key":"Shovel"},{"floor":45,"key":"hubris:CrystalStatue"}],"event_choices":[{"damage_healed":0,"gold_gain":0,"player_choice":"Gave Potion","damage_taken":0,"relics_obtained":["hubris:Zylophone"],"max_hp_gain":0,"max_hp_loss":0,"event_name":"WeMeetAgain","floor":5,"gold_loss":0},{"damage_healed":0,"gold_gain":100,"player_choice":"Pray","damage_taken":0,"max_hp_gain":0,"max_hp_loss":0,"event_name":"Golden Shrine","floor":29,"gold_loss":0},{"damage_healed":0,"gold_gain":0,"player_choice":"Ignored","damage_taken":0,"max_hp_gain":0,"max_hp_loss":0,"event_name":"Vampires","floor":31,"gold_loss":0},{"damage_healed":0,"gold_gain":0,"player_choice":"Fight","damage_taken":0,"max_hp_gain":0,"max_hp_loss":0,"event_name":"Mysterious Sphere","floor":43,"gold_loss":0},{"damage_healed":0,"gold_gain":0,"player_choice":"Max HP","damage_taken":0,"max_hp_gain":0,"max_hp_loss":0,"event_name":"Winding Halls","floor":49,"gold_loss":0}],"is_beta":false,"boss_relics":[{"not_picked":["Fusion Hammer","hubris:Stopwatch"],"picked":"Coffee Dripper"},{"not_picked":["Shedinja:BrightPowder","hubris:BlackHole"],"picked":"Shedinja:WonderGuardNSBoss"}],"items_purged_floors":[21,27,36,41],"is_endless":false,"potions_floor_spawned":[1,6,11,12,18,24,25,30,33,35,40,42,43,44,47],"ascension_level":0}}