{"host":"6azrrw3tf7wb0f4b","time":1610432054,"event":{"mods":["BaseMod","DeckTracker","Minty Spire (QoL Compilation)","SuperFastMode"],"gold_per_floor":[115,125,50,50,50,50,50,69,140,179,179,179,126,126,126,126,126],"floor_reached":16,"playtime":205,"items_purged":[],"score":178,"play_id":"c327bf23-b6ce-4ae7-a5a6-4a5a464c8429","local_time":"20210112151414","is_ascension_mode":true,"campfire_choices":[{"data":"Intimidate","floor":6,"key":"SMITH"},{"floor":12,"key":"REST"},{"data":"Body Slam","floor":15,"key":"SMITH"}],"circlet_count":0,"master_deck":["AscendersBane","Strike_R","Strike_R","Strike_R","Defend_R","Defend_R","Defend_R","Defend_R","Bash+1","Sever Soul","Shrug It Off+1","Intimidate+1","Body Slam+1","Burning Pact+1","True Grit"],"relics":["Burning Blood","Golden Idol","Ornamental Fan","TungstenRod","Ice Cream"],"acts_visited":["Exordium"],"potions_floor_usage":[10,10],"damage_taken":[{"damage":6,"enemies":"Cultist","floor":1,"turns":3},{"damage":13,"enemies":"2 Louse","floor":2,"turns":3},{"damage":7,"enemies":"Jaw Worm","floor":8,"turns":4},{"damage":44,"enemies":"3 Sentries","floor":10,"turns":11},{"damage":23,"enemies":"Slime Boss","floor":16,"turns":3}],"seed_played":"6449199229157843329","potions_obtained":[{"floor":2,"key":"EntropicBrew"}],"is_trial":false,"path_per_floor":["M","M","?","?","$","R","?","M","T","E","?","R","$","T","R","B"],"character_chosen":"IRONCLAD","items_purchased":["True Grit"],"campfire_rested":1,"item_purchase_floors":[13],"current_hp_per_floor":[68,61,61,61,61,61,61,60,60,22,3,23,23,23,23,0,0],"gold":126,"neow_bonus":"UPGRADE_CARD","is_daily":false,"chose_seed":false,"campfire_upgraded":2,"win_rate":0.0,"timestamp":1610432054,"path_taken":["M","M","?","?","$","R","?","M","T","E","?","R","$","?","R","BOSS"],"items_purchased_type":["Card"],"build_version":"2020-12-22","purchased_purges":0,"victory":false,"max_hp_per_floor":[75,75,75,75,75,75,68,68,68,68,68,68,68,68,68,68,68],"card_choices":[{"not_picked":["Clash","Heavy Blade"],"picked":"Sever Soul","floor":1},{"not_picked":["Armaments","Clash"],"picked":"Shrug It Off","floor":2},{"not_picked":["Havoc","Hemokinesis"],"picked":"Body Slam","floor":8},{"not_picked":["Dark Embrace","Combust"],"picked":"Burning Pact","floor":10}],"player_experience":696424,"relics_obtained":[{"floor":9,"key":"Ornamental Fan"},{"floor":10,"key":"TungstenRod"},{"floor":14,"key":"Ice Cream"}],"event_choices":[{"cards_removed":["Strike_R"],"damage_healed":0,"gold_gain":0,"player_choice":"Card Removal","damage_taken":0,"max_hp_gain":0,"max_hp_loss":0,"event_name":"The Cleric","floor":3,"gold_loss":75},{"damage_healed":0,"gold_gain":0,"cards_transformed":["Strike_R"],"player_choice":"Change","damage_taken":0,"max_hp_gain":0,"max_hp_loss":0,"event_name":"Living Wall","floor":4,"gold_loss":0,"cards_obtained":["Intimidate"]},{"damage_healed":0,"gold_gain":0,"player_choice":"Lose Max HP","damage_taken":0,"relics_obtained":["Golden Idol"],"max_hp_gain":0,"max_hp_loss":7,"event_name":"Golden Idol","floor":7,"gold_loss":0},{"damage_healed":0,"gold_gain":0,"player_choice":"Entered Light","damage_taken":20,"max_hp_gain":0,"max_hp_loss":0,"event_name":"Shining Light","floor":11,"gold_loss":0,"cards_upgraded":["Burning Pact","Shrug It Off"]}],"is_beta":false,"boss_relics":[],"items_purged_floors":[],"is_endless":false,"potions_floor_spawned":[2],"killed_by":"Slime Boss","ascension_level":17}}