{"host":"8jwif9mna8ud19ho","time":1610443332,"event":{"mods":["BaseMod","Better Vampires","Lobotomy","Marisa£¨ìFÓê¡¡Ä§ÀíÉ³£©","Minty Spire (QoL Compilation)","Reimu£¨²©ÀöÁéÃÎ£©","RumiaBox-Â¶Ã×æ«µÄÉñÃØºÐ×Ó","StSLib","¡¾ÒÅÎï¿¨ÅÆ¡¿REMEMod"],"gold_per_floor":[113,113,113,133,157,157,173,194,194,194,210,46,46,71,71,162,162,181,106,106,118,134,134,34,34,34,34,34,52,70,95,95,168,168,168,168],"floor_reached":35,"playtime":1645,"items_purged":["Strike_G","Strike_G"],"score":863,"play_id":"1e6c283c-8484-450e-a70d-63fe7beb0a78","local_time":"20210112172212","is_ascension_mode":true,"campfire_choices":[{"data":"REME_Flogging","floor":6.0,"key":"SMITH"},{"data":"Neutralize","floor":13.0,"key":"SMITH"},{"floor":15.0,"key":"REST"},{"data":"Tactician","floor":23.0,"key":"SMITH"},{"data":"Calculated Gamble","floor":25.0,"key":"SMITH"},{"data":"Acrobatics","floor":28.0,"key":"SMITH"},{"data":"Well Laid Plans","floor":32.0,"key":"SMITH"}],"circlet_count":0,"master_deck":["AscendersBane","Defend_G","Defend_G","Defend_G","Defend_G","Survivor","Neutralize+1","REME_Flogging+1","Well Laid Plans+1","Calculated Gamble+1","Wellcheers","Acrobatics+1","Footwork","Infinite Blades","UniverseFragment","Adrenaline","MHz","REME_GrazeFinale","Accuracy","Tactician+1","REME_GreenPollution","Adrenaline","Unload+1","Setup+1","Tactician+1"],"relics":["Ring of the Snake","REME_ComplimentaryCards","CogitoBucket","Bloody Idol","Ice Cream","Prayer Wheel","SkinProphecy","HoveringKite","Tingsha","Astrolabe"],"acts_visited":["Exordium","TheCity","TheBeyond"],"potions_floor_usage":[],"damage_taken":[{"damage":4.0,"enemies":"Small Slimes","floor":1.0,"turns":3.0},{"damage":4.0,"enemies":"Jaw Worm","floor":4.0,"turns":3.0},{"damage":3.0,"enemies":"2 Louse","floor":5.0,"turns":3.0},{"damage":11.0,"enemies":"Gremlin Gang","floor":7.0,"turns":3.0},{"damage":6.0,"enemies":"Large Slime","floor":8.0,"turns":4.0},{"damage":19.0,"enemies":"Looter","floor":11.0,"turns":9.0},{"damage":13.0,"enemies":"3 Louse","floor":14.0,"turns":3.0},{"damage":1.0,"enemies":"Hexaghost","floor":16.0,"turns":8.0},{"damage":5.0,"enemies":"2 Thieves","floor":18.0,"turns":3.0},{"damage":0.0,"enemies":"3 Byrds","floor":21.0,"turns":3.0},{"damage":82.0,"enemies":"Snecko","floor":22.0,"turns":15.0},{"damage":12.0,"enemies":"Snake Plant","floor":29.0,"turns":3.0},{"damage":0.0,"enemies":"Centurion and Healer","floor":30.0,"turns":6.0},{"damage":39.0,"enemies":"Slavers","floor":31.0,"turns":4.0},{"damage":0.0,"enemies":"Automaton","floor":33.0,"turns":6.0},{"damage":117,"enemies":"Orb Walker","floor":35,"turns":4}],"seed_played":"-10352670220966628","potions_obtained":[{"floor":4.0,"key":"Fire Potion"},{"floor":8.0,"key":"Ancient Potion"},{"floor":14.0,"key":"Swift Potion"},{"floor":22.0,"key":"Weak Potion"},{"floor":29.0,"key":"Fruit Juice"},{"floor":33.0,"key":"REME_GoldPotion"}],"is_trial":false,"path_per_floor":["M","?","?","M","M","R","M","M","T","?","M","$","R","M","R","B",null,"M","?","?","M","M","R","$","R","T","?","R","M","M","E","R","B",null,"M"],"character_chosen":"THE_SILENT","items_purchased":["Footwork"],"campfire_rested":1,"item_purchase_floors":[12],"current_hp_per_floor":[55,55,50,46,43,43,32,26,26,31,15,15,15,1,21,22,57,51,51,51,55,39,39,39,39,39,39,39,33,86,88,88,90,90,15,15],"gold":168,"neow_bonus":"","is_daily":false,"chose_seed":false,"campfire_upgraded":6,"win_rate":0.0,"timestamp":1610443332,"path_taken":["M","?","?","M","?","R","M","M","T","?","M","$","R","M","R","BOSS","M","?","?","M","M","R","$","R","T","?","R","M","?","E","R","BOSS","M"],"items_purchased_type":["Card"],"build_version":"2020-12-22","purchased_purges":2,"victory":false,"max_hp_per_floor":[66,60,60,60,60,60,60,60,60,65,65,65,65,67,67,69,69,71,71,71,73,77,77,77,77,77,77,77,84,86,88,88,90,90,94,94],"card_choices":[{"not_picked":["Underhanded Strike","Prepared"],"picked":"Well Laid Plans","floor":1.0},{"not_picked":["Backflip","Outmaneuver","Predator"],"picked":"SKIP","floor":4.0},{"not_picked":["Blur","Predator","Dodge and Roll"],"picked":"SKIP","floor":5.0},{"not_picked":["Deadly Poison","Sucker Punch"],"picked":"Calculated Gamble","floor":7.0},{"not_picked":["CrumblingArmor","LongBird"],"picked":"Wellcheers","floor":8.0},{"not_picked":["Sucker Punch","Bane"],"picked":"Acrobatics","floor":8.0},{"not_picked":["Well Laid Plans","Cloak And Dagger","Heel Hook"],"picked":"SKIP","floor":11.0},{"not_picked":["Quick Slash","Accuracy","Infinite Blades"],"picked":"SKIP","floor":11.0},{"not_picked":["Dagger Throw","Outmaneuver"],"picked":"Infinite Blades","floor":14.0},{"not_picked":["Dagger Throw","Backflip","PiercingWail"],"picked":"SKIP","floor":14.0},{"not_picked":["BigBadWolf","GreedKing"],"picked":"UniverseFragment","floor":16.0},{"not_picked":["Bullet Time","Malaise"],"picked":"Adrenaline","floor":16.0},{"not_picked":["VoidDream","Murderer"],"picked":"MHz","floor":18.0},{"not_picked":["Flying Knee","Backflip","Finisher"],"picked":"SKIP","floor":18.0},{"not_picked":["Sucker Punch","Backflip","Deadly Poison"],"picked":"SKIP","floor":18.0},{"not_picked":["Slice","Dagger Spray"],"picked":"REME_GrazeFinale","floor":21.0},{"not_picked":["Well Laid Plans+1","Blur","PiercingWail"],"picked":"SKIP","floor":21.0},{"not_picked":["Doppelganger","Outmaneuver"],"picked":"Accuracy","floor":22.0},{"not_picked":["Backflip","Bouncing Flask"],"picked":"Tactician","floor":22.0},{"not_picked":["Setup","Slice","Unload"],"picked":"SKIP","floor":29.0},{"not_picked":["All Out Attack","Deadly Poison","Accuracy"],"picked":"SKIP","floor":29.0},{"not_picked":["Bane","Underhanded Strike"],"picked":"REME_GreenPollution","floor":30.0},{"not_picked":["Concentrate+1","Slice","Quick Slash"],"picked":"SKIP","floor":30.0},{"not_picked":["Expertise","Bane","Crippling Poison"],"picked":"SKIP","floor":31.0},{"not_picked":["Venomology","A Thousand Cuts"],"picked":"Adrenaline","floor":33.0}],"player_experience":1112288,"relics_obtained":[{"floor":9.0,"key":"Prayer Wheel"},{"floor":31.0,"key":"Tingsha"}],"event_choices":[{"damage_healed":0.0,"max_hp_gain":0.0,"max_hp_loss":6.0,"gold_gain":0.0,"event_name":"Golden Idol","player_choice":"Lose Max HP","floor":2.0,"gold_loss":0.0,"damage_taken":0.0,"relics_obtained":["Golden Idol"]},{"damage_healed":0.0,"max_hp_gain":0.0,"max_hp_loss":0.0,"gold_gain":0.0,"event_name":"Scrap Ooze","player_choice":"Success","floor":3.0,"gold_loss":0.0,"damage_taken":5.0,"relics_obtained":["Ice Cream"]},{"damage_healed":0.0,"max_hp_gain":5.0,"max_hp_loss":0.0,"gold_gain":0.0,"event_name":"Big Fish","player_choice":"Donut","floor":10.0,"gold_loss":0.0,"damage_taken":0.0},{"cards_removed":["Strike_G"],"damage_healed":0.0,"max_hp_gain":0.0,"max_hp_loss":0.0,"gold_gain":0.0,"event_name":"Beggar","player_choice":"Gave Gold","floor":19.0,"gold_loss":75.0,"damage_taken":0.0},{"damage_healed":0.0,"max_hp_gain":0.0,"max_hp_loss":0.0,"gold_gain":0.0,"event_name":"Forgotten Altar","player_choice":"Gave Idol","floor":20.0,"relics_lost":["Golden Idol"],"gold_loss":0.0,"damage_taken":0.0,"relics_obtained":["Bloody Idol"]},{"damage_healed":0.0,"max_hp_gain":0.0,"max_hp_loss":0.0,"gold_gain":0.0,"event_name":"N\u0027loth","player_choice":"Ignored","floor":27.0,"gold_loss":0.0,"damage_taken":0.0}],"is_beta":false,"boss_relics":[{"not_picked":["Tiny House","Calling Bell"],"picked":"HoveringKite"},{"not_picked":["REME_DemonsWealth","Cursed Key"],"picked":"Astrolabe"}],"items_purged_floors":[12,24],"is_endless":false,"potions_floor_spawned":[4,8,14,22,29,33],"killed_by":"Orb Walker","ascension_level":20}}