{"host":"jl3raagrljzztomj","time":1610413893,"event":{"mods":["BaseMod","BetterRewards","Custom Start","Highlight Path","Minty Spire (QoL Compilation)","Permanent Neow","StSLib"],"gold_per_floor":[114,129,204,204,48,83,83,83,83],"floor_reached":8,"playtime":500,"items_purged":[],"score":54,"play_id":"7fec727c-90ab-4b8a-b72f-0d395eebc4e9","local_time":"20210111191133","is_ascension_mode":false,"campfire_choices":[],"circlet_count":0,"master_deck":["Strike_G","Strike_G","Strike_G","Strike_G","Defend_G","Defend_G","Defend_G","Defend_G","Defend_G","Survivor","Neutralize","Escape Plan","Backflip"],"relics":["Ring of the Snake","Nunchaku","Pen Nib","Tiny Chest"],"acts_visited":["Exordium"],"potions_floor_usage":[8],"damage_taken":[{"damage":2,"enemies":"Small Slimes","floor":1,"turns":4},{"damage":1,"enemies":"Jaw Worm","floor":2,"turns":8},{"damage":39,"enemies":"3 Sentries","floor":6,"turns":20},{"damage":38,"enemies":"Lagavulin","floor":8,"turns":11}],"seed_played":"7289753049299935430","potions_obtained":[{"floor":6,"key":"Explosive Potion"}],"is_trial":false,"path_per_floor":["M","M","?","?","$","E","?","E"],"character_chosen":"THE_SILENT","items_purchased":["Pen Nib"],"campfire_rested":0,"item_purchase_floors":[5],"current_hp_per_floor":[68,67,56,49,49,10,33,0,0],"gold":83,"neow_bonus":"RANDOM_COMMON_RELIC","is_daily":false,"chose_seed":false,"campfire_upgraded":0,"win_rate":0.0,"timestamp":1610413893,"path_taken":["M","M","?","?","?","E","?","E"],"items_purchased_type":["Relic"],"build_version":"2020-12-22","purchased_purges":0,"victory":false,"max_hp_per_floor":[70,70,70,70,70,70,70,70,70],"card_choices":[{"not_picked":["PiercingWail","Well Laid Plans","Poisoned Stab"],"picked":"SKIP","floor":1},{"not_picked":["Caltrops","Bane"],"picked":"Escape Plan","floor":2},{"not_picked":["Acrobatics","Flying Knee"],"picked":"Backflip","floor":6}],"player_experience":903630,"relics_obtained":[{"floor":6,"key":"Tiny Chest"}],"event_choices":[{"damage_healed":0,"gold_gain":75,"player_choice":"Gather Gold","damage_taken":11,"max_hp_gain":0,"max_hp_loss":0,"event_name":"World of Goop","floor":3,"gold_loss":0},{"cards_removed":["Strike_G"],"damage_healed":0,"gold_gain":0,"player_choice":"Card Removal","damage_taken":7,"max_hp_gain":0,"max_hp_loss":0,"event_name":"Golden Wing","floor":4,"gold_loss":0},{"damage_healed":23,"gold_gain":0,"player_choice":"Banana","damage_taken":0,"max_hp_gain":0,"max_hp_loss":0,"event_name":"Big Fish","floor":7,"gold_loss":0}],"is_beta":false,"boss_relics":[],"items_purged_floors":[],"is_endless":false,"potions_floor_spawned":[6],"killed_by":"Lagavulin","ascension_level":0}}