{"host":"lzpp66udqthct9jv","time":1610475065,"event":{"mods":["Act Like it!","BaseMod","Better-Laid Plans","Chen","Emptier Cage","Gensokyo","Highlight Path","Koishi","Marisa£®ÏF”Í°°ƒß¿Ì…≥£©","Minty Spire (QoL Compilation)","Pale of the Ancients","Quick Restart","Reimu£®≤©¿ˆ¡È√Œ£©","Remilia£®¿Ÿ√◊¿Ú—«£©","Shop Mod","StSLib","The Administrix","The Servant 0.9.4","Yakumo Yukari mod","Youmu£®ªÍ∆«—˝√Œ£©","Yuyuko","ÛÙª÷∏ƒœ"],"gold_per_floor":[113,129,54,54,70,99,99,132,169,199,241,273,319,351,363,454,466,491,503,250,263,0,0,32,46,70,96,44,44,76,101,101,178,178,189,189,224,13,13,42,58,86,86,86,113,113,131,159,159,159,159],"floor_reached":52,"playtime":2900,"items_purged":["Chen:ShikigamiForm","Demon Form","MilkyWay"],"score":2313,"play_id":"f197ad46-4f38-468c-8c90-0ef94fb3cd9f","local_time":"20210113021105","daily_mods":["SealedDeck","Diverse","Colorless Cards","Heirloom","Time Dilation","DeadlyEvents","Elite Swarm","Uncertain Future"],"is_ascension_mode":true,"campfire_choices":[{"data":"Bloodletting","floor":7.0,"key":"SMITH"},{"data":"Heavy Blade","floor":15.0,"key":"SMITH"},{"data":"AdministrixMod:TouchOfCinnabar","floor":23,"key":"SMITH"},{"data":"Wandering Soul","floor":29,"key":"SMITH"},{"data":"AdministrixMod:TouchOfCinnabar","floor":32,"key":"SMITH"},{"data":"FlawlessForm","floor":44,"key":"SMITH"},{"data":"WasteWire_Metro_purple","floor":46,"key":"SMITH"},{"data":"GalacticHalo","floor":49,"key":"SMITH"}],"circlet_count":0,"master_deck":["Wraith Form v2","Echo Form","DevaForm","BatForm","FlawlessForm+1","AscendersBane","AdministrixMod:SipOfSparks","AdministrixMod:TouchOfCinnabar+1","Pommel Strike","PiercingWail+1","Heavy Blade+1","Thunderclap","Bloodletting+1","AdministrixMod:TouchOfCinnabar+1","GalacticHalo+1","RainPray2:ReiMu+1","UltimateShortwave","Berserk+1","MiserableFate","After Image","WasteWire_Metro_purple+1","Wandering Soul+1","Double Tap","SuddenPhantomFormationSlashOfKarmicWind","GreatEnlightenmentAppearingAndDisappearing","LoveAcrossDimensions_purple","SatelliteIllusion"],"relics":["Burning Blood","Du-Vu Doll","Gensokyo:LunaticRedEyes","Strawberry","MawBank","Bag of Marbles","Darkstone Periapt","CrazyTorch:ReiMu","Snecko Eye","Red Skull","Kunai","Centennial Puzzle","MealTicket","Dream Catcher","Nunchaku","Mark of Pain","Thread and Needle","Gensokyo:DualWield","Ornamental Fan","Ancient Tea Set","Ice Cream","Regal Pillow"],"acts_visited":["Gensokyo:Gensokyo","Gensokyo:Gensokyoer","Gensokyo:Gensokyoest"],"potions_floor_usage":[24],"damage_taken":[{"damage":5.0,"enemies":"Gensokyo:Gryphon","floor":1.0,"turns":6.0},{"damage":3.0,"enemies":"Gensokyo:Python","floor":2.0,"turns":4.0},{"damage":6.0,"enemies":"Gensokyo:2_Kodama","floor":5.0,"turns":3.0},{"damage":10.0,"enemies":"Gensokyo:Cirno","floor":6.0,"turns":8.0},{"damage":3.0,"enemies":"Gensokyo:Aya","floor":8.0,"turns":7.0},{"damage":24.0,"enemies":"Gensokyo:LivingMonolith","floor":10.0,"turns":5.0},{"damage":3.0,"enemies":"Gensokyo:Mamizou","floor":11.0,"turns":8.0},{"damage":3.0,"enemies":"Gensokyo:Kitsune","floor":12.0,"turns":4.0},{"damage":8.0,"enemies":"Gensokyo:Aya","floor":13.0,"turns":7.0},{"damage":9.0,"enemies":"Gensokyo:2_Rabbits","floor":14.0,"turns":6.0},{"damage":46.0,"enemies":"Gensokyo:Yukari","floor":16.0,"turns":14.0},{"damage":8.0,"enemies":"Gensokyo:2_Gloops","floor":18.0,"turns":4.0},{"damage":0,"enemies":"Gensokyo:Chomper","floor":21,"turns":5},{"damage":17,"enemies":"Gensokyo:Koishi","floor":24,"turns":7},{"damage":0,"enemies":"Gensokyo:Swordslinger","floor":25,"turns":1},{"damage":9,"enemies":"Gensokyo:Tenshi","floor":27,"turns":4},{"damage":0,"enemies":"Gensokyo:Reisen","floor":30,"turns":5},{"damage":0,"enemies":"Gensokyo:Tenshi","floor":31,"turns":3},{"damage":33,"enemies":"Gensokyo:Eiki","floor":33,"turns":4},{"damage":0,"enemies":"Gensokyo:AncientGuardian","floor":35,"turns":5},{"damage":17,"enemies":"Gensokyo:Doremy","floor":37,"turns":4},{"damage":11,"enemies":"Gensokyo:Kasen","floor":40,"turns":7},{"damage":0,"enemies":"Gensokyo:3_Boulders","floor":41,"turns":1},{"damage":3,"enemies":"Gensokyo:Marisa","floor":42,"turns":1},{"damage":0,"enemies":"Gensokyo:Kasen","floor":45,"turns":5},{"damage":0,"enemies":"Gensokyo:Sharpion","floor":47,"turns":4},{"damage":0,"enemies":"Gensokyo:Marisa","floor":48,"turns":2},{"damage":19,"enemies":"Gensokyo:Shinki","floor":50,"turns":8},{"damage":0,"enemies":"Gensokyo:Yuyuko","floor":51,"turns":5}],"seed_played":"822984772931447005","potions_obtained":[{"floor":5.0,"key":"Fire Potion"},{"floor":6.0,"key":"ElixirPotion"},{"floor":8.0,"key":"FearPotion"},{"floor":21,"key":"GamblersBrew"},{"floor":25,"key":"Swift Potion"},{"floor":40,"key":"Energy Potion"}],"is_trial":true,"path_per_floor":["M","M","$","?","M","E","R","E","T","M","E","M","E","M","R","B",null,"M","?","$","M","?","R","E","M","T","E","$","R","E","E","R","B",null,"M","?","E","$","?","E","M","E","T","R","E","R","M","E","R","B","B",null],"character_chosen":"IRONCLAD","items_purchased":["Red Skull","Wandering Soul","SuddenPhantomFormationSlashOfKarmicWind"],"campfire_rested":0,"item_purchase_floors":[20,28,38],"current_hp_per_floor":[69,72,72,72,72,75,75,78,78,60,63,66,64,61,61,21,67,68,68,68,74,74,74,76,82,82,82,82,82,82,82,82,55,75,81,65,54,69,69,81,82,82,82,82,82,82,82,82,82,82,82],"gold":159,"neow_bonus":"","is_daily":false,"chose_seed":false,"campfire_upgraded":8,"win_rate":0.0,"timestamp":1610475065,"path_taken":["M","M","$","?","?","E","R","E","T","M","?","?","E","M","R","BOSS","M","?","$","M","?","R","E","M","T","E","?","R","E","?","R","BOSS","M","?","?","$","?","E","M","?","T","R","E","R","M","E","R","BOSS","BOSS"],"items_purchased_type":["Relic","Card","Card"],"build_version":"2020-12-22","purchased_purges":3,"victory":true,"max_hp_per_floor":[75,75,75,75,75,82,82,82,82,82,82,82,82,82,82,82,82,82,82,82,82,82,82,82,82,82,82,82,82,82,82,82,82,82,82,82,82,82,82,82,82,82,82,82,82,82,82,82,82,82,82],"card_choices":[{"not_picked":["WitchLeyline","FearNoEvil","Blizzard"],"picked":"SKIP","floor":1.0},{"not_picked":["AdministrixMod:FuneraryRites","NightDance"],"picked":"RainPray2:ReiMu","floor":2.0},{"not_picked":["Jack Of All Trades","Flying Knee","ThreeKonsSevenHakus"],"picked":"SKIP","floor":5.0},{"not_picked":["Corruption","Ghost Spot"],"picked":"UltimateShortwave","floor":6.0},{"not_picked":["ReincarnationSword","ASingleThoughtAndInfiniteKalpas"],"picked":"Berserk","floor":8.0},{"not_picked":["Snipe","Iron Wave"],"picked":"MiserableFate","floor":10.0},{"not_picked":["YinYang:ReiMu","Chen:FinalSpellCard"],"picked":"After Image","floor":11.0},{"not_picked":["Reverse The Screen","Koishi:GhostParty","SpreadBorder2:ReiMu"],"picked":"SKIP","floor":12.0},{"not_picked":["IrresoluteSoul","EscapeVelocity","KillingBlow"],"picked":"SKIP","floor":13.0},{"not_picked":["Koishi:TraumaticStroke","Iron Wave","AdministrixMod:ImmortalGrace"],"picked":"SKIP","floor":14.0},{"not_picked":["PanicButton","Ultimatum","Koishi:TremblingHands"],"picked":"SKIP","floor":18.0},{"not_picked":["VampireFantasy","CherryBlossomFlashing+1","6A"],"picked":"SKIP","floor":21},{"not_picked":["Shading:ReiMu","Chen:WhateverWorks"],"picked":"WasteWire_Metro_purple","floor":24},{"not_picked":["UnstableMagic","Gone","MetroBOOM_purple+1"],"picked":"SKIP","floor":25},{"not_picked":["HeavenSword","ForecastOfChange","Remain Here"],"picked":"SKIP","floor":27},{"not_picked":["Thunder Strike","Sakura Sakura","Brutality"],"picked":"SKIP","floor":30},{"not_picked":["Chen:Clarity","RunawayExorcism:ReiMu"],"picked":"Double Tap","floor":31},{"not_picked":["AdministrixMod:ChooseYourEnd","Charmbait_purple","Force Field"],"picked":"SKIP","floor":35},{"not_picked":["Phantasmal Killer","Offering","Scrawl"],"picked":"SKIP","floor":37},{"not_picked":["Chen:ShikigamiForm","Feed"],"picked":"GreatEnlightenmentAppearingAndDisappearing","floor":40},{"not_picked":["Chen:Panic","Mirror_FormAndEmptin_purple","Chen:Sidestep"],"picked":"SKIP","floor":41},{"not_picked":["Electrodynamics","Dream of Spring"],"picked":"LoveAcrossDimensions_purple","floor":42},{"not_picked":["Chen:Shapeshift","BarrageBoundary_PipeDream_purple","Dying Dream"],"picked":"SKIP","floor":45},{"not_picked":["Unruled","NonDirectionalLaser+1","Swivel+1"],"picked":"SKIP","floor":47},{"not_picked":["Envenom","Impervious"],"picked":"SatelliteIllusion","floor":48}],"player_experience":1839250,"relics_obtained":[{"floor":6.0,"key":"Strawberry"},{"floor":8.0,"key":"MawBank"},{"floor":9.0,"key":"Bag of Marbles"},{"floor":11.0,"key":"Darkstone Periapt"},{"floor":13.0,"key":"CrazyTorch:ReiMu"},{"floor":24,"key":"Kunai"},{"floor":26,"key":"Centennial Puzzle"},{"floor":27,"key":"MealTicket"},{"floor":30,"key":"Dream Catcher"},{"floor":31,"key":"Nunchaku"},{"floor":37,"key":"Thread and Needle"},{"floor":40,"key":"Ornamental Fan"},{"floor":42,"key":"Ancient Tea Set"},{"floor":45,"key":"Ice Cream"},{"floor":48,"key":"Regal Pillow"}],"event_choices":[],"is_beta":false,"boss_relics":[{"not_picked":["SacredBark","Runic Cube"],"picked":"Snecko Eye"},{"not_picked":["Black Blood","Velvet Choker"],"picked":"Mark of Pain"}],"items_purged_floors":[3,20,38],"is_endless":false,"potions_floor_spawned":[5,6,8,13,21,25,27,30,31,40,47],"ascension_level":20}}