{"host":"vl29iwkwnyytuw8q","time":1610465467,"event":{"mods":["BaseMod","Minty Spire (QoL Compilation)","Permanent Neow","Relic Stats","StSLib"],"gold_per_floor":[117,131,150,150,150,475,475,508,508,524,538,565,565,583,583,657,657,671,687,214,232,247,247,261,276,276,276,276,293,312,312,312],"floor_reached":31,"playtime":1265,"items_purged":["Strike_R"],"score":443,"play_id":"689d960f-71c5-4276-af6d-13245451e601","local_time":"20210112163107","is_ascension_mode":true,"campfire_choices":[{"floor":7.0,"key":"REST"},{"floor":13.0,"key":"REST"},{"data":"Armaments","floor":15.0,"key":"SMITH"},{"floor":23,"key":"REST"},{"floor":28,"key":"REST"}],"circlet_count":0,"master_deck":["AscendersBane","Strike_R","Defend_R","Defend_R","Defend_R","Defend_R","Bash","Twin Strike+1","Seeing Red+1","Entrench+1","Clothesline","Pummel","Sever Soul","Exhume","Bludgeon","Armaments+1","Flex","True Grit","Headbutt","Reaper","Feel No Pain","Rampage","Rage+1","Fiend Fire","Shrug It Off+1","Flex+1","Anger+1","Thunderclap","Dual Wield+1"],"relics":["Old Coin","Paper Frog","The Courier","Odd Mushroom","Fusion Hammer","HornCleat","Toxic Egg 2","Dream Catcher","Nloth\u0027s Gift"],"acts_visited":["Exordium","TheCity"],"potions_floor_usage":[16,31],"damage_taken":[{"damage":3.0,"enemies":"Jaw Worm","floor":1.0,"turns":4.0},{"damage":0.0,"enemies":"Cultist","floor":2.0,"turns":3.0},{"damage":14.0,"enemies":"Small Slimes","floor":3.0,"turns":3.0},{"damage":38.0,"enemies":"Lagavulin","floor":6.0,"turns":7.0},{"damage":15.0,"enemies":"3 Sentries","floor":8.0,"turns":5.0},{"damage":9.0,"enemies":"Blue Slaver","floor":10.0,"turns":4.0},{"damage":5.0,"enemies":"Red Slaver","floor":11.0,"turns":3.0},{"damage":18.0,"enemies":"The Mushroom Lair","floor":12.0,"turns":4.0},{"damage":0.0,"enemies":"2 Fungi Beasts","floor":14.0,"turns":4.0},{"damage":28,"enemies":"Slime Boss","floor":16,"turns":10},{"damage":25,"enemies":"Spheric Guardian","floor":18,"turns":4},{"damage":37,"enemies":"3 Byrds","floor":19,"turns":9},{"damage":8,"enemies":"Shelled Parasite and Fungi","floor":21,"turns":9},{"damage":30,"enemies":"Sentry and Sphere","floor":22,"turns":6},{"damage":10,"enemies":"Snake Plant","floor":24,"turns":5},{"damage":23,"enemies":"3 Cultists","floor":25,"turns":9},{"damage":17,"enemies":"Centurion and Healer","floor":29,"turns":10},{"damage":9,"enemies":"Sentry and Sphere","floor":30,"turns":6},{"damage":29,"enemies":"Snake Plant","floor":31,"turns":3}],"seed_played":"8071707842282632058","potions_obtained":[{"floor":2.0,"key":"FearPotion"},{"floor":6.0,"key":"Explosive Potion"},{"floor":8.0,"key":"FearPotion"},{"floor":10.0,"key":"FairyPotion"},{"floor":19,"key":"FairyPotion"},{"floor":22,"key":"LiquidBronze"},{"floor":29,"key":"FearPotion"},{"floor":30,"key":"Strength Potion"}],"is_trial":false,"path_per_floor":["M","M","M","?","$","E","R","E","T","M","M","?","R","M","R","B",null,"M","M","$","M","M","R","M","M","T","?","R","M","M","M"],"character_chosen":"IRONCLAD","items_purchased":["HornCleat","Toxic Egg 2"],"campfire_rested":4,"item_purchase_floors":[20,20],"current_hp_per_floor":[65,65,51,51,51,13,35,20,20,11,6,13,35,35,35,7,58,33,14,14,10,4,26,19,4,4,4,26,33,24,0,0],"gold":312,"neow_bonus":"BOSS_RELIC","is_daily":false,"chose_seed":false,"campfire_upgraded":1,"win_rate":0.0,"timestamp":1610465467,"path_taken":["M","M","M","?","?","E","R","E","T","M","M","?","R","M","R","BOSS","M","M","$","M","M","R","M","M","T","?","R","?","M","M"],"items_purchased_type":["Relic","Relic"],"build_version":"2020-12-22","purchased_purges":1,"victory":false,"max_hp_per_floor":[75,75,75,75,75,75,75,75,75,75,75,75,75,75,75,75,75,75,75,75,75,75,75,75,75,75,75,75,75,75,75,75],"relic_stats":{"Dream Catcher":1,"counters":[19,108],"Nloth\u0027s Gift":0,"obtain_stats":[{"Dream Catcher":26,"HornCleat":20,"Astrolabe":0,"The Courier":9,"Fusion Hammer":17,"Nloth\u0027s Gift":27,"Odd Mushroom":12,"Toxic Egg 2":20,"Burning Blood":0,"Old Coin":6,"Paper Frog":8},{"Dream Catcher":16,"HornCleat":12,"Astrolabe":0,"The Courier":5,"Fusion Hammer":10,"Nloth\u0027s Gift":16,"Odd Mushroom":8,"Toxic Egg 2":12,"Burning Blood":0,"Old Coin":4,"Paper Frog":5},{"Dream Catcher":89,"HornCleat":60,"Astrolabe":0,"The Courier":22,"Fusion Hammer":47,"Nloth\u0027s Gift":89,"Odd Mushroom":33,"Toxic Egg 2":60,"Burning Blood":0,"Old Coin":17,"Paper Frog":22}]},"card_choices":[{"not_picked":["Shrug It Off","Fire Breathing"],"picked":"Clothesline","floor":1.0},{"not_picked":["Fire Breathing","Body Slam"],"picked":"Pummel","floor":2.0},{"not_picked":["Body Slam","Pummel"],"picked":"Sever Soul","floor":3.0},{"not_picked":["Infernal Blade","Armaments"],"picked":"Bludgeon","floor":6.0},{"not_picked":["Body Slam","Clothesline"],"picked":"Armaments","floor":8.0},{"not_picked":["Body Slam","Shrug It Off"],"picked":"Flex","floor":10.0},{"not_picked":["Dual Wield","Sever Soul"],"picked":"True Grit","floor":11.0},{"not_picked":["Wild Strike","Havoc"],"picked":"Headbutt","floor":12.0},{"not_picked":["Perfected Strike","Iron Wave","Clothesline"],"picked":"SKIP","floor":14.0},{"not_picked":["Impervious","Offering"],"picked":"Reaper","floor":16},{"not_picked":["Bloodletting","Heavy Blade"],"picked":"Feel No Pain","floor":18},{"not_picked":["Clothesline","Seeing Red+1"],"picked":"Rampage","floor":19},{"not_picked":["Iron Wave","Havoc+1"],"picked":"Rage+1","floor":21},{"not_picked":["Carnage","Seeing Red+1"],"picked":"Fiend Fire","floor":22},{"not_picked":["Anger","Rampage"],"picked":"Shrug It Off+1","floor":24},{"not_picked":["Clash","Iron Wave"],"picked":"Flex+1","floor":25},{"not_picked":["Flex+1","Warcry+1"],"picked":"Anger+1","floor":28},{"not_picked":["Sword Boomerang","Clash"],"picked":"Thunderclap","floor":29},{"not_picked":["Warcry+1","Flex+1"],"picked":"Dual Wield+1","floor":30}],"player_experience":621996,"relics_obtained":[{"floor":6.0,"key":"Old Coin"},{"floor":8.0,"key":"Paper Frog"},{"floor":9.0,"key":"The Courier"},{"floor":12.0,"key":"Odd Mushroom"},{"floor":26,"key":"Dream Catcher"}],"event_choices":[{"damage_healed":0.0,"max_hp_gain":0.0,"max_hp_loss":0.0,"gold_gain":0.0,"event_name":"Match and Keep!","player_choice":"1 cards matched","floor":4.0,"gold_loss":0.0,"damage_taken":0.0,"cards_obtained":["Exhume"]},{"damage_healed":0.0,"max_hp_gain":0.0,"max_hp_loss":0.0,"gold_gain":0.0,"event_name":"Mushrooms","player_choice":"Fought Mushrooms","floor":12.0,"gold_loss":0.0,"damage_taken":0.0},{"damage_healed":0,"gold_gain":0,"player_choice":"Traded Relic","damage_taken":0,"relics_obtained":["Nloth\u0027s Gift"],"max_hp_gain":0,"max_hp_loss":0,"event_name":"N\u0027loth","floor":27,"relics_lost":["Astrolabe"],"gold_loss":0}],"is_beta":false,"boss_relics":[{"not_picked":["Ectoplasm","SacredBark"],"picked":"Fusion Hammer"}],"items_purged_floors":[20],"is_endless":false,"potions_floor_spawned":[2,6,8,10,19,22,29,30],"killed_by":"Snake Plant","ascension_level":15}}