{"host":"4cz9gr89nglr7k8k","time":1610482368,"event":{"mods":["BaseMod","Minty Spire (QoL Compilation)","Relic Stats","Slay-I"],"gold_per_floor":[119,2,16,166,166,166,200,215,242,267,279,325,65,65,65,141,141,159,159,170,170,170,182,182,196,196,196,206,34,34,34,34],"floor_reached":31,"language":"DEU","playtime":790,"items_purged":["Doubt"],"score":536,"play_id":"4020f580-f39d-47ed-b0e8-22db8f649f6d","local_time":"20210112211248","is_ascension_mode":true,"campfire_choices":[{"data":"Perfected Strike","floor":6,"key":"SMITH"},{"floor":11,"key":"REST"},{"floor":15,"key":"REST"},{"floor":27,"key":"REST"},{"floor":30,"key":"REST"}],"circlet_count":0,"master_deck":["AscendersBane","Strike_R","Strike_R","Strike_R","Strike_R","Strike_R+1","Defend_R","Defend_R","Defend_R","Defend_R","Bash","Sword Boomerang+1","Disarm","Carnage","Perfected Strike+1","Feel No Pain","Heavy Blade","Thunderclap","Metallicize","Demon Form","Clash","Thunderclap","Parasite","Barricade","Inflame","Writhe","Warcry","Inflame"],"relics":["Burning Blood","NeowsBlessing","Vajra","Unceasing Top","Runic Dome","Pantograph","Singing Bowl","Nloth\u0027s Gift","Oddly Smooth Stone","Regal Pillow"],"acts_visited":["Exordium","TheCity"],"potions_floor_usage":[16,28,31],"damage_taken":[{"damage":0,"enemies":"Cultist","floor":1,"turns":1},{"damage":0,"enemies":"2 Louse","floor":3,"turns":1},{"damage":0,"enemies":"Gremlin Nob","floor":7,"turns":1},{"damage":12,"enemies":"Jaw Worm","floor":8,"turns":2},{"damage":11,"enemies":"Looter","floor":10,"turns":2},{"damage":34,"enemies":"3 Sentries","floor":12,"turns":10},{"damage":48,"enemies":"Slime Boss","floor":16,"turns":7},{"damage":18,"enemies":"Spheric Guardian","floor":18,"turns":4},{"damage":0,"enemies":"Chosen","floor":20,"turns":3},{"damage":33,"enemies":"Snake Plant","floor":23,"turns":5},{"damage":34,"enemies":"Centurion and Healer","floor":25,"turns":5},{"damage":42,"enemies":"Chosen and Byrds","floor":28,"turns":7},{"damage":55,"enemies":"Shelled Parasite and Fungi","floor":31,"turns":3}],"seed_played":"8209288661770743033","potions_obtained":[{"floor":1,"key":"SteroidPotion"},{"floor":7,"key":"SpeedPotion"},{"floor":23,"key":"Ancient Potion"},{"floor":28,"key":"SteroidPotion"}],"is_trial":false,"path_per_floor":["M","$","M","?","?","R","E","M","T","M","R","E","$","?","R","B",null,"M","?","M","T","?","M","?","M","T","R","M","$","R","M"],"character_chosen":"IRONCLAD","items_purchased":["Disarm","Carnage","Demon Form","Clash","Thunderclap","Regal Pillow"],"campfire_rested":4,"item_purchase_floors":[2,2,13,13,13,29],"current_hp_per_floor":[74,74,75,75,52,52,58,52,52,47,69,41,41,59,75,33,65,53,53,59,59,74,47,47,21,21,44,10,10,48,0,0],"gold":34,"neow_bonus":"THREE_ENEMY_KILL","is_daily":false,"chose_seed":false,"campfire_upgraded":1,"win_rate":0.0,"timestamp":1610482368,"path_taken":["M","$","M","?","?","R","E","M","T","?","R","E","$","?","R","BOSS","M","?","M","?","?","M","?","M","T","R","M","$","R","M"],"items_purchased_type":["Card","Card","Card","Card","Card","Relic"],"build_version":"2020-12-22","purchased_purges":1,"victory":false,"max_hp_per_floor":[75,75,75,75,75,75,75,75,75,75,75,75,75,75,75,75,75,75,75,75,75,75,75,75,77,77,77,79,79,79,79,79],"relic_stats":{"Regal Pillow":15,"Singing Bowl":4,"counters":[13,51],"Pantograph":0,"Nloth\u0027s Gift":0,"obtain_stats":[{"Runic Dome":17,"Regal Pillow":29,"NeowsBlessing":0,"Singing Bowl":21,"Pantograph":19,"Vajra":7,"Oddly Smooth Stone":26,"Nloth\u0027s Gift":24,"MawBank":9,"Burning Blood":0,"Unceasing Top":12},{"Runic Dome":7,"Regal Pillow":12,"NeowsBlessing":0,"Singing Bowl":9,"Pantograph":8,"Vajra":3,"Oddly Smooth Stone":11,"Nloth\u0027s Gift":10,"MawBank":4,"Burning Blood":0,"Unceasing Top":6},{"Runic Dome":24,"Regal Pillow":48,"NeowsBlessing":0,"Singing Bowl":31,"Pantograph":28,"Vajra":3,"Oddly Smooth Stone":41,"Nloth\u0027s Gift":36,"MawBank":5,"Burning Blood":0,"Unceasing Top":17}],"Burning Blood":67,"Unceasing Top":[3]},"card_choices":[{"not_picked":["Armaments","Intimidate"],"picked":"Sword Boomerang","floor":1},{"not_picked":["Body Slam","Headbutt"],"picked":"Perfected Strike","floor":3},{"not_picked":["Warcry","Burning Pact"],"picked":"Feel No Pain","floor":7},{"not_picked":["Uppercut","Warcry"],"picked":"Heavy Blade","floor":8},{"not_picked":["Pummel","Wild Strike"],"picked":"Thunderclap","floor":10},{"not_picked":["Body Slam","Searing Blow"],"picked":"Metallicize","floor":12},{"not_picked":["Demon Form","Exhume"],"picked":"Barricade","floor":16},{"not_picked":["Body Slam","Havoc"],"picked":"Inflame","floor":18},{"not_picked":["Havoc","True Grit"],"picked":"Warcry","floor":20},{"not_picked":["Barricade","Clash"],"picked":"Inflame","floor":23},{"not_picked":["Thunderclap","Hemokinesis","Body Slam"],"picked":"Singing Bowl","floor":25},{"not_picked":["Sever Soul","Wild Strike","Feel No Pain"],"picked":"Singing Bowl","floor":28}],"player_experience":1492190,"relics_obtained":[{"floor":7,"key":"Vajra"},{"floor":9,"key":"MawBank"},{"floor":12,"key":"Unceasing Top"},{"floor":21,"key":"Singing Bowl"},{"floor":26,"key":"Oddly Smooth Stone"}],"event_choices":[{"damage_healed":0,"gold_gain":150,"player_choice":"AGREE","damage_taken":0,"max_hp_gain":0,"max_hp_loss":0,"event_name":"Liars Game","floor":4,"gold_loss":0,"cards_obtained":["Doubt"]},{"damage_healed":0,"gold_gain":0,"player_choice":"Entered Light","damage_taken":23,"max_hp_gain":0,"max_hp_loss":0,"event_name":"Shining Light","floor":5,"gold_loss":0,"cards_upgraded":["Sword Boomerang","Strike_R"]},{"damage_healed":18,"gold_gain":0,"player_choice":"Healed and dodged fight","damage_taken":0,"max_hp_gain":0,"max_hp_loss":0,"event_name":"Mushrooms","floor":14,"gold_loss":0,"cards_obtained":["Parasite"]},{"damage_healed":0,"gold_gain":0,"player_choice":"Opened","damage_taken":0,"relics_obtained":["Pantograph"],"max_hp_gain":0,"max_hp_loss":0,"event_name":"The Mausoleum","floor":19,"gold_loss":0,"cards_obtained":["Writhe"]},{"damage_healed":15,"gold_gain":0,"player_choice":"Heal","damage_taken":0,"max_hp_gain":0,"max_hp_loss":0,"event_name":"The Library","floor":22,"gold_loss":0},{"damage_healed":0,"gold_gain":0,"player_choice":"Traded Relic","damage_taken":0,"relics_obtained":["Nloth\u0027s Gift"],"max_hp_gain":0,"max_hp_loss":0,"event_name":"N\u0027loth","floor":24,"relics_lost":["MawBank"],"gold_loss":0}],"is_beta":false,"boss_relics":[{"not_picked":["Runic Cube","Runic Pyramid"],"picked":"Runic Dome"}],"items_purged_floors":[13],"is_endless":false,"potions_floor_spawned":[1,7,23,28],"killed_by":"Shelled Parasite and Fungi","ascension_level":20}}