{"host":"fm9e0lfunjlbhzxv","time":1610428006,"event":{"mods":["BaseMod","Bestiary","Better Match","Better Skull","Better Third Choice","Colored Map","Colored Powertips","Downfall","Key Reminder","Minty Spire (QoL Compilation)","Permanent Neow","Rare Cards Sparkle","Relic Stats","StSLib","slay the spire mod where everything is the same but ironclad has a cowboy hat"],"gold_per_floor":[99,116,116,116,129,229,229,261,339,264,278,305,317,314,340,454,466,478,500,528,540,540,540,613,138,151,151,162,87,106,134,151,253,253,253,264,277,108,158,158,182,194,210,224,242,274,199,219,229,229],"floor_reached":51,"playtime":3981,"items_purged":["Guardian:Defend_Guardian"],"score":822,"play_id":"7307148f-adba-4a3c-a49a-2d904beaca17","local_time":"20210111210646","is_ascension_mode":true,"campfire_choices":[{"floor":1.0,"key":"RECALL"},{"data":"Guardian:CurlUp","floor":10.0,"key":"SMITH"},{"data":"Guardian:TwinSlam","floor":13.0,"key":"SMITH"},{"data":"Guardian:VentSteam","floor":18.0,"key":"SMITH"},{"data":"Guardian:Suspension","floor":23.0,"key":"SMITH"},{"data":"Guardian:MultiBeam","floor":29.0,"key":"SMITH"},{"data":"Guardian:BronzeArmor","floor":35.0,"key":"SMITH"},{"floor":47,"key":"REST"}],"circlet_count":0,"master_deck":["Guardian:Strike_Guardian","Guardian:Strike_Guardian+1","Guardian:Defend_Guardian","Guardian:Defend_Guardian","Guardian:CurlUp+1","Guardian:TwinSlam+1","Guardian:PrimingBeam+1","Guardian:VentSteam+1","Guardian:Suspension+1","Guardian:BronzeArmor+1","Guardian:Orbwalk+1","Guardian:Orbwalk+1","Guardian:Planning","Guardian:MultiBeam+1","Guardian:ArmoredProtocol+1","Guardian:EvasiveProtocol+1","Guardian:FuturePlans+1","Guardian:TimeSifter+1","Guardian:Suspension+1","Guardian:Emergency+1","Guardian:WalkerClaw+1","Guardian:Gem_Lightblue","Guardian:PrismaticBeam","Guardian:FloatingOrbs+1","Guardian:Orbwalk+1"],"relics":["Guardian:ModeShifter","Gambling Chip","Thread and Needle","Frozen Egg 2","downfall:HeartBlessingRed","SlaversCollar","downfall:RedIOU","FossilizedHelix","downfall:HeartBlessingBlue","Mango","Astrolabe","Bag of Preparation","Shovel","Whetstone","Ginger","downfall:HeartBlessingGreen"],"acts_visited":["Exordium","TheCity","TheBeyond"],"potions_floor_usage":[38,45],"damage_taken":[{"damage":0.0,"enemies":"2 Louse","floor":2.0,"turns":3.0},{"damage":0.0,"enemies":"Small Slimes","floor":5.0,"turns":3.0},{"damage":13.0,"enemies":"3 Sentries","floor":8.0,"turns":11.0},{"damage":2.0,"enemies":"Cultist","floor":11.0,"turns":3.0},{"damage":20.0,"enemies":"Lagavulin","floor":12.0,"turns":6.0},{"damage":0.0,"enemies":"downfall:FleeingMerchant","floor":14.0,"turns":4.0},{"damage":0.0,"enemies":"Exordium Wildlife","floor":15.0,"turns":3.0},{"damage":32.0,"enemies":"downfall:Ironclad","floor":16.0,"turns":9.0},{"damage":5.0,"enemies":"Spheric Guardian","floor":19.0,"turns":3.0},{"damage":1.0,"enemies":"Chosen","floor":20.0,"turns":4.0},{"damage":5.0,"enemies":"downfall:FleeingMerchant","floor":25.0,"turns":4.0},{"damage":0.0,"enemies":"Shelled Parasite and Fungi","floor":26.0,"turns":4.0},{"damage":0.0,"enemies":"Snake Plant","floor":28.0,"turns":5.0},{"damage":0.0,"enemies":"Snecko","floor":30.0,"turns":5.0},{"damage":0.0,"enemies":"Book of Stabbing","floor":31.0,"turns":5.0},{"damage":17.0,"enemies":"Cultist and Chosen","floor":32.0,"turns":6.0},{"damage":14.0,"enemies":"downfall:Watcher","floor":33.0,"turns":7.0},{"damage":9.0,"enemies":"3 Shapes","floor":36.0,"turns":5.0},{"damage":1.0,"enemies":"Orb Walker","floor":37.0,"turns":5.0},{"damage":12,"enemies":"downfall:FleeingMerchant","floor":38,"turns":4},{"damage":15,"enemies":"2 Orb Walkers","floor":39,"turns":5},{"damage":19,"enemies":"4 Shapes","floor":42,"turns":5},{"damage":0,"enemies":"3 Darklings","floor":43,"turns":4},{"damage":15,"enemies":"Sphere and 2 Shapes","floor":44,"turns":6},{"damage":0,"enemies":"Jaw Worm Horde","floor":45,"turns":3},{"damage":0,"enemies":"Nemesis","floor":46,"turns":5},{"damage":0,"enemies":"Spire Growth","floor":48,"turns":3},{"damage":0,"enemies":"Maw","floor":49,"turns":4},{"damage":6,"enemies":"downfall:Defect","floor":50,"turns":4}],"seed_played":"-6452831773426875850","potions_obtained":[{"floor":5.0,"key":"LiquidMemories"},{"floor":15.0,"key":"Explosive Potion"},{"floor":16.0,"key":"ColorlessPotion"},{"floor":28.0,"key":"SpeedPotion"},{"floor":31.0,"key":"Fire Potion"},{"floor":32.0,"key":"BlessingOfTheForge"},{"floor":39,"key":"Guardian:BlockOnCardUsePotion"},{"floor":46,"key":"ColorlessPotion"}],"is_trial":false,"path_per_floor":["R","M","?","?","M","?","T","E","T","R","M","E","R","$","M","B",null,"R","M","M","?","?","R","T","$","M","?","M","R","M","E","M","B",null,"R","M","M","$","?","?","T","M","M","M","M","E","R","M","M","B",null],"character_chosen":"GUARDIAN","items_purchased":["Guardian:Gem_Cyan","Guardian:ArmoredProtocol+1","FossilizedHelix","Bag of Preparation"],"campfire_rested":1,"item_purchase_floors":[25,25,25,38],"current_hp_per_floor":[88,88,88,93,93,93,93,80,80,80,78,58,58,58,58,26,93,93,88,87,87,87,87,87,82,82,82,82,92,92,106,89,75,117,117,108,107,95,80,80,80,61,61,46,46,46,81,81,81,75],"gold":229,"neow_bonus":"TEN_PERCENT_HP_BONUS","is_daily":false,"chose_seed":false,"campfire_upgraded":6,"win_rate":0.0,"timestamp":1610428006,"path_taken":["R","M","?","?","M","?","T","E","?","R","M","E","R","?","M","BOSS","R","M","M","?","?","R","T","$","M","?","M","R","?","E","M","BOSS","R","M","M","$","?","?","T","M","M","M","M","E","R","M","M","BOSS"],"items_purchased_type":["Card","Card","Relic","Relic"],"build_version":"2020-12-22","purchased_purges":1,"victory":true,"max_hp_per_floor":[88,88,88,93,93,93,93,93,93,93,93,93,93,93,93,93,93,93,93,93,93,93,93,93,93,93,93,93,103,103,117,117,117,117,117,117,117,117,117,117,117,117,117,117,117,117,117,117,117,117],"relic_stats":{"Shovel":0,"counters":[29,138],"Gambling Chip":[62],"Astrolabe":["Guardian:Gem_Fragmented","Guardian:Suspension","Guardian:Emergency"],"Bag of Preparation":[18],"Whetstone":["Guardian:Strike_Guardian","Guardian:PrimingBeam"],"Ginger":[3],"obtain_stats":[{"downfall:HeartBlessingRed":10,"Astrolabe":34,"Guardian:ModeShifter":0,"Thread and Needle":8,"Mango":31,"downfall:HeartBlessingGreen":47,"Bag of Preparation":38,"Whetstone":41,"Ginger":46,"Frozen Egg 2":9,"MawBank":12,"keyreminder:keyreminder":1,"SlaversCollar":17,"Shovel":39,"downfall:HeartBlessingBlue":29,"Gambling Chip":7,"downfall:RedIOU":21,"FossilizedHelix":25},{"downfall:HeartBlessingRed":3,"Astrolabe":17,"Guardian:ModeShifter":0,"Thread and Needle":3,"Mango":15,"downfall:HeartBlessingGreen":26,"Bag of Preparation":20,"Whetstone":21,"Ginger":26,"Frozen Egg 2":3,"MawBank":5,"keyreminder:keyreminder":0,"SlaversCollar":8,"Shovel":21,"downfall:HeartBlessingBlue":13,"Gambling Chip":2,"downfall:RedIOU":10,"FossilizedHelix":11},{"downfall:HeartBlessingRed":17,"Astrolabe":85,"Guardian:ModeShifter":0,"Thread and Needle":17,"Mango":72,"downfall:HeartBlessingGreen":127,"Bag of Preparation":99,"Whetstone":104,"Ginger":127,"Frozen Egg 2":17,"MawBank":26,"keyreminder:keyreminder":0,"SlaversCollar":42,"Shovel":104,"downfall:HeartBlessingBlue":62,"Gambling Chip":6,"downfall:RedIOU":49,"FossilizedHelix":53}]},"card_choices":[{"not_picked":["Guardian:Gem_Lightblue","Guardian:TemporalStrike"],"picked":"Guardian:PrimingBeam","floor":2.0},{"not_picked":["Guardian:Gem_Fragmented","Guardian:Incinerate"],"picked":"Guardian:VentSteam","floor":5.0},{"not_picked":["Guardian:ChargeCore","Guardian:PiercingHide"],"picked":"Guardian:Gem_Crimson","floor":8.0},{"not_picked":["Guardian:Planning","Guardian:RefractedBeam"],"picked":"Guardian:Suspension","floor":11.0},{"not_picked":["Guardian:ShieldSpikes","Guardian:GuardianWhirl"],"picked":"Guardian:BronzeArmor","floor":12.0},{"not_picked":["Guardian:Gem_Lightblue","Guardian:ChargeCore"],"picked":"Guardian:Orbwalk+1","floor":14.0},{"not_picked":["Guardian:Gem_Green","Guardian:PolyBeam"],"picked":"Guardian:Gem_Fragmented","floor":15.0},{"not_picked":["Guardian:GemFire","Guardian:BaubleBeam"],"picked":"Guardian:Gem_Orange","floor":16.0},{"not_picked":["Guardian:Planning+1","Guardian:SentryBeam"],"picked":"Guardian:Orbwalk+1","floor":19.0},{"not_picked":["Guardian:Gem_Red","Guardian:DonusPower"],"picked":"Guardian:Planning","floor":20.0},{"not_picked":["Guardian:ShieldCharger","Guardian:Suspension"],"picked":"Guardian:MultiBeam","floor":25.0},{"not_picked":["Guardian:TemporalStrike","Guardian:PrimingBeam"],"picked":"Guardian:EvasiveProtocol+1","floor":26.0},{"not_picked":["Guardian:Gem_Red","Guardian:PrimingBeam"],"picked":"Guardian:FuturePlans+1","floor":28.0},{"not_picked":["Guardian:VentSteam","Guardian:Gem_Lightblue"],"picked":"Guardian:Gem_Orange","floor":30.0},{"not_picked":["Guardian:ChargeCore+1","Guardian:Recover","Guardian:Gem_Red"],"picked":"SKIP","floor":31.0},{"not_picked":["Guardian:ShieldSpikes","Guardian:PrimingBeam"],"picked":"Guardian:Gem_Purple","floor":32.0},{"not_picked":["Guardian:StasisField","Guardian:HyperBeam_Guardian"],"picked":"Guardian:TimeSifter+1","floor":33.0},{"not_picked":["Guardian:TemporalShield","Guardian:Suspension"],"picked":"Guardian:WalkerClaw+1","floor":36.0},{"not_picked":["Guardian:Incinerate+1","Guardian:Suspension","Guardian:PrismaticBarrier+1"],"picked":"SKIP","floor":37.0},{"not_picked":["Guardian:TemporalShield","Guardian:Gem_Lightblue"],"picked":"Guardian:Gem_Yellow","floor":38},{"not_picked":["Guardian:Suspension","Guardian:Planning"],"picked":"Guardian:Gem_Yellow","floor":42},{"not_picked":["Guardian:Suspension","Guardian:TemporalShield+1"],"picked":"Guardian:PrismaticBeam","floor":43},{"not_picked":["Guardian:Suspension+1","Guardian:TemporalStrike","Guardian:TimeBomb"],"picked":"SKIP","floor":44},{"not_picked":["Guardian:TimeSifter+1","Guardian:TemporalShield+1"],"picked":"Guardian:FloatingOrbs+1","floor":45},{"not_picked":["Guardian:Incinerate","Guardian:Reroute","Guardian:PiercingHide"],"picked":"SKIP","floor":46},{"not_picked":["Guardian:Planning+1","Guardian:ShieldCharger"],"picked":"Guardian:Orbwalk+1","floor":48},{"not_picked":["Guardian:VentSteam+1","Guardian:ChargeCore","Guardian:PolyBeam"],"picked":"SKIP","floor":49}],"player_experience":453473,"relics_obtained":[{"floor":7.0,"key":"Gambling Chip"},{"floor":8.0,"key":"Thread and Needle"},{"floor":9.0,"key":"Frozen Egg 2"},{"floor":12.0,"key":"MawBank"},{"floor":31.0,"key":"Mango"},{"floor":39,"key":"Shovel"},{"floor":41,"key":"Whetstone"},{"floor":46,"key":"Ginger"}],"event_choices":[{"damage_healed":0.0,"max_hp_gain":5.0,"max_hp_loss":0.0,"gold_gain":0.0,"event_name":"Big Fish","player_choice":"Donut","floor":4.0,"gold_loss":0.0,"damage_taken":0.0},{"damage_healed":0.0,"max_hp_gain":0.0,"max_hp_loss":0.0,"gold_gain":0.0,"event_name":"Ghosts","player_choice":"Ignored","floor":22.0,"gold_loss":0.0,"damage_taken":0.0},{"damage_healed":0,"gold_gain":0,"player_choice":"Fight","damage_taken":0,"max_hp_gain":0,"max_hp_loss":0,"event_name":"Mysterious Sphere","floor":39,"gold_loss":0}],"is_beta":false,"boss_relics":[{"not_picked":["Empty Cage","Calling Bell"],"picked":"SlaversCollar"},{"not_picked":["Velvet Choker","Sozu"],"picked":"Astrolabe"}],"items_purged_floors":[25],"is_endless":false,"potions_floor_spawned":[5,15,16,20,28,31,32,39,42,46,48],"ascension_level":1}}