{"host":"vc2ic629nzxhblxe","time":1610429469,"event":{"mods":["Act Like it!","BaseMod","Dark Map","Hermit","Marisa????????","Mimic Mod","Minty Spire (QoL Compilation)","Quick Restart","StSLib","The Animator","The Servant 0.9.4","????"],"gold_per_floor":[111,61,61,61,136,136,179,179,179,179,204,227,251,46,46,166,166,167,167,197,15,15,15],"floor_reached":22,"playtime":2454,"items_purged":[],"score":182,"play_id":"4f65b96a-b3e5-4243-b178-17e3efe31af3","local_time":"20210111233109","is_ascension_mode":false,"campfire_choices":[{"floor":6,"key":"REST"},{"floor":8,"key":"REST"},{"floor":10,"key":"REST"},{"floor":15,"key":"REST"}],"circlet_count":0,"master_deck":["animator:Strike_Konosuba+1","animator:Defend_Konosuba","animator:Strike","animator:Strike","animator:Defend","animator:Defend","animator:Kazuma+1","animator:Aqua","animator:Vesta","animator:Megumin+4","animator:Benimaru","animator:Millim","animator:Shuna","animator:GazelDwargon+1","animator:Shion","animator:NononJakuzure","animator:Rimuru","CurseOfTheBell","animator:Demiurge","animator:TukaLunaMarceau","animator:GuildGirl+1"],"relics":["animator:LivingPicture","animator:TheMissingPiece","Golden Idol","Frozen Egg 2","Matryoshka","Calling Bell","Dream Catcher","Eternal Feather","Turnip","Vajra"],"acts_visited":["Exordium","TheCity"],"potions_floor_usage":[7,16,16,20,22],"damage_taken":[{"damage":0,"enemies":"Small Slimes","floor":1,"turns":5},{"damage":35,"enemies":"Lagavulin","floor":7,"turns":12},{"damage":8,"enemies":"Jaw Worm","floor":11,"turns":5},{"damage":0,"enemies":"2 Louse","floor":12,"turns":2},{"damage":5,"enemies":"2 Fungi Beasts","floor":13,"turns":4},{"damage":53,"enemies":"Hexaghost","floor":16,"turns":10},{"damage":26,"enemies":"2 Thieves","floor":18,"turns":4},{"damage":18,"enemies":"Shell Parasite","floor":20,"turns":7},{"damage":34,"enemies":"Sentry and Sphere","floor":22,"turns":3}],"seed_played":"-7061375454630244431","potions_obtained":[{"floor":1,"key":"SkillPotion"},{"floor":7,"key":"Strength Potion"},{"floor":12,"key":"SteroidPotion"},{"floor":18,"key":"Fire Potion"},{"floor":20,"key":"Swift Potion"}],"is_trial":true,"path_per_floor":["M","?","?","?","?","R","E","R","T","R","M","M","M","$","R","B",null,"M","?","M","$","M"],"character_chosen":"THE_ANIMATOR","items_purchased":["animator:GazelDwargon+1","animator:Shion","animator:NononJakuzure","Vajra","animator:GuildGirl+1"],"campfire_rested":4,"item_purchase_floors":[14,14,14,21,21],"current_hp_per_floor":[66,66,50,37,26,45,12,31,31,50,44,46,43,43,62,11,66,42,42,26,26,0,0],"gold":15,"neow_bonus":"","is_daily":false,"chose_seed":false,"campfire_upgraded":0,"win_rate":0.0,"timestamp":1610429469,"path_taken":["M","?","?","?","?","R","E","R","T","R","M","M","?","?","R","BOSS","M","?","?","$","M"],"items_purchased_type":["Card","Card","Card","Relic","Card"],"build_version":"2020-12-22","purchased_purges":0,"victory":false,"max_hp_per_floor":[66,66,66,66,66,66,66,66,66,66,66,66,66,66,66,66,66,66,66,66,66,66,66],"card_choices":[{"not_picked":["animator:DolaCouronne","animator:EmiyaShirou"],"picked":"animator:Vesta","floor":1},{"not_picked":["animator:FielNirvalen+1","animator:PandorasActor"],"picked":"animator:Megumin","floor":7},{"not_picked":["animator:TukaLunaMarceau","animator:Priestess"],"picked":"animator:Benimaru","floor":11},{"not_picked":["animator:Shuna","animator:Benimaru"],"picked":"animator:Millim","floor":12},{"not_picked":["animator:YaoHaDucy","animator:Megumin"],"picked":"animator:Shuna","floor":13},{"not_picked":["animator:Saber","animator:Gilgamesh"],"picked":"animator:Rimuru","floor":16},{"not_picked":["animator:TukaLunaMarceau","animator:Kazuma"],"picked":"animator:Demiurge","floor":18},{"not_picked":["animator:Tyuule+1","animator:Mitsurugi"],"picked":"animator:TukaLunaMarceau","floor":20}],"player_experience":119058,"relics_obtained":[{"floor":7,"key":"Frozen Egg 2"},{"floor":9,"key":"Matryoshka"},{"floor":17,"key":"Dream Catcher"},{"floor":17,"key":"Eternal Feather"},{"floor":17,"key":"Turnip"}],"event_choices":[{"cards_removed":["animator:Defend"],"damage_healed":0,"gold_gain":0,"player_choice":"Card Removal","damage_taken":0,"max_hp_gain":0,"max_hp_loss":0,"event_name":"The Cleric","floor":2,"gold_loss":50},{"damage_healed":0,"gold_gain":0,"player_choice":"Take Damage","damage_taken":16,"relics_obtained":["Golden Idol"],"max_hp_gain":0,"max_hp_loss":0,"event_name":"Golden Idol","floor":3,"gold_loss":0},{"damage_healed":0,"gold_gain":0,"player_choice":"Entered Light","damage_taken":13,"max_hp_gain":0,"max_hp_loss":0,"event_name":"Shining Light","floor":4,"gold_loss":0,"cards_upgraded":["animator:Strike_Konosuba","animator:Kazuma"]},{"damage_healed":0,"gold_gain":75,"player_choice":"Gather Gold","damage_taken":11,"max_hp_gain":0,"max_hp_loss":0,"event_name":"World of Goop","floor":5,"gold_loss":0},{"cards_removed":["animator:Strike"],"damage_healed":0,"gold_gain":0,"player_choice":"Offered Basic","damage_taken":0,"max_hp_gain":0,"max_hp_loss":0,"event_name":"Bonfire Elementals","floor":19,"gold_loss":0}],"is_beta":false,"boss_relics":[{"not_picked":["Empty Cage","Cursed Key"],"picked":"Calling Bell"}],"items_purged_floors":[],"is_endless":false,"potions_floor_spawned":[1,7,12,18,20],"killed_by":"Sentry and Sphere","ascension_level":0}}