{"host":"iml8x8es9od4zowg","time":1610458524,"event":{"mods":["2.2 Compatiblity","BaseMod","Marisa£¨Ùöéë¡¡Øª×âÞÞ£©","Minty Spire (QoL Compilation)","StSLib","Td1madao Mod","The Bug Knight","The Jungle","¡¼?Úª?ø«¡½REMEMod"],"gold_per_floor":[118,136,39,55,69,69,69,102,127,127,127,138,154,181,181,285,285,295,305,319,319,336,336,336,369,369,410,410,143,168,168,168,273,345,374,374,374],"floor_reached":36,"playtime":3039,"items_purged":["Shame"],"score":487,"play_id":"8de4d43c-ba79-45f5-992e-00965268b28a","local_time":"20210112223524","is_ascension_mode":true,"campfire_choices":[{"floor":6,"key":"REST"},{"floor":15,"key":"REST"},{"floor":23,"key":"REST"},{"floor":28,"key":"RECALL"},{"data":"Furious","floor":32,"key":"SMITH"}],"circlet_count":0,"master_deck":["Survivor","Neutralize","Furious+1","Blur","Accuracy","REME_FirmDetermination","Escape Plan","Slice","Backflip","Outmaneuver","Blade Dance","Burst","Escape Plan","PiercingWail","Outmaneuver+1","Deflect","Blade Dance","Dodge and Roll+1","Burst","Endless Agony","Cloak And Dagger","Eviscerate","PiercingWail","All Out Attack","Deadly Poison","Wraith Form v2","Tools of the Trade","Slice+1"],"relics":["Ring of the Snake","REME_ComplimentaryCards","Dream Catcher","Juzu Bracelet","REME_HandOfSuture","WristBlade","Pen Nib","theJungle:PaperFaux","CeramicFish","TungstenRod","StrikeDummy","ClockworkSouvenir","Pandora\u0027s Box"],"acts_visited":["Exordium","Exordium","TheBeyond"],"potions_floor_usage":[14,16,30,36,36],"damage_taken":[{"damage":0,"enemies":"2 Louse","floor":1,"turns":3},{"damage":0,"enemies":"Cultist","floor":2,"turns":5},{"damage":2,"enemies":"Small Slimes","floor":4,"turns":5},{"damage":19,"enemies":"Exordium Thugs","floor":5,"turns":6},{"damage":48,"enemies":"3 Sentries","floor":8,"turns":17},{"damage":0,"enemies":"Blue Slaver","floor":12,"turns":6},{"damage":9,"enemies":"2 Fungi Beasts","floor":13,"turns":6},{"damage":0,"enemies":"HollowMod:MossKnight","floor":14,"turns":14},{"damage":20,"enemies":"The Guardian","floor":16,"turns":10},{"damage":12,"enemies":"Shell Parasite","floor":18,"turns":4},{"damage":10,"enemies":"theJungle:Flameango_and_Byrd","floor":19,"turns":9},{"damage":4,"enemies":"theJungle:Lyon","floor":20,"turns":6},{"damage":6,"enemies":"theJungle:Snecko_Cultist_And_Trap","floor":22,"turns":7},{"damage":0,"enemies":"theJungle:2_Phrogs","floor":25,"turns":6},{"damage":7,"enemies":"theJungle:Cassacara","floor":27,"turns":4},{"damage":0,"enemies":"theJungle:JungleHuntersEncounter","floor":30,"turns":4},{"damage":32,"enemies":"theJungle:TotemBoss","floor":33,"turns":8},{"damage":2,"enemies":"3 Shapes","floor":35,"turns":5},{"damage":68,"enemies":"Orin","floor":36,"turns":6}],"seed_played":"-5043777538992947021","potions_obtained":[{"floor":8,"key":"ColorlessPotion"},{"floor":12,"key":"DistilledChaos"},{"floor":13,"key":"Strength Potion"},{"floor":16,"key":"SneckoOil"},{"floor":22,"key":"Dexterity Potion"},{"floor":27,"key":"SkillPotion"},{"floor":30,"key":"Block Potion"}],"is_trial":false,"path_per_floor":["M","M","$","M","M","R","?","E","T","?","?","M","M","E","R","B",null,"M","M","M","?","M","R","?","E","T","E","R","$","M","?","R","B",null,"M","?"],"character_chosen":"THE_SILENT","items_purchased":["REME_FirmDetermination","Blade Dance","ClockworkSouvenir"],"campfire_rested":3,"item_purchase_floors":[3,29,29],"current_hp_per_floor":[70,70,70,68,49,70,70,22,22,15,38,38,29,29,50,30,70,58,48,44,44,38,59,59,59,59,52,52,52,68,68,68,36,70,68,0,0],"gold":374,"neow_bonus":"RANDOM_COMMON_RELIC","is_daily":false,"chose_seed":false,"campfire_upgraded":1,"win_rate":0.0,"timestamp":1610458524,"path_taken":["M","M","$","M","M","R","?","E","T","?","?","M","M","E","R","BOSS","M","M","M","?","M","R","?","E","T","E","R","$","M","?","R","BOSS","M","?"],"items_purchased_type":["Card","Card","Relic"],"build_version":"2020-12-22","purchased_purges":1,"victory":false,"max_hp_per_floor":[70,70,70,70,70,70,70,70,70,70,70,70,70,70,70,70,70,70,70,70,70,70,70,70,70,70,70,70,70,70,70,70,70,70,70,70,70],"card_choices":[{"not_picked":["Sucker Punch","All Out Attack"],"picked":"Blur","floor":1},{"not_picked":["REME_GreenPollution","Masterful Stab"],"picked":"Accuracy","floor":2},{"not_picked":["Flying Knee","Poisoned Stab"],"picked":"Escape Plan","floor":4},{"not_picked":["Quick Slash","Backstab"],"picked":"Slice","floor":5},{"not_picked":["PiercingWail","Choke"],"picked":"Backflip","floor":6},{"not_picked":["Dagger Spray","Quick Slash","Well Laid Plans"],"picked":"SKIP","floor":8},{"not_picked":["Quick Slash","Endless Agony","Sucker Punch"],"picked":"SKIP","floor":12},{"not_picked":["Eviscerate","Terror"],"picked":"Outmaneuver","floor":13},{"not_picked":["Crippling Poison","Prepared","Underhanded Strike"],"picked":"SKIP","floor":14},{"not_picked":["Outmaneuver","Dagger Throw"],"picked":"Blade Dance","floor":15},{"not_picked":["REME_ShadowForm","Die Die Die"],"picked":"Burst","floor":16},{"not_picked":["Concentrate","Underhanded Strike"],"picked":"Escape Plan","floor":18},{"not_picked":["Skewer","Riddle With Holes"],"picked":"PiercingWail","floor":19},{"not_picked":["Riddle With Holes+1","Dagger Spray"],"picked":"Outmaneuver+1","floor":20},{"not_picked":["Tactician","Poisoned Stab","Eviscerate+1"],"picked":"SKIP","floor":22},{"not_picked":["Concentrate","All Out Attack","Dodge and Roll"],"picked":"SKIP","floor":25},{"not_picked":["Crippling Poison","Calculated Gamble+1"],"picked":"Deflect","floor":27},{"not_picked":["Prepared+1","PiercingWail"],"picked":"Dodge and Roll+1","floor":30},{"not_picked":["Grand Finale","Glass Knife"],"picked":"Burst","floor":33},{"not_picked":["Sucker Punch+1","Dagger Throw"],"picked":"Slice+1","floor":35}],"player_experience":567352,"relics_obtained":[{"floor":8,"key":"Juzu Bracelet"},{"floor":14,"key":"REME_HandOfSuture"},{"floor":25,"key":"CeramicFish"},{"floor":26,"key":"TungstenRod"},{"floor":27,"key":"StrikeDummy"}],"event_choices":[{"cards_removed":["Strike_G"],"damage_healed":0,"gold_gain":0,"player_choice":"Card Removal","damage_taken":0,"max_hp_gain":0,"max_hp_loss":0,"event_name":"Wheel of Change","floor":7,"gold_loss":0},{"cards_removed":["Strike_G"],"damage_healed":0,"gold_gain":0,"player_choice":"Card Removal","damage_taken":7,"max_hp_gain":0,"max_hp_loss":0,"event_name":"Golden Wing","floor":10,"gold_loss":0},{"damage_healed":23,"gold_gain":0,"player_choice":"Banana","damage_taken":0,"max_hp_gain":0,"max_hp_loss":0,"event_name":"Big Fish","floor":11,"gold_loss":0},{"damage_healed":0,"gold_gain":0,"player_choice":"Gave Potion","damage_taken":0,"relics_obtained":["Pen Nib"],"max_hp_gain":0,"max_hp_loss":0,"event_name":"WeMeetAgain","floor":21,"gold_loss":0},{"damage_healed":0,"gold_gain":0,"player_choice":"Ignored","damage_taken":0,"max_hp_gain":0,"max_hp_loss":0,"event_name":"NoteForYourself","floor":31,"gold_loss":0},{"damage_healed":0,"gold_gain":0,"player_choice":"Fight","damage_taken":0,"max_hp_gain":0,"max_hp_loss":0,"event_name":"OrinTheCat","floor":36,"gold_loss":0}],"is_beta":false,"boss_relics":[{"not_picked":["Black Star","REME_DemonsWealth"],"picked":"WristBlade"},{"not_picked":["REME_DuelDisc","Astrolabe"],"picked":"Pandora\u0027s Box"}],"items_purged_floors":[29],"is_endless":false,"potions_floor_spawned":[8,12,13,16,22,27,30,33],"killed_by":"Orin","ascension_level":1}}