{"host":"vddkjx04kiwje1tk","time":1610435480,"event":{"mods":["AchievementEnabler","BaseMod","Colored Map","Minty Spire (QoL Compilation)","Quick Restart","SuperFastMode"],"gold_per_floor":[113,38,113,130,130,159,170,170,193,193,38,49,49,82,82,181,181,197,197,296,296,306,333,333,363,388,404,430,446,260,175,175,175,175],"floor_reached":33,"playtime":3639,"items_purged":["Defend_R","Defend_R"],"score":505,"play_id":"7275af99-1651-4650-bb8b-0fb4372f17cb","local_time":"20210112161120","is_ascension_mode":true,"campfire_choices":[{"data":"Perfected Strike","floor":8,"key":"SMITH"},{"data":"Bash","floor":15,"key":"SMITH"},{"floor":24,"key":"REST"},{"floor":32,"key":"REST"}],"circlet_count":0,"master_deck":["Strike_R+1","Strike_R","Strike_R+1","Strike_R","Strike_R","Defend_R","Defend_R+1","Bash+1","Perfected Strike+1","Battle Trance+1","Perfected Strike+1","Fire Breathing","Madness"],"relics":["Burning Blood","NeowsBlessing","Orichalcum","Juzu Bracelet","PreservedInsect","Bag of Marbles","Molten Egg 2","SlaversCollar","GremlinMask","Whetstone","War Paint","Akabeko","Nunchaku","Dead Branch"],"acts_visited":["Exordium","TheCity"],"potions_floor_usage":[16,25,28,29],"damage_taken":[{"damage":0,"enemies":"Cultist","floor":1,"turns":1},{"damage":0,"enemies":"Jaw Worm","floor":4,"turns":1},{"damage":0,"enemies":"3 Sentries","floor":6,"turns":1},{"damage":15,"enemies":"Small Slimes","floor":7,"turns":4},{"damage":9,"enemies":"3 Louse","floor":12,"turns":3},{"damage":0,"enemies":"Gremlin Nob","floor":14,"turns":2},{"damage":6,"enemies":"Slime Boss","floor":16,"turns":9},{"damage":22,"enemies":"Shell Parasite","floor":18,"turns":5},{"damage":6,"enemies":"Chosen","floor":22,"turns":4},{"damage":35,"enemies":"Gremlin Leader","floor":23,"turns":4},{"damage":25,"enemies":"Slavers","floor":25,"turns":4},{"damage":36,"enemies":"Snake Plant","floor":27,"turns":3},{"damage":26,"enemies":"Book of Stabbing","floor":28,"turns":3},{"damage":43,"enemies":"Chosen and Byrds","floor":29,"turns":5},{"damage":0,"enemies":"Collector","floor":33,"turns":2}],"seed_played":"-4333754165448758050","potions_obtained":[{"floor":4,"key":"Regen Potion"},{"floor":7,"key":"BloodPotion"},{"floor":13,"key":"FairyPotion"},{"floor":13,"key":"PowerPotion"},{"floor":18,"key":"LiquidMemories"},{"floor":28,"key":"BloodPotion"}],"is_trial":false,"path_per_floor":["M","$","?","M","?","E","M","R","T","?","$","M","?","E","R","B",null,"M","?","?","?","M","E","R","E","T","M","E","M","$","?","R","B"],"character_chosen":"IRONCLAD","items_purchased":["Bag of Marbles","Madness"],"campfire_rested":2,"item_purchase_floors":[11,30],"current_hp_per_floor":[78,78,67,73,78,84,75,75,75,75,75,72,72,78,78,78,83,67,67,67,67,67,38,63,44,44,14,31,11,11,11,36,36,36],"gold":175,"neow_bonus":"THREE_ENEMY_KILL","is_daily":false,"chose_seed":false,"campfire_upgraded":2,"win_rate":0.0,"timestamp":1610435480,"path_taken":["M","?","?","M","?","E","M","R","T","?","$","M","?","E","R","BOSS","M","?","?","?","M","E","R","E","T","M","E","M","$","?","R","BOSS"],"items_purchased_type":["Relic","Card"],"build_version":"2020-12-22","purchased_purges":2,"victory":false,"max_hp_per_floor":[80,80,80,80,85,85,85,85,85,85,85,85,85,85,85,85,85,85,85,85,85,85,85,85,85,85,85,85,85,85,85,85,85,85],"card_choices":[{"not_picked":["Clothesline","Pommel Strike"],"picked":"Perfected Strike","floor":1},{"not_picked":["Rage","Burning Pact","Heavy Blade"],"picked":"SKIP","floor":4},{"not_picked":["Armaments","Fiend Fire","Flex"],"picked":"SKIP","floor":6},{"not_picked":["Carnage","Infernal Blade"],"picked":"Battle Trance","floor":7},{"not_picked":["Heavy Blade","Body Slam","Pummel"],"picked":"SKIP","floor":12},{"not_picked":["Entrench","Rampage+1","Havoc"],"picked":"SKIP","floor":14},{"not_picked":["Anger+1","Entrench"],"picked":"Perfected Strike+1","floor":18},{"not_picked":["Clothesline+1","Iron Wave+1"],"picked":"Fire Breathing","floor":22},{"not_picked":["Corruption","Armaments+1","Rampage+1"],"picked":"SKIP","floor":23},{"not_picked":["Armaments","True Grit","Flex"],"picked":"SKIP","floor":25},{"not_picked":["Anger+1","Brutality","Thunderclap+1"],"picked":"SKIP","floor":27},{"not_picked":["Pummel+1","True Grit","Intimidate+1"],"picked":"SKIP","floor":28},{"not_picked":["Rage","Flex","Dropkick+1"],"picked":"SKIP","floor":29}],"player_experience":257741,"relics_obtained":[{"floor":6,"key":"Orichalcum"},{"floor":9,"key":"Juzu Bracelet"},{"floor":14,"key":"Molten Egg 2"},{"floor":23,"key":"Whetstone"},{"floor":25,"key":"War Paint"},{"floor":26,"key":"Akabeko"},{"floor":28,"key":"Nunchaku"}],"event_choices":[{"damage_healed":0,"gold_gain":75,"player_choice":"Gather Gold","damage_taken":11,"max_hp_gain":0,"max_hp_loss":0,"event_name":"World of Goop","floor":3,"gold_loss":0},{"damage_healed":0,"gold_gain":0,"player_choice":"Donut","damage_taken":0,"max_hp_gain":5,"max_hp_loss":0,"event_name":"Big Fish","floor":5,"gold_loss":0},{"damage_healed":0,"gold_gain":0,"player_choice":"Gave Potion","damage_taken":0,"relics_obtained":["PreservedInsect"],"max_hp_gain":0,"max_hp_loss":0,"event_name":"WeMeetAgain","floor":10,"gold_loss":0},{"damage_healed":0,"gold_gain":0,"player_choice":"Got Potions","damage_taken":0,"max_hp_gain":0,"max_hp_loss":0,"event_name":"Lab","floor":13,"gold_loss":0},{"damage_healed":0,"gold_gain":0,"player_choice":"Trade","damage_taken":0,"relics_obtained":["GremlinMask"],"max_hp_gain":0,"max_hp_loss":0,"event_name":"FaceTrader","floor":19,"gold_loss":0},{"damage_healed":0,"gold_gain":99,"player_choice":"Stole From Cult","damage_taken":0,"max_hp_gain":0,"max_hp_loss":0,"event_name":"Nest","floor":20,"gold_loss":0},{"damage_healed":0,"gold_gain":0,"player_choice":"Ignored","damage_taken":0,"max_hp_gain":0,"max_hp_loss":0,"event_name":"Ghosts","floor":21,"gold_loss":0},{"damage_healed":0,"gold_gain":0,"player_choice":"Obtained Relic","damage_taken":0,"relics_obtained":["Dead Branch"],"max_hp_gain":0,"max_hp_loss":0,"event_name":"Addict","floor":31,"gold_loss":85}],"is_beta":false,"boss_relics":[{"not_picked":["Fusion Hammer","Empty Cage"],"picked":"SlaversCollar"}],"items_purged_floors":[2,30],"is_endless":false,"potions_floor_spawned":[4,7,14,18,28],"killed_by":"Collector","ascension_level":8}}