{"host":"ekha54jsiuuqgn65","time":1610467776,"event":{"mods":["BaseMod","Colored Map","Conspire","Lobotomy","LobotomyExtend","Minty Spire (QoL Compilation)","Quick Restart","Replay The Spire","StSLib","SuperFastMode","The Marked","[IsaacMod]ÒÔÈö¼âËþ","vexMod","¡¾ÒÅÎï¿¨ÅÆ¡¿REMEMod"],"gold_per_floor":[128,28,62,62,117,117,124,152,226,226,70,146,18,61,61,159,159],"floor_reached":16,"playtime":596,"items_purged":[],"score":125,"play_id":"aeccfe7c-035c-4c7d-8a74-22dbe1915ec8","local_time":"20210113000936","is_ascension_mode":false,"campfire_choices":[{"floor":6,"key":"REST"},{"floor":15,"key":"REST"}],"circlet_count":0,"master_deck":["Strike_R","Strike_R","Strike_R","Strike_R","Strike_R","Defend_R","Defend_R","Defend_R","Defend_R","Bash","BettingIsNotGood","theMarked:SummonStrength","Heavy Blade","SpiderBud","conspire:SpireCoStock","conspire:SpireCoStock","Perfected Strike","QueenOfHatred","Clash","CrumblingArmor","BlackSwan","Regret","CherryBlossoms","Dark Embrace","Intimidate+1","Inflame","Seeing Red","OSAHOGD"],"relics":["Burning Blood","HushsDoor","REME_ComplimentaryCards","SalivaCoin","CogitoBucket","LetterFromLob","Anchor","Darkstone Periapt","InkBottle","Strawberry","Leech","AspirationHeart"],"acts_visited":["Exordium"],"potions_floor_usage":[16,16,16],"damage_taken":[{"damage":17,"enemies":"Small Slimes","floor":1,"turns":4},{"damage":15,"enemies":"Cultist","floor":3,"turns":4},{"damage":24,"enemies":"2 Louse","floor":5,"turns":3},{"damage":11,"enemies":"Red Slaver","floor":8,"turns":3},{"damage":61,"enemies":"Gremlin Nob","floor":12,"turns":6},{"damage":14,"enemies":"Blue Slaver","floor":14,"turns":5},{"damage":78,"enemies":"The Guardian","floor":16,"turns":8}],"seed_played":"1725038792668745394","potions_obtained":[{"floor":1,"key":"Swift Potion"},{"floor":8,"key":"Death Potion"},{"floor":12,"key":"Adrenaline Potion"}],"is_trial":false,"path_per_floor":["M","?","M","$","M","R","?","M","T","?","$","E","$","M","R","B"],"character_chosen":"IRONCLAD","items_purchased":["Strawberry","Intimidate+1","Inflame"],"campfire_rested":2,"item_purchase_floors":[11,13,13],"current_hp_per_floor":[69,69,65,65,58,80,65,60,60,66,73,24,24,35,65,0,0],"gold":159,"neow_bonus":"","is_daily":false,"chose_seed":false,"campfire_upgraded":0,"win_rate":0.0,"timestamp":1610467776,"path_taken":["M","?","M","?","?","R","?","M","T","?","?","E","$","M","R","BOSS"],"items_purchased_type":["Relic","Card","Card"],"build_version":"2020-12-22","purchased_purges":0,"victory":false,"max_hp_per_floor":[80,80,80,80,80,80,80,80,80,86,93,93,93,103,103,103,103],"card_choices":[{"not_picked":[],"picked":"BettingIsNotGood","floor":0},{"not_picked":["Dark Embrace","ReplayTheSpireMod:LeadingStrike"],"picked":"Heavy Blade","floor":1},{"not_picked":["Scorched","HeroicMonk"],"picked":"SpiderBud","floor":1},{"not_picked":["Body Slam","Pummel"],"picked":"Perfected Strike","floor":3},{"not_picked":["MeatLantern","NakedNest"],"picked":"QueenOfHatred","floor":3},{"not_picked":["Anger","Run Through"],"picked":"Clash","floor":5},{"not_picked":["UniverseFragment","Alriune"],"picked":"CrumblingArmor","floor":5},{"not_picked":["NakedNest","BeautyBeast"],"picked":"BlackSwan","floor":8},{"not_picked":["Iron Wave","Body Slam","Fire Breathing"],"picked":"SKIP","floor":8},{"not_picked":["Iron Wave","Body Slam","Fire Breathing"],"picked":"SKIP","floor":8},{"not_picked":["UniverseFragment","OSAHOGD"],"picked":"CherryBlossoms","floor":12},{"not_picked":["Massacre","Demonic Infusion"],"picked":"Dark Embrace","floor":12},{"not_picked":["Replay:Undeath\u0027s Touch","Cleave"],"picked":"Seeing Red","floor":14},{"not_picked":["ShyLook","Scorched"],"picked":"OSAHOGD","floor":14}],"player_experience":13393,"relics_obtained":[{"floor":1,"key":"LetterFromLob"},{"floor":9,"key":"Darkstone Periapt"},{"floor":12,"key":"Leech"}],"event_choices":[{"damage_healed":0,"gold_gain":0,"player_choice":"Invest 2","damage_taken":0,"max_hp_gain":0,"max_hp_loss":0,"event_name":"conspire:Investor","floor":2,"gold_loss":0},{"damage_healed":0,"gold_gain":0,"player_choice":"Box","damage_taken":0,"relics_obtained":["InkBottle"],"max_hp_gain":0,"max_hp_loss":0,"event_name":"Big Fish","floor":10,"gold_loss":0,"cards_obtained":["Regret"]}],"is_beta":false,"boss_relics":[],"items_purged_floors":[],"is_endless":false,"potions_floor_spawned":[1,8,12],"killed_by":"The Guardian","ascension_level":0}}