{"host":"ggy1mjjy92c62u6a","time":1610461265,"event":{"mods":["10 clothes from DAL","Act Like it!","BaseMod","Colored Powertips","GifTheSpireLib","Library of Ruina","Library of Ruina Extra","Minty Spire (QoL Compilation)","Quick Restart","Relic Stats","RumiaBox-露米娅的神秘盒子","Shop Mod","Spicy Shops","StSLib","【功能Mod】混沌之环修复补丁","【遗物卡牌】REMEMod"],"gold_per_floor":[117,133,133,133,144,144,184,184,184,184,38,67,67,126,126,225,225,245,95,295,305,363,388,388,401,401,401,432,355,355,390,390,494,494,504,504,41,59,59,59,65,65,65,65,65],"floor_reached":44,"playtime":1520,"items_purged":["LightDefense","LightAttack","LightAttack"],"score":699,"play_id":"3d2a98c6-68cf-4396-bf96-ced488d9fc2b","local_time":"20210112222105","is_ascension_mode":true,"campfire_choices":[{"data":"GutHarvesting","floor":6.0,"key":"SMITH"},{"data":"FrontalAssault","floor":8.0,"key":"SMITH"},{"data":"BlazingStrike","floor":10.0,"key":"SMITH"},{"floor":13.0,"key":"REST"},{"floor":15.0,"key":"REST"},{"data":"RagingStorm","floor":24.0,"key":"SMITH"},{"data":"GrazeTheGrass","floor":27.0,"key":"SMITH"},{"data":"Faith","floor":30.0,"key":"SMITH"},{"data":"SunsetBlade","floor":32.0,"key":"SMITH"},{"data":"FrontalAssault","floor":40.0,"key":"SMITH"}],"circlet_count":0,"master_deck":["Dodge","LightAttack","LightDefense","LightDefense","LightDefense","ChargeAndCover","FocusedStrikes","Blur","Unlock1","BlazingStrike+1","FrontalAssault+1","GutHarvesting+1","GuidanceOfTheGears","RagingStorm+1","SunsetBlade+1","Faith+1","TendonChords+1","GuidanceOfTheGears","GrazeTheGrass+1","Unlock1","BattleCommand+1","FrontalAssault+1","Unlock1"],"relics":["PageOfLibrarian","REME_ComplimentaryCards","PageOfTheSilentOrchestra","GodSword7","REME_LimitBreaker","REME_HandOfSuture","Regal Pillow","Black Star","PageOfForsakenMurderer","PageOfTheQueenOfHatred","MerchantsRug","PageOfTheKnightOfDespair","Blood Vial","Busted Crown","REME_PuzzleBoxRelic","PageOfLaetitia","Dream Catcher","Baka2","PageOfGreed","PageOfPorccubus","PageOfWrath"],"acts_visited":["Exordium","TheCity","TheBeyond"],"potions_floor_usage":[],"damage_taken":[{"damage":2.0,"enemies":"Jaw Worm","floor":1.0,"turns":2.0},{"damage":0.0,"enemies":"2 Louse","floor":2.0,"turns":2.0},{"damage":10.0,"enemies":"Small Slimes","floor":5.0,"turns":4.0},{"damage":11.0,"enemies":"Gremlin Gang","floor":7.0,"turns":4.0},{"damage":2.0,"enemies":"Gremlin Nob","floor":12.0,"turns":3.0},{"damage":9.0,"enemies":"2 Fungi Beasts","floor":14.0,"turns":2.0},{"damage":66.0,"enemies":"Hexaghost","floor":16.0,"turns":4.0},{"damage":0.0,"enemies":"3 Byrds","floor":18.0,"turns":2.0},{"damage":0.0,"enemies":"Shell Parasite","floor":21.0,"turns":1.0},{"damage":38.0,"enemies":"Snake Plant","floor":22.0,"turns":5.0},{"damage":11.0,"enemies":"Book of Stabbing","floor":23.0,"turns":3.0},{"damage":0.0,"enemies":"Snecko","floor":25.0,"turns":1.0},{"damage":0.0,"enemies":"Gremlin Leader","floor":28.0,"turns":1.0},{"damage":29.0,"enemies":"REME_1_Revenger","floor":31.0,"turns":3.0},{"damage":16.0,"enemies":"Collector","floor":33.0,"turns":9.0},{"damage":19.0,"enemies":"Orb Walker","floor":35.0,"turns":3.0},{"damage":11.0,"enemies":"3 Darklings","floor":38.0,"turns":4.0},{"damage":10.0,"enemies":"Reptomancer","floor":41.0,"turns":3.0},{"damage":0,"enemies":"Nemesis","floor":44,"turns":1}],"seed_played":"-4227046710326790632","potions_obtained":[{"floor":5.0,"key":"Strength Potion"},{"floor":12.0,"key":"LiquidBronze"},{"floor":21.0,"key":"SkillPotion"},{"floor":22.0,"key":"Explosive Potion"},{"floor":23.0,"key":"Strength Potion"}],"is_trial":false,"path_per_floor":["M","M","?","?","M","R","M","R","T","R","$","E","R","M","R","B",null,"M","$","?","M","M","E","R","M","T","R","E","$","R","E","R","B",null,"M","?","$","M","$","R","E","?","T","E"],"character_chosen":"Librarian","items_purchased":["REME_HandOfSuture","Chemical X","MerchantsRug","REME_PuzzleBoxRelic","PageOfLaetitia","FrontalAssault","Dream Catcher"],"campfire_rested":2,"item_purchase_floors":[11,19,29,37,37,37,37],"current_hp_per_floor":[40,40,37,42,32,32,21,21,21,21,21,19,70,61,112,46,121,121,121,121,121,83,75,75,75,75,75,85,85,85,62,62,54,131,112,112,112,106,106,106,101,101,101,103,103],"gold":65,"neow_bonus":"ONE_RARE_RELIC","is_daily":false,"chose_seed":false,"campfire_upgraded":8,"win_rate":0.0,"timestamp":1610461265,"path_taken":["M","M","?","?","M","R","M","R","T","R","$","E","R","M","R","BOSS","M","$","?","?","?","E","R","M","T","R","E","$","R","E","R","BOSS","M","?","$","M","$","R","E","?","T","E"],"items_purchased_type":["Relic","Relic","Relic","Relic","Relic","Card","Relic"],"build_version":"2020-12-22","purchased_purges":3,"victory":false,"max_hp_per_floor":[86,107,107,112,112,112,112,121,121,121,121,121,121,121,121,121,121,121,121,121,121,121,124,124,124,124,124,131,131,131,131,131,131,131,131,131,131,131,131,131,131,131,131,131,131],"relic_stats":{"Blood Vial":8,"Regal Pillow":30,"Dream Catcher":0,"Busted Crown":12,"counters":[19,56],"Black Star":4,"obtain_stats":[{"PageOfTheQueenOfHatred":28,"Regal Pillow":12,"Ancient Tea Set":23,"Blood Vial":31,"PageOfGreed":41,"PageOfWrath":43,"Dream Catcher":37,"Baka2":38,"PageOfForsakenMurderer":23,"Strawberry":28,"PageOfTheKnightOfDespair":31,"Chemical X":19,"MerchantsRug":29,"Baka":1,"REME_LimitBreaker":9,"PageOfLibrarian":0,"Bottled Flame":26,"PageOfTheSilentOrchestra":0,"Busted Crown":34,"PageOfLaetitia":37,"GodSword7":3,"REME_HandOfSuture":11,"Black Star":17,"PageOfPorccubus":41,"REME_PuzzleBoxRelic":37,"REME_ComplimentaryCards":0},{"PageOfTheQueenOfHatred":13,"Regal Pillow":5,"Ancient Tea Set":11,"Blood Vial":14,"PageOfGreed":18,"PageOfWrath":18,"Dream Catcher":16,"Baka2":17,"PageOfForsakenMurderer":11,"Strawberry":13,"PageOfTheKnightOfDespair":14,"Chemical X":8,"MerchantsRug":13,"Baka":1,"REME_LimitBreaker":4,"PageOfLibrarian":0,"Bottled Flame":12,"PageOfTheSilentOrchestra":0,"Busted Crown":15,"PageOfLaetitia":16,"GodSword7":2,"REME_HandOfSuture":4,"Black Star":7,"PageOfPorccubus":18,"REME_PuzzleBoxRelic":16,"REME_ComplimentaryCards":0},{"PageOfTheQueenOfHatred":34,"Regal Pillow":15,"Ancient Tea Set":32,"Blood Vial":37,"PageOfGreed":56,"PageOfWrath":56,"Dream Catcher":49,"Baka2":53,"PageOfForsakenMurderer":32,"Strawberry":34,"PageOfTheKnightOfDespair":37,"Chemical X":23,"MerchantsRug":34,"Baka":2,"REME_LimitBreaker":12,"PageOfLibrarian":0,"Bottled Flame":33,"PageOfTheSilentOrchestra":0,"Busted Crown":46,"PageOfLaetitia":49,"GodSword7":4,"REME_HandOfSuture":12,"Black Star":21,"PageOfPorccubus":56,"REME_PuzzleBoxRelic":49,"REME_ComplimentaryCards":0}]},"card_choices":[{"not_picked":["DestructiveImpact","GaleKick","SparkingSpear","StructuralAnalysis","ShrineToMusic","DarkCloud","DefenseOrder","AutomatedMovement","CumulusWall"],"picked":"SKIP","floor":1.0},{"not_picked":["ShockingBlow","GuidanceOfTheGears","CumulusWall","ToOvercomeCrisis","DefenseOrder","CutIn","StructuralAnalysis","ClassAndRespect"],"picked":"Unlock1","floor":2.0},{"not_picked":["HeavyPeaks","Pound","FlyingSword","QuickSuppression","ViolentFlame","SharpSwipe","UnavoidableGaze","YoureAHindrance"],"picked":"BlazingStrike","floor":5.0},{"not_picked":["PreemptiveStrike","QuickSuppression","Struggle","DestructiveImpact","SpearedSweep","Wallop_lor","SweepTheBackstreets","LossOfSenses"],"picked":"Faith","floor":5.0},{"not_picked":["EndlessBattle","EnergyStrike","FleshFillet","HandleRequest","RulesOfTheBackstreets","Brawl","FierceCharge","Multislash"],"picked":"FrontalAssault","floor":5.0},{"not_picked":["DirtyBlow","DesperateStruggle","Retaliate","DestructiveImpact","QuickSuppression","Quickness","PreemptiveStrike","DefenseOrder"],"picked":"GutHarvesting","floor":5.0},{"not_picked":["EnergyStrike","Mutilate","BlowItUp","SharpSwipe","FierceCharge","BackAttack","Wallop_lor","CumulusWall","FaintMemories"],"picked":"SKIP","floor":7.0},{"not_picked":["EnergyCycle","DimensionalRift","EnergyStrike","ProselytesBlade","ShockingBlow","Standoff","Multislash","SkitterAway"],"picked":"GuidanceOfTheGears","floor":12.0},{"not_picked":["Wallop_lor","Leap_lor","MultiHit","QuickAttack","HandleRequest","LoosenUp","CleanUp","SmokingPipe","AsThePrescriptOrders"],"picked":"SKIP","floor":14.0},{"not_picked":["Suppress","LeRegole"],"picked":"RagingStorm","floor":16.0},{"not_picked":["Thrust+1","TieShanKao","IngredientHunt","MultiHit+1","Endure","FierceCharge","WillOfThePrescript","Quickness"],"picked":"SunsetBlade","floor":18.0},{"not_picked":["HighKick","FlamingDragonFist","Reload","MultiBlock","Outburst","SpearedSweep","WillProduceFineSilk","SetFire"],"picked":"Faith","floor":21.0},{"not_picked":["GuardingStance+1","AutomatedMovement","FierceCharge","EnergyStrike+1","YoureTooSlow+1","CleanUp","Multislash","PreemptiveStrike+1"],"picked":"TendonChords+1","floor":22.0},{"not_picked":["Guardian_lor","FaintMemories","Multislash","SturdyDefense","YouOnlyLiveOnce","SmokingPipe","SparkingSpear","FendThisOffIfYouCan"],"picked":"GuidanceOfTheGears","floor":23.0},{"not_picked":["SuppressingShot","StructuralAnalysis","ProselytesBlade","SinglePointStab","CombatPreparation+1","SmokingPipe","ShrineToMusic","HandlingWork"],"picked":"GrazeTheGrass","floor":25.0},{"not_picked":["UnavoidableGaze+1","SinglePointStab","Wallop_lor","ScratchThat","AsThePrescriptOrders","ConcentratedFire","Rewind+1","Diversion+1"],"picked":"Unlock1","floor":28.0},{"not_picked":["FleetFootsteps","Ripple","Slice_lor","StructuralAnalysis","HandlingWork","IronWall","EndlessBattle","BulkyImpact","EnergyStrike+1"],"picked":"SKIP","floor":31.0},{"not_picked":["WillBeTasty","FierceCharge","AssaultOrder","EnergyShield+1","PinpointShot+1","SkyClearingCut"],"picked":"BattleCommand+1","floor":35.0},{"not_picked":["YourShield","Parry+1","ConcentratedFire+1","Overcharge","SuppressingShot+1","FleetFootsteps","Slice_lor"],"picked":"SKIP","floor":38.0},{"not_picked":["AutonomousRush+1","GuardingStance+1","Tttonst","AbsorbImpact","EnergyShield","NonstopAssault","FieryWaltz"],"picked":"SKIP","floor":41.0}],"player_experience":46811,"relics_obtained":[{"floor":1.0,"key":"Baka"},{"floor":9.0,"key":"REME_LimitBreaker"},{"floor":12.0,"key":"Regal Pillow"},{"floor":23.0,"key":"PageOfForsakenMurderer"},{"floor":23.0,"key":"Ancient Tea Set"},{"floor":26.0,"key":"Bottled Flame"},{"floor":28.0,"key":"PageOfTheQueenOfHatred"},{"floor":28.0,"key":"Strawberry"},{"floor":31.0,"key":"PageOfTheKnightOfDespair"},{"floor":31.0,"key":"Blood Vial"},{"floor":38.0,"key":"Baka2"},{"floor":41.0,"key":"PageOfGreed"},{"floor":41.0,"key":"PageOfPorccubus"},{"floor":43.0,"key":"PageOfWrath"}],"event_choices":[{"damage_healed":0.0,"max_hp_gain":0.0,"max_hp_loss":0.0,"gold_gain":0.0,"event_name":"Scrap Ooze","player_choice":"Success","floor":3.0,"gold_loss":0.0,"damage_taken":3.0,"relics_obtained":["GodSword7"]},{"damage_healed":0.0,"max_hp_gain":5.0,"max_hp_loss":0.0,"gold_gain":0.0,"event_name":"Big Fish","player_choice":"Donut","floor":4.0,"gold_loss":0.0,"damage_taken":0.0},{"damage_healed":0.0,"max_hp_gain":0.0,"max_hp_loss":0.0,"gold_gain":200.0,"event_name":"Wheel of Change","player_choice":"Gold","floor":20.0,"gold_loss":0.0,"damage_taken":0.0},{"damage_healed":0.0,"max_hp_gain":0.0,"max_hp_loss":0.0,"gold_gain":0.0,"event_name":"Tomb of Lord Red Mask","player_choice":"Ignored","floor":36.0,"gold_loss":0.0,"damage_taken":0.0},{"cards_removed":["Faith"],"damage_healed":0.0,"max_hp_gain":0.0,"max_hp_loss":0.0,"gold_gain":0.0,"event_name":"Falling","player_choice":"Removed Skill","floor":42.0,"gold_loss":0.0,"damage_taken":0.0}],"is_beta":false,"boss_relics":[{"not_picked":["Velvet Choker","SlaversCollar"],"picked":"Black Star"},{"not_picked":["Empty Cage","PageOfBlackSwan"],"picked":"Busted Crown"}],"items_purged_floors":[19,29,37],"is_endless":false,"potions_floor_spawned":[5,12,21,22,23,38],"killed_by":"Nemesis","ascension_level":2}}