{"host":"Rowan","time":1610493907,"event":{"mods":["BaseMod","Minty Spire (QoL Compilation)"],"gold_per_floor":[111,126,139,64,74,109,109,109,109,125,146,146,146,166,166,296,296,319,39,39,52,52,52,4,29,29,29,54,54,72,72,72,201,201,221,221,240,299,315,350,364,364,364,378,378,416,416,416,416,416,416,416,108,146,146,146],"floor_reached":55,"language":"ENG","playtime":3340,"items_purged":["Riddle With Holes","Injury","Masterful Stab"],"score":729,"play_id":"a8ad742c-ac47-4c5b-ad27-871aee844d70","local_time":"20210112152507","is_ascension_mode":false,"campfire_choices":[{"floor":8,"key":"RECALL"},{"data":"Survivor","floor":13,"key":"SMITH"},{"data":"Catalyst","floor":15,"key":"SMITH"},{"data":"After Image","floor":23,"key":"SMITH"},{"data":"Envenom","floor":27,"key":"SMITH"},{"data":"Burst","floor":29,"key":"SMITH"},{"data":"Deadly Poison","floor":32,"key":"SMITH"},{"floor":42,"key":"REST"},{"floor":47,"key":"REST"},{"floor":49,"key":"REST"},{"floor":52,"key":"REST"}],"circlet_count":0,"master_deck":["Survivor+1","Neutralize","Glass Knife","Burst+1","Endless Agony","Die Die Die","Envenom+1","Catalyst+1","Reflex","Dagger Throw","Dash","Deadly Poison+1","Dodge and Roll","Quick Slash","Outmaneuver+1","Cloak And Dagger+1","After Image+1","Slice","Apotheosis+1","Bane+1","Flying Knee","Deflect+1","Dagger Spray+1","Deadly Poison+1","Caltrops+1","Infinite Blades","Caltrops+1","Dodge and Roll+1","Noxious Fumes","Backflip+1","Corpse Explosion+1","Blind+1","Accuracy","Noxious Fumes+1"],"relics":["Pandora\u0027s Box","Ornamental Fan","Golden Idol","Toxic Egg 2","Runic Pyramid","FaceOfCleric","Fusion Hammer","Prayer Wheel","Gremlin Horn","PreservedInsect","Letter Opener","TwistedFunnel","Bronze Scales"],"acts_visited":["TheCity","TheBeyond","TheEnding"],"potions_floor_usage":[6,10,25,33,33,44,50,50,50],"damage_taken":[{"damage":0,"enemies":"Small Slimes","floor":1,"turns":2},{"damage":1,"enemies":"Jaw Worm","floor":2,"turns":2},{"damage":0,"enemies":"Cultist","floor":3,"turns":2},{"damage":0,"enemies":"2 Fungi Beasts","floor":5,"turns":1},{"damage":8,"enemies":"Gremlin Nob","floor":6,"turns":4},{"damage":12,"enemies":"Blue Slaver","floor":10,"turns":2},{"damage":0,"enemies":"Looter","floor":11,"turns":2},{"damage":0,"enemies":"Large Slime","floor":14,"turns":4},{"damage":1,"enemies":"The Guardian","floor":16,"turns":9},{"damage":4,"enemies":"Shell Parasite","floor":18,"turns":3},{"damage":0,"enemies":"Chosen","floor":21,"turns":3},{"damage":6,"enemies":"Snake Plant","floor":25,"turns":4},{"damage":0,"enemies":"3 Cultists","floor":28,"turns":4},{"damage":18,"enemies":"Centurion and Healer","floor":30,"turns":4},{"damage":8,"enemies":"Automaton","floor":33,"turns":8},{"damage":6,"enemies":"Orb Walker","floor":35,"turns":3},{"damage":4,"enemies":"3 Shapes","floor":37,"turns":4},{"damage":38,"enemies":"2 Orb Walkers","floor":38,"turns":5},{"damage":11,"enemies":"Transient","floor":39,"turns":5},{"damage":0,"enemies":"Giant Head","floor":40,"turns":7},{"damage":8,"enemies":"3 Darklings","floor":41,"turns":4},{"damage":11,"enemies":"Jaw Worm Horde","floor":44,"turns":4},{"damage":2,"enemies":"Nemesis","floor":46,"turns":5},{"damage":39,"enemies":"Awakened One","floor":50,"turns":8},{"damage":58,"enemies":"Shield and Spear","floor":54,"turns":5},{"damage":13,"enemies":"The Heart","floor":55,"turns":2}],"seed_played":"-4941271947150477844","potions_obtained":[{"floor":3,"key":"LiquidBronze"},{"floor":5,"key":"Energy Potion"},{"floor":11,"key":"DistilledChaos"},{"floor":16,"key":"SpeedPotion"},{"floor":18,"key":"SkillPotion"},{"floor":30,"key":"DistilledChaos"},{"floor":33,"key":"BlessingOfTheForge"},{"floor":39,"key":"ColorlessPotion"},{"floor":40,"key":"LiquidBronze"},{"floor":41,"key":"EssenceOfSteel"},{"floor":46,"key":"DistilledChaos"}],"is_trial":false,"path_per_floor":["M","M","M","$","M","E","?","R","T","M","M","?","R","M","R","B",null,"M","$","?","M","$","R","$","M","T","R","M","R","M","?","R","B",null,"M","?","M","?","M","E","M","R","T","M","?","E","R","?","R","B",null,"R","$","E","B"],"character_chosen":"THE_SILENT","items_purchased":["Apotheosis+1","Flying Knee","TwistedFunnel","Accuracy"],"campfire_rested":4,"item_purchase_floors":[19,24,53,53],"current_hp_per_floor":[70,69,69,69,69,61,61,61,61,49,49,49,49,49,49,48,70,66,66,66,67,67,67,67,62,62,62,63,63,46,46,46,39,75,70,70,67,30,20,21,14,37,37,27,68,67,69,69,69,31,70,70,70,13,0,0],"gold":146,"neow_bonus":"BOSS_RELIC","is_daily":false,"chose_seed":false,"campfire_upgraded":6,"win_rate":0.0,"timestamp":1610493907,"path_taken":["M","M","M","$","M","E","?","R","T","M","M","?","R","M","R","BOSS","M","$","?","M","$","R","?","M","T","R","M","R","M","?","R","BOSS","M","?","M","?","M","E","M","R","T","M","?","E","R","?","R","BOSS","R","$","E","BOSS"],"items_purchased_type":["Card","Card","Relic","Card"],"build_version":"2020-12-18","purchased_purges":3,"victory":false,"max_hp_per_floor":[70,70,70,70,70,70,70,70,70,70,70,70,70,70,70,70,70,70,70,70,71,71,71,71,72,72,72,73,73,74,74,74,75,75,76,72,73,74,75,76,77,77,77,78,68,69,69,69,69,70,70,70,70,71,71,71],"card_choices":[{"not_picked":["Outmaneuver","Slice"],"picked":"Dash","floor":1},{"not_picked":["Blade Dance","Underhanded Strike"],"picked":"Deadly Poison","floor":2},{"not_picked":["Sucker Punch","Calculated Gamble","Concentrate"],"picked":"SKIP","floor":3},{"not_picked":["Backstab","Flying Knee"],"picked":"Dodge and Roll","floor":5},{"not_picked":["Predator","Acrobatics"],"picked":"Quick Slash","floor":6},{"not_picked":["Blade Dance+1","Quick Slash"],"picked":"Outmaneuver+1","floor":10},{"not_picked":["Deadly Poison+1","Expertise+1"],"picked":"Cloak And Dagger+1","floor":11},{"not_picked":["Quick Slash","Outmaneuver+1","Cloak And Dagger+1"],"picked":"SKIP","floor":14},{"not_picked":["Burst+1","Malaise+1"],"picked":"After Image","floor":16},{"not_picked":["Cloak And Dagger+1","Skewer"],"picked":"Slice","floor":18},{"not_picked":["Dagger Spray","Slice+1"],"picked":"Bane+1","floor":21},{"not_picked":["PiercingWail+1","Calculated Gamble+1"],"picked":"Deflect+1","floor":25},{"not_picked":["Prepared+1","Flying Knee"],"picked":"Dagger Spray+1","floor":28},{"not_picked":["Eviscerate","Outmaneuver+1"],"picked":"Deadly Poison+1","floor":30},{"not_picked":["Backflip+1","Dagger Spray+1"],"picked":"Caltrops+1","floor":35},{"not_picked":["Dagger Spray","Dodge and Roll+1","Expertise+1"],"picked":"SKIP","floor":37},{"not_picked":["Quick Slash","Deadly Poison+1"],"picked":"Infinite Blades","floor":38},{"not_picked":["Blur+1","Deadly Poison+1"],"picked":"Caltrops+1","floor":39},{"not_picked":["Unload","Poisoned Stab"],"picked":"Dodge and Roll+1","floor":39},{"not_picked":["Masterful Stab","Acrobatics+1","Flechettes+1"],"picked":"SKIP","floor":40},{"not_picked":["Cloak And Dagger+1","Well Laid Plans"],"picked":"Noxious Fumes","floor":41},{"not_picked":["Sucker Punch+1","Concentrate+1","Dodge and Roll+1"],"picked":"SKIP","floor":41},{"not_picked":["Acrobatics+1","Footwork+1"],"picked":"Backflip+1","floor":44},{"not_picked":["Quick Slash+1","Deflect+1","Poisoned Stab+1"],"picked":"SKIP","floor":44},{"not_picked":["Bane","Blade Dance+1"],"picked":"Corpse Explosion+1","floor":46},{"not_picked":["PanicButton+1","Transmutation+1"],"picked":"Blind+1","floor":48},{"not_picked":["Backflip+1","Sucker Punch+1"],"picked":"Noxious Fumes+1","floor":54}],"player_experience":350483,"relics_obtained":[{"floor":6,"key":"Ornamental Fan"},{"floor":9,"key":"Toxic Egg 2"},{"floor":38,"key":"Prayer Wheel"},{"floor":40,"key":"Gremlin Horn"},{"floor":43,"key":"PreservedInsect"},{"floor":46,"key":"Letter Opener"},{"floor":54,"key":"Bronze Scales"}],"event_choices":[{"damage_healed":0,"gold_gain":0,"player_choice":"Take Wound","damage_taken":0,"relics_obtained":["Golden Idol"],"max_hp_gain":0,"max_hp_loss":0,"event_name":"Golden Idol","floor":7,"gold_loss":0,"cards_obtained":["Injury"]},{"damage_healed":0,"gold_gain":0,"player_choice":"Ignored","damage_taken":0,"max_hp_gain":0,"max_hp_loss":0,"event_name":"Liars Game","floor":12,"gold_loss":0},{"damage_healed":0,"gold_gain":0,"player_choice":"Trade","damage_taken":0,"relics_obtained":["FaceOfCleric"],"max_hp_gain":0,"max_hp_loss":0,"event_name":"FaceTrader","floor":20,"gold_loss":0},{"damage_healed":0,"gold_gain":0,"player_choice":"Ignored","damage_taken":0,"max_hp_gain":0,"max_hp_loss":0,"event_name":"Cursed Tome","floor":31,"gold_loss":0},{"damage_healed":0,"gold_gain":0,"player_choice":"Max HP","damage_taken":0,"max_hp_gain":0,"max_hp_loss":4,"event_name":"Winding Halls","floor":36,"gold_loss":0},{"damage_healed":0,"gold_gain":0,"player_choice":"Fight","damage_taken":0,"max_hp_gain":0,"max_hp_loss":0,"event_name":"Mysterious Sphere","floor":38,"gold_loss":0},{"damage_healed":68,"gold_gain":0,"player_choice":"Heal","damage_taken":0,"max_hp_gain":0,"max_hp_loss":10,"event_name":"The Moai Head","floor":45,"gold_loss":0},{"damage_healed":0,"gold_gain":0,"player_choice":"Memory 1","damage_taken":0,"max_hp_gain":0,"max_hp_loss":0,"event_name":"SensoryStone","floor":48,"gold_loss":0}],"is_beta":true,"boss_relics":[{"not_picked":["Ectoplasm","Velvet Choker"],"picked":"Runic Pyramid"},{"not_picked":["Astrolabe","Philosopher\u0027s Stone"],"picked":"Fusion Hammer"}],"items_purged_floors":[4,19,53],"is_endless":false,"potions_floor_spawned":[3,5,11,16,18,21,30,33,39,40,41,46],"killed_by":"The Heart","ascension_level":0}}