{"host":"xumidyqji6pg2yy3","time":1610444070,"event":{"mods":["100% Spire Juice","BaseMod","Highlight Path","Minty Spire (QoL Compilation)","StSLib"],"gold_per_floor":[114,7,7,20,33,64,64,83,83,83,103,131,11,11,11,112,112,123,123,139,149,168,168,188,188,188,202,202,82,7,7,7,106,106,121,1,1,17,30,30,59,70,94,94,32,59,14,33,33,33],"floor_reached":51,"playtime":2871,"items_purged":["Moonworks:Strike"],"score":869,"play_id":"74efaf0a-49be-43d8-b9b8-358453456702","local_time":"20210112173430","is_ascension_mode":false,"campfire_choices":[{"data":"Moonworks:SealedMemories","floor":7.0,"key":"SMITH"},{"data":"Moonworks:SweetBattle","floor":10.0,"key":"SMITH"},{"floor":13.0,"key":"REST"},{"data":"Moonworks:CompletionReward","floor":15.0,"key":"SMITH"},{"data":"Moonworks:NicePresent","floor":23.0,"key":"SMITH"},{"data":"Moonworks:CloudOfSeagulls","floor":25.0,"key":"SMITH"},{"data":"Moonworks:EvilSpyWorkPreparation","floor":29.0,"key":"SMITH"},{"data":"Moonworks:EvilSpyWorkPreparation","floor":32.0,"key":"SMITH"},{"data":"Ghostly","floor":40.0,"key":"SMITH"},{"data":"Ghostly","floor":44.0,"key":"SMITH"},{"data":"Ghostly","floor":49.0,"key":"SMITH"}],"circlet_count":0,"master_deck":["Moonworks:Strike","Moonworks:Defend","Moonworks:Defend","Moonworks:Defend","Moonworks:Defend","Moonworks:Ambush","Moonworks:LongDistanceShot","Moonworks:SealedMemories+1","Moonworks:SakisCookie","Moonworks:DeployBits","Moonworks:SweetBattle+1","Moonworks:CompletionReward+1","Moonworks:EvilSpyWorkPreparation+1","Moonworks:GoAway","Moonworks:CloudOfSeagulls+1","Ghostly+1","Ghostly+1","Ghostly+1","Ghostly","Ghostly","Moonworks:EvilSpyWorkPreparation+1","Moonworks:NicePresent+1","Moonworks:CloudOfSeagulls+1","Moonworks:StarBlastingFuse","Moonworks:EvilSpyWorkPreparation+1","Parasite","Moonworks:CrystalBarrier+1","Moonworks:EvilSpyWorkPreparation","Moonworks:EvilSpyWorkPreparation+1"],"relics":["Moonworks:BrokenBomb","Moonworks:Homemark","Boot","Shuriken","Vajra","SacredBark","Gremlin Horn","Pear","Cursed Key","InkBottle","Centennial Puzzle","Sundial","Frozen Egg 2"],"acts_visited":["Exordium","TheCity","TheBeyond"],"potions_floor_usage":[50,50],"damage_taken":[{"damage":2.0,"enemies":"Small Slimes","floor":1.0,"turns":4.0},{"damage":1.0,"enemies":"Jaw Worm","floor":2.0,"turns":4.0},{"damage":0.0,"enemies":"Cultist","floor":4.0,"turns":4.0},{"damage":8.0,"enemies":"Looter","floor":5.0,"turns":4.0},{"damage":0.0,"enemies":"Gremlin Nob","floor":6.0,"turns":2.0},{"damage":9.0,"enemies":"Exordium Wildlife","floor":8.0,"turns":5.0},{"damage":20.0,"enemies":"Red Slaver","floor":11.0,"turns":4.0},{"damage":15.0,"enemies":"Lagavulin","floor":12.0,"turns":8.0},{"damage":9.0,"enemies":"The Guardian","floor":16.0,"turns":9.0},{"damage":6.0,"enemies":"Shell Parasite","floor":18.0,"turns":4.0},{"damage":15.0,"enemies":"3 Byrds","floor":20.0,"turns":5.0},{"damage":0.0,"enemies":"Centurion and Healer","floor":21.0,"turns":4.0},{"damage":2.0,"enemies":"Chosen and Byrds","floor":22.0,"turns":6.0},{"damage":0.0,"enemies":"Sentry and Sphere","floor":24.0,"turns":6.0},{"damage":12.0,"enemies":"Snake Plant","floor":27.0,"turns":6.0},{"damage":3.0,"enemies":"Collector","floor":33.0,"turns":6.0},{"damage":4.0,"enemies":"3 Darklings","floor":35.0,"turns":3.0},{"damage":0.0,"enemies":"Orb Walker","floor":38.0,"turns":4.0},{"damage":1.0,"enemies":"Jaw Worm Horde","floor":39.0,"turns":5.0},{"damage":0.0,"enemies":"Nemesis","floor":41.0,"turns":7.0},{"damage":2.0,"enemies":"Writhing Mass","floor":42.0,"turns":5.0},{"damage":2.0,"enemies":"Reptomancer","floor":46.0,"turns":4.0},{"damage":0.0,"enemies":"Maw","floor":48.0,"turns":7.0},{"damage":0,"enemies":"Awakened One","floor":50,"turns":8}],"seed_played":"367982999859936890","potions_obtained":[{"floor":2.0,"key":"SteroidPotion"},{"floor":4.0,"key":"AttackPotion"},{"floor":8.0,"key":"GamblersBrew"},{"floor":16.0,"key":"LiquidMemories"},{"floor":18.0,"key":"Dexterity Potion"},{"floor":24.0,"key":"LiquidMemories"},{"floor":41.0,"key":"DistilledChaos"}],"is_trial":false,"path_per_floor":["M","M","?","M","M","E","R","M","T","R","M","E","R","?","R","B",null,"M","?","M","M","M","R","M","R","T","M","?","R","$","T","R","B",null,"M","$","?","M","M","R","E","M","T","R","?","E","$","M","R","B",null],"character_chosen":"THE_STARBREAKER","items_purchased":["Moonworks:EvilSpyWorkPreparation"],"campfire_rested":1,"item_purchase_floors":[47],"current_hp_per_floor":[58,57,50,50,42,42,42,33,33,33,27,18,36,36,36,27,60,54,30,15,15,13,13,21,21,21,13,13,13,13,23,23,24,40,36,36,40,40,39,39,40,40,40,40,40,40,40,40,40,40],"gold":33,"neow_bonus":"REMOVE_CARD","is_daily":false,"chose_seed":false,"campfire_upgraded":10,"win_rate":0.0,"timestamp":1610444070,"path_taken":["M","M","?","M","M","E","R","M","T","R","M","E","R","?","R","BOSS","M","?","M","M","M","R","M","R","T","M","?","R","$","?","R","BOSS","M","$","?","?","M","R","E","M","T","R","?","E","$","M","R","BOSS"],"items_purchased_type":["Card"],"build_version":"2020-12-22","purchased_purges":1,"victory":true,"max_hp_per_floor":[60,60,60,60,60,60,60,60,60,60,60,60,60,60,60,60,60,60,30,30,30,30,30,30,30,30,30,30,30,30,40,40,40,40,40,40,40,40,40,40,40,40,40,40,40,40,40,40,40,40],"card_choices":[{"not_picked":["Moonworks:Assault","Moonworks:IndiscriminateFireSupport"],"picked":"Moonworks:SealedMemories","floor":1.0},{"not_picked":["Moonworks:CookingTime","Moonworks:RagingMadness"],"picked":"Moonworks:SakisCookie","floor":2.0},{"not_picked":["Moonworks:BigMagnum","Moonworks:Assault","Moonworks:Flamethrower"],"picked":"SKIP","floor":4.0},{"not_picked":["Moonworks:SakisCookie","Moonworks:Poppoformation"],"picked":"Moonworks:DeployBits","floor":5.0},{"not_picked":["Moonworks:Assault","Moonworks:ImOnFire","Moonworks:ForcedRevival"],"picked":"SKIP","floor":6.0},{"not_picked":["Moonworks:Flamethrower","Moonworks:ReproductionOfRecords"],"picked":"Moonworks:SweetBattle","floor":8.0},{"not_picked":["Moonworks:SakisCookie","Moonworks:DeployBits"],"picked":"Moonworks:CompletionReward","floor":11.0},{"not_picked":["Moonworks:ReflectiveShell","Moonworks:BeyondHell"],"picked":"Moonworks:EvilSpyWorkPreparation","floor":12.0},{"not_picked":["Moonworks:EvilMastermind","Moonworks:SinkOrSwim"],"picked":"Moonworks:GoAway","floor":16.0},{"not_picked":["Moonworks:LulusLuckyEgg","Moonworks:MixPhenomenon"],"picked":"Moonworks:CloudOfSeagulls+1","floor":18.0},{"not_picked":["Moonworks:BigMagnum","Moonworks:AngelHand"],"picked":"Moonworks:EvilSpyWorkPreparation","floor":20.0},{"not_picked":["Moonworks:Heat300Percent","Moonworks:JonathanRush+1"],"picked":"Moonworks:NicePresent","floor":21.0},{"not_picked":["Moonworks:BigMagnum","Moonworks:IndiscriminateFireSupport","Moonworks:ImOnFire"],"picked":"SKIP","floor":22.0},{"not_picked":["Moonworks:JonathanRush","Moonworks:RagingMadness"],"picked":"Moonworks:CloudOfSeagulls","floor":24.0},{"not_picked":["Moonworks:RagingMadness","Moonworks:MiracleRedBeanIceCream+1","Moonworks:ImOnFire"],"picked":"SKIP","floor":27.0},{"not_picked":["Moonworks:GoAway","Moonworks:Wanted"],"picked":"Moonworks:StarBlastingFuse","floor":33.0},{"not_picked":["Moonworks:FinalSurgery+1","Moonworks:BeyondHell+1","Moonworks:DeployBits"],"picked":"SKIP","floor":35.0},{"not_picked":["Moonworks:ImmovableObject+1","Moonworks:CloudOfSeagulls","Moonworks:CastOff"],"picked":"SKIP","floor":38.0},{"not_picked":["Moonworks:LulusLuckyEgg+1","Moonworks:IndiscriminateFireSupport"],"picked":"Moonworks:EvilSpyWorkPreparation+1","floor":39.0},{"not_picked":["Moonworks:Dinner","Moonworks:ImOnFire+1","Moonworks:CookingTime"],"picked":"SKIP","floor":41.0},{"not_picked":["Moonworks:StiffCrystal","Moonworks:BigMagnum","Moonworks:RedAndBlue"],"picked":"SKIP","floor":42.0},{"not_picked":["Moonworks:JonathanRush","Moonworks:BigBangBell+1"],"picked":"Moonworks:CrystalBarrier+1","floor":46.0},{"not_picked":["Moonworks:BigMagnum+1","Moonworks:CompletionReward"],"picked":"Moonworks:EvilSpyWorkPreparation+1","floor":48.0}],"player_experience":53142,"relics_obtained":[{"floor":6.0,"key":"Boot"},{"floor":9.0,"key":"Shuriken"},{"floor":12.0,"key":"Vajra"},{"floor":26.0,"key":"Gremlin Horn"},{"floor":31.0,"key":"Pear"},{"floor":41.0,"key":"InkBottle"},{"floor":43.0,"key":"Centennial Puzzle"},{"floor":46.0,"key":"Frozen Egg 2"}],"event_choices":[{"cards_removed":["Moonworks:Strike"],"damage_healed":0.0,"max_hp_gain":0.0,"max_hp_loss":0.0,"gold_gain":0.0,"event_name":"Golden Wing","player_choice":"Card Removal","floor":3.0,"gold_loss":0.0,"damage_taken":7.0},{"damage_healed":0.0,"max_hp_gain":0.0,"max_hp_loss":0.0,"gold_gain":0.0,"event_name":"NoteForYourself","player_choice":"Ignored","floor":14.0,"gold_loss":0.0,"damage_taken":0.0},{"damage_healed":0.0,"max_hp_gain":0.0,"max_hp_loss":30.0,"gold_gain":0.0,"event_name":"Ghosts","player_choice":"Became a Ghost","floor":19.0,"gold_loss":0.0,"damage_taken":0.0,"cards_obtained":["Ghostly","Ghostly","Ghostly","Ghostly","Ghostly"]},{"damage_healed":0.0,"max_hp_gain":0.0,"max_hp_loss":0.0,"gold_gain":0.0,"event_name":"Vampires","player_choice":"Ignored","floor":28.0,"gold_loss":0.0,"damage_taken":0.0},{"damage_healed":4.0,"max_hp_gain":0.0,"max_hp_loss":0.0,"gold_gain":0.0,"event_name":"Wheel of Change","player_choice":"Full Heal","floor":37.0,"gold_loss":0.0,"damage_taken":0.0},{"damage_healed":0.0,"max_hp_gain":0.0,"max_hp_loss":0.0,"gold_gain":0.0,"event_name":"WeMeetAgain","player_choice":"Paid Gold","floor":45.0,"gold_loss":62.0,"damage_taken":0.0,"relics_obtained":["Sundial"]}],"is_beta":false,"boss_relics":[{"not_picked":["Velvet Choker","Astrolabe"],"picked":"SacredBark"},{"not_picked":["Black Star","Snecko Eye"],"picked":"Cursed Key"}],"items_purged_floors":[30],"is_endless":false,"potions_floor_spawned":[2,4,8,16,18,24,27,33,39,41],"ascension_level":0}}