{"host":"h4390p13uu6iw1q5","time":1610449836,"event":{"mods":["BaseMod","Colored Map","Minty Spire (QoL Compilation)"],"gold_per_floor":[114,129,144,159,9,9,9,39,39,39,54,84,99,114,114,114,114],"floor_reached":16,"playtime":1048,"items_purged":[],"score":214,"play_id":"cd3446d3-76c7-46c4-b457-3cb91fd56575","local_time":"20210112061036","daily_mods":["Cursed Run","Hoarder","DeadlyEvents"],"is_ascension_mode":false,"campfire_choices":[{"data":"Eruption","floor":6,"key":"SMITH"},{"data":"PathToVictory","floor":15,"key":"SMITH"}],"circlet_count":0,"master_deck":["Strike_P","Strike_P","Strike_P+1","Strike_P","Defend_P","Defend_P","Defend_P","Defend_P","Eruption+1","Vigilance","TalkToTheHand","TalkToTheHand","TalkToTheHand","FlyingSleeves","FlyingSleeves+1","FlyingSleeves","FollowUp","FollowUp","FollowUp","Injury","Injury","Injury","PathToVictory","PathToVictory+1","PathToVictory","PathToVictory","PathToVictory","PathToVictory","Fasting2+1","Fasting2+1","Fasting2+1"],"relics":["Cursed Key","Darkstone Periapt","Du-Vu Doll","Toolbox","Frozen Egg 2","Orichalcum","GoldenEye"],"acts_visited":["Exordium"],"potions_floor_usage":[12],"damage_taken":[{"damage":0,"enemies":"Cultist","floor":1,"turns":2},{"damage":0,"enemies":"2 Louse","floor":2,"turns":2},{"damage":1,"enemies":"Jaw Worm","floor":3,"turns":3},{"damage":1,"enemies":"Looter","floor":4,"turns":3},{"damage":0,"enemies":"Lagavulin","floor":8,"turns":7},{"damage":0,"enemies":"Gremlin Gang","floor":11,"turns":3},{"damage":0,"enemies":"Gremlin Nob","floor":12,"turns":1},{"damage":0,"enemies":"Large Slime","floor":13,"turns":3},{"damage":0,"enemies":"Red Slaver","floor":14,"turns":1},{"damage":0,"enemies":"Hexaghost","floor":16,"turns":1}],"seed_played":"-5514344210177769252","potions_obtained":[{"floor":1,"key":"GamblersBrew"},{"floor":3,"key":"Block Potion"},{"floor":8,"key":"GamblersBrew"},{"floor":12,"key":"EssenceOfSteel"},{"floor":14,"key":"SkillPotion"}],"is_trial":false,"path_per_floor":["M","M","M","M","$","R","?","E","T","$","M","E","M","M","R","B"],"character_chosen":"WATCHER","items_purchased":["Toolbox"],"campfire_rested":0,"item_purchase_floors":[5],"current_hp_per_floor":[72,72,71,70,70,70,56,56,74,74,74,74,74,74,74,74,74],"gold":114,"neow_bonus":"","is_daily":true,"chose_seed":false,"campfire_upgraded":2,"win_rate":0.0,"timestamp":1610449836,"path_taken":["M","?","M","M","$","R","?","?","T","?","M","?","?","M","R","BOSS"],"items_purchased_type":["Relic"],"build_version":"2020-12-22","purchased_purges":0,"victory":false,"max_hp_per_floor":[72,72,72,72,72,72,72,72,90,90,90,90,90,90,90,90,90],"card_choices":[{"not_picked":["Evaluate","DeceiveReality"],"picked":"TalkToTheHand","floor":1},{"not_picked":["ReachHeaven","Fasting2"],"picked":"FlyingSleeves","floor":2},{"not_picked":["Consecrate","Study","Protect"],"picked":"SKIP","floor":3},{"not_picked":["BowlingBash","CutThroughFate","Adaptation"],"picked":"SKIP","floor":4},{"not_picked":["Wireheading+1","SignatureMove"],"picked":"FollowUp","floor":8},{"not_picked":["Prostrate","FollowUp","MasterReality+1"],"picked":"SKIP","floor":11},{"not_picked":["FearNoEvil","ClearTheMind"],"picked":"PathToVictory","floor":12},{"not_picked":["Study+1","Wallop"],"picked":"PathToVictory","floor":13},{"not_picked":["PathToVictory","Halt"],"picked":"Fasting2+1","floor":14}],"player_experience":2434529,"relics_obtained":[{"floor":8,"key":"Frozen Egg 2"},{"floor":9,"key":"Orichalcum"},{"floor":12,"key":"GoldenEye"}],"event_choices":[{"damage_healed":0,"gold_gain":0,"player_choice":"Entered Light","damage_taken":14,"max_hp_gain":0,"max_hp_loss":0,"event_name":"Shining Light","floor":7,"gold_loss":0,"cards_upgraded":["FlyingSleeves","Strike_P"]}],"is_beta":false,"boss_relics":[],"items_purged_floors":[],"is_endless":false,"potions_floor_spawned":[1,3,8,12,14],"killed_by":"Hexaghost","ascension_level":0}}