{"host":"25fn74ijs2305xd4","time":1610469954,"event":{"mods":["AchievementEnabler","BaseMod","Colored Map","Colored Powertips","Dark Map","Minty Spire (QoL Compilation)","Relic Stats","StSLib"],"gold_per_floor":[114,114,114,133,133,133,149,149,173,19,39,39,39],"floor_reached":12,"playtime":274,"items_purged":[],"score":82,"play_id":"e30b3427-2177-4ae2-a3b4-a652cc6ed8c5","local_time":"20210112174554","is_ascension_mode":true,"campfire_choices":[{"data":"Melter","floor":6,"key":"SMITH"},{"data":"Barrage","floor":8,"key":"SMITH"}],"circlet_count":0,"master_deck":["Strike_B","Strike_B","Strike_B","Defend_B","Defend_B","Defend_B","Defend_B","Zap+1","Dualcast","Melter+1","Gash","Barrage+1","Writhe","Self Repair","Finesse","Aggregate"],"relics":["Cursed Key","Potion Belt"],"acts_visited":["Exordium"],"potions_floor_usage":[12,12],"damage_taken":[{"damage":0,"enemies":"2 Louse","floor":1,"turns":2},{"damage":6,"enemies":"Small Slimes","floor":4,"turns":4},{"damage":0,"enemies":"Cultist","floor":7,"turns":2},{"damage":6,"enemies":"2 Fungi Beasts","floor":11,"turns":4},{"damage":70,"enemies":"Gremlin Nob","floor":12,"turns":4}],"seed_played":"4621094329481051622","potions_obtained":[{"floor":1,"key":"LiquidMemories"},{"floor":4,"key":"ColorlessPotion"},{"floor":11,"key":"Strength Potion"}],"is_trial":false,"path_per_floor":["M","?","?","M","?","R","M","R","T","$","M","E"],"character_chosen":"DEFECT","items_purchased":["Self Repair","Finesse"],"campfire_rested":0,"item_purchase_floors":[10,10],"current_hp_per_floor":[75,80,80,74,74,74,74,74,74,74,68,0,0],"gold":39,"neow_bonus":"BOSS_RELIC","is_daily":false,"chose_seed":false,"campfire_upgraded":2,"win_rate":0.0,"timestamp":1610469954,"path_taken":["M","?","?","?","?","R","M","R","T","?","M","E"],"items_purchased_type":["Card","Card"],"build_version":"2020-12-22","purchased_purges":0,"victory":false,"max_hp_per_floor":[75,80,80,80,80,80,80,80,80,80,80,80,80],"relic_stats":{"counters":[5,16],"Cursed Key":1,"obtain_stats":[{"Potion Belt":9,"Cracked Core":0,"Cursed Key":0},{"Potion Belt":3,"Cracked Core":0,"Cursed Key":0},{"Potion Belt":8,"Cracked Core":0,"Cursed Key":0}]},"card_choices":[{"not_picked":["Static Discharge","Hologram"],"picked":"Melter","floor":1},{"not_picked":["Lockon","Barrage"],"picked":"Gash","floor":4},{"not_picked":["Conserve Battery","Stack"],"picked":"Barrage","floor":7},{"not_picked":["Doom and Gloom","Rebound"],"picked":"Aggregate","floor":11}],"player_experience":52737,"relics_obtained":[{"floor":9,"key":"Potion Belt"}],"event_choices":[{"damage_healed":0,"gold_gain":0,"player_choice":"Donut","damage_taken":0,"max_hp_gain":5,"max_hp_loss":0,"event_name":"Big Fish","floor":2,"gold_loss":0},{"cards_removed":["Strike_B"],"damage_healed":0,"gold_gain":0,"player_choice":"Offered Basic","damage_taken":0,"max_hp_gain":0,"max_hp_loss":0,"event_name":"Bonfire Elementals","floor":3,"gold_loss":0},{"damage_healed":0,"gold_gain":0,"player_choice":"Upgraded","damage_taken":0,"max_hp_gain":0,"max_hp_loss":0,"event_name":"Upgrade Shrine","floor":5,"gold_loss":0,"cards_upgraded":["Zap"]}],"is_beta":false,"boss_relics":[],"items_purged_floors":[],"is_endless":false,"potions_floor_spawned":[1,4,11],"killed_by":"Gremlin Nob","ascension_level":4}}