{"host":"Connor","time":1610493206,"event":{"mods":["Aspiration","BaseMod","Downfall","Hubris","Marisa????????","Minty Spire (QoL Compilation)","Replay The Spire","StSLib","The Cursed","The Jungle","The Servant 0.9.4"],"gold_per_floor":[99,117,132,132,149,47,47,47,47,60,60,90,15,34,50,150,150,75,85,105,255,275,275,275],"floor_reached":23,"language":"ENG","playtime":1125,"items_purged":[],"score":203,"play_id":"cfa7ae7c-692a-4c21-a737-033fc59100ad","local_time":"20210112151326","is_ascension_mode":true,"campfire_choices":[{"data":"sneckomod:SnekBite","floor":1,"key":"SMITH"},{"floor":13,"key":"RECALL"},{"floor":18,"key":"DIG"}],"circlet_count":0,"master_deck":["sneckomod:TailWhip","sneckomod:SnekBite+1","sneckomod:Unknown","sneckomod:Unknown","Parasite","sneckomod:UnknownVulnerable","sneckomod:UnknownUncommonPower","sneckomod:MasterEye","sneckomod:QuickMove","expansioncontent:DecasProtection","sneckomod:UnknownClassPURPLE","sneckomod:CheapStock+1","sneckomod:UnknownClassPURPLE","sneckomod:UnknownCommonAttack","sneckomod:MorePower+1","sneckomod:ImprovisedGuard","sneckomod:SlitherStrike","sneckomod:CheapStock+1","sneckomod:DangerNoodle","sneckomod:TrashToTreasure","sneckomod:UnknownRarePower+1","sneckomod:UnknownRareSkill+1","sneckomod:DiceCrush+1","sneckomod:UnknownUncommonPower+1","sneckomod:UnknownX+1","sneckomod:UnknownUncommonAttack+1"],"relics":["sneckomod:SneckoSoul","hubris:AstralHammer","Oddly Smooth Stone","Frozen Egg 2","hubris:MysteriousPyramids","downfall:HeartBlessingGreen","Pandora\u0027s Box","downfall:HeartBlessingRed","Peace Pipe"],"acts_visited":["Exordium","TheCity"],"potions_floor_usage":[6,12,16,16,23,23],"damage_taken":[{"damage":11,"enemies":"Jaw Worm","floor":2,"turns":2},{"damage":0,"enemies":"Cultist","floor":3,"turns":2},{"damage":5,"enemies":"2 Louse","floor":5,"turns":3},{"damage":0,"enemies":"downfall:FleeingMerchant","floor":6,"turns":4},{"damage":0,"enemies":"2 Fungi Beasts","floor":10,"turns":4},{"damage":24,"enemies":"Gremlin Nob","floor":12,"turns":5},{"damage":13,"enemies":"Exordium Thugs","floor":14,"turns":3},{"damage":0,"enemies":"Blue Slaver","floor":15,"turns":3},{"damage":20,"enemies":"downfall:Ironclad","floor":16,"turns":14},{"damage":20,"enemies":"Spheric Guardian","floor":19,"turns":5},{"damage":18,"enemies":"Shelled Parasite and Fungi","floor":20,"turns":5},{"damage":21,"enemies":"Snake Plant","floor":22,"turns":3},{"damage":61,"enemies":"Slavers","floor":23,"turns":4}],"seed_played":"-5912357898035133263","potions_obtained":[{"floor":3,"key":"Dexterity Potion"},{"floor":4,"key":"downfall:CursedFountainPotion"},{"floor":10,"key":"Milkshake"},{"floor":14,"key":"Swift Potion"},{"floor":15,"key":"Flashbang"},{"floor":16,"key":"Swift Potion"}],"is_trial":false,"path_per_floor":["R","M","M","?","M","$","T","?","?","M","?","E","R","M","M","B",null,"R","M","M","?","M","E"],"character_chosen":"THE_SNECKO","items_purchased":["expansioncontent:DecasProtection"],"campfire_rested":0,"item_purchase_floors":[6],"current_hp_per_floor":[90,80,81,81,76,76,76,76,76,77,77,53,53,41,42,22,96,96,77,61,61,41,0,0],"gold":275,"neow_bonus":"ONE_RARE_RELIC","is_daily":false,"chose_seed":false,"campfire_upgraded":1,"win_rate":0.0,"timestamp":1610493206,"path_taken":["R","M","M","?","?","$","T","?","?","M","?","E","R","?","M","BOSS","R","M","M","?","?","E"],"items_purchased_type":["Card"],"build_version":"2020-12-18","purchased_purges":0,"victory":false,"max_hp_per_floor":[90,91,92,92,92,92,92,92,92,93,93,93,93,94,95,95,96,96,97,99,99,100,100,100],"card_choices":[{"not_picked":["sneckomod:UnknownClassHEXA_GHOST_PURPLE","sneckomod:DiceCrush"],"picked":"sneckomod:UnknownVulnerable","floor":2},{"not_picked":["sneckomod:Nope","sneckomod:DiceBlock"],"picked":"sneckomod:UnknownUncommonPower","floor":3},{"not_picked":["sneckomod:IronFang","sneckomod:UnknownClassGUARDIAN"],"picked":"sneckomod:MasterEye","floor":5},{"not_picked":["sneckomod:UnknownCommonAttack","sneckomod:UnknownClassSILVER"],"picked":"sneckomod:QuickMove","floor":6},{"not_picked":["sneckomod:Nope","sneckomod:QuickBite"],"picked":"sneckomod:UnknownClassPURPLE","floor":10},{"not_picked":["sneckomod:WideSting","sneckomod:UnlimitedRolls+1"],"picked":"sneckomod:CheapStock+1","floor":12},{"not_picked":["sneckomod:QuickMove","sneckomod:UnknownEthereal"],"picked":"sneckomod:UnknownClassPURPLE","floor":14},{"not_picked":["sneckomod:UnknownCommonSkill","sneckomod:UnknownVulnerable"],"picked":"sneckomod:UnknownCommonAttack","floor":15},{"not_picked":["sneckomod:UnknownRareSkill","sneckomod:SoulExchange"],"picked":"sneckomod:MorePower+1","floor":16},{"not_picked":["sneckomod:UnknownClassRED+1","Replay:UnknownCurse"],"picked":"sneckomod:UnknownRareSkill+1","floor":19},{"not_picked":["sneckomod:UnknownClassSLIMEBOUND","sneckomod:UnknownX"],"picked":"sneckomod:DiceCrush+1","floor":19},{"not_picked":["sneckomod:UnknownClassBLUE+1","sneckomod:UnknownClassRED+1"],"picked":"sneckomod:UnknownUncommonPower+1","floor":20},{"not_picked":["sneckomod:Nope","sneckomod:UnknownStrike"],"picked":"sneckomod:UnknownX+1","floor":20},{"not_picked":["sneckomod:UnknownClassTHE_CURSED_PURPLE","sneckomod:UnknownExhaust"],"picked":"sneckomod:UnknownUncommonAttack+1","floor":22}],"player_experience":619357,"relics_obtained":[{"floor":7,"key":"Oddly Smooth Stone"},{"floor":12,"key":"hubris:MysteriousPyramids"},{"floor":18,"key":"Peace Pipe"}],"event_choices":[{"cards_removed":["Injury"],"damage_healed":0,"gold_gain":0,"player_choice":"Card Removal","damage_taken":0,"max_hp_gain":0,"max_hp_loss":0,"event_name":"The Cleric","floor":9,"gold_loss":0}],"is_beta":true,"boss_relics":[{"not_picked":["Empty Cage","hubris:BlackHole"],"picked":"Pandora\u0027s Box"}],"items_purged_floors":[],"is_endless":false,"potions_floor_spawned":[3,10,14,15,16],"killed_by":"Slavers","ascension_level":1}}