{"host":"28p8ce41sjwa6lzf","time":1610477435,"event":{"mods":["BaseMod","Bestiary","Colored Map","Colored Powertips","Dark Map","Highlight Path","Minty Spire (QoL Compilation)","Permanent Neow","Quick Restart","Random Character Button","Rare Cards Sparkle","Relic Stats","StSLib","Unceasing Turn Reminder"],"gold_per_floor":[133,163,199,274,330,402,8,34,58,4,4,40,40,73,73,150,150,183,223,264,264,307,335,225,225,252,270,270,270,310,365,365,443,443,456,83,83,83,324,336,336,336,390,407,407,134,134,162,162,162,162,162,162,14,41,41,41],"floor_reached":56,"playtime":3889,"items_purged":["Strike_G","Strike_G","Strike_G"],"score":1875,"play_id":"4d491d0c-6419-414f-aa51-b157afff04cb","local_time":"20210112125035","is_ascension_mode":true,"campfire_choices":[{"floor":11.0,"key":"REST"},{"floor":13.0,"key":"REST"},{"data":"Apotheosis","floor":15.0,"key":"SMITH"},{"floor":25.0,"key":"REST"},{"floor":29.0,"key":"REST"},{"data":"Footwork","floor":32.0,"key":"SMITH"},{"floor":41.0,"key":"REST"},{"floor":45.0,"key":"RECALL"},{"data":"Catalyst","floor":47.0,"key":"SMITH"},{"data":"Crippling Poison","floor":49.0,"key":"SMITH"},{"floor":53.0,"key":"REST"}],"circlet_count":0,"master_deck":["AscendersBane","Strike_G+1","Defend_G","Defend_G","Defend_G","Defend_G","Defend_G","Survivor","Neutralize","Crippling Poison+1","PiercingWail","Deadly Poison","Blade Dance","Tools of the Trade","Apotheosis+1","Riddle With Holes","Die Die Die","Skewer","Catalyst+1","Acrobatics+1","Footwork+1","Blade Dance","Riddle With Holes+1","Burst+1","Leg Sweep","Dagger Throw+1","Outmaneuver+1","After Image"],"relics":["Ring of the Snake","Art of War","TwistedFunnel","Juzu Bracelet","Regal Pillow","Snecko Eye","Akabeko","Lantern","HornCleat","SlaversCollar","Membership Card","Calipers","Old Coin","Anchor","Pear","HandDrill","FossilizedHelix","Snake Skull","Bottled Tornado"],"acts_visited":["Exordium","TheCity","TheBeyond","TheEnding"],"potions_floor_usage":[56,56],"damage_taken":[{"damage":0.0,"enemies":"Jaw Worm","floor":1.0,"turns":4.0},{"damage":3.0,"enemies":"Small Slimes","floor":2.0,"turns":7.0},{"damage":0.0,"enemies":"Cultist","floor":3.0,"turns":3.0},{"damage":2.0,"enemies":"2 Fungi Beasts","floor":5.0,"turns":5.0},{"damage":18.0,"enemies":"3 Sentries","floor":6.0,"turns":10.0},{"damage":23.0,"enemies":"Gremlin Nob","floor":8.0,"turns":4.0},{"damage":8.0,"enemies":"Large Slime","floor":12.0,"turns":5.0},{"damage":21.0,"enemies":"Gremlin Gang","floor":14.0,"turns":5.0},{"damage":18.0,"enemies":"Hexaghost","floor":16.0,"turns":8.0},{"damage":6.0,"enemies":"2 Thieves","floor":18.0,"turns":4.0},{"damage":12.0,"enemies":"Chosen","floor":19.0,"turns":5.0},{"damage":2.0,"enemies":"Centurion and Healer","floor":20.0,"turns":4.0},{"damage":16.0,"enemies":"Snake Plant","floor":22.0,"turns":4.0},{"damage":13.0,"enemies":"Book of Stabbing","floor":23.0,"turns":3.0},{"damage":18.0,"enemies":"Shelled Parasite and Fungi","floor":27.0,"turns":4.0},{"damage":4.0,"enemies":"Centurion and Healer","floor":30.0,"turns":7.0},{"damage":3.0,"enemies":"Slavers","floor":31.0,"turns":2.0},{"damage":38.0,"enemies":"Automaton","floor":33.0,"turns":10.0},{"damage":8.0,"enemies":"Orb Walker","floor":35.0,"turns":2.0},{"damage":0.0,"enemies":"3 Shapes","floor":40.0,"turns":5.0},{"damage":0.0,"enemies":"Jaw Worm Horde","floor":44.0,"turns":2.0},{"damage":5.0,"enemies":"Nemesis","floor":48.0,"turns":3.0},{"damage":20.0,"enemies":"Awakened One","floor":50.0,"turns":19.0},{"damage":22.0,"enemies":"Donu and Deca","floor":51.0,"turns":12.0},{"damage":18.0,"enemies":"Shield and Spear","floor":55.0,"turns":7.0},{"damage":74,"enemies":"The Heart","floor":56,"turns":8}],"seed_played":"3036439978098609885","potions_obtained":[{"floor":2.0,"key":"Explosive Potion"},{"floor":5.0,"key":"ColorlessPotion"},{"floor":14.0,"key":"Fire Potion"},{"floor":16.0,"key":"Fire Potion"},{"floor":19.0,"key":"Swift Potion"},{"floor":20.0,"key":"SteroidPotion"},{"floor":27.0,"key":"LiquidMemories"},{"floor":33.0,"key":"LiquidMemories"},{"floor":40.0,"key":"Ancient Potion"},{"floor":44.0,"key":"SpeedPotion"}],"is_trial":false,"path_per_floor":["M","M","M","?","M","E","$","E","T","$","R","M","R","M","R","B",null,"M","M","M","?","M","E","?","R","T","M","?","R","M","E","R","B",null,"M","$","?","?","?","M","R","T","T","M","R","$","R","E","R","B","B",null,"R","$","E","B"],"character_chosen":"THE_SILENT","items_purchased":["TwistedFunnel","Apotheosis","AttackPotion","Poison Potion","Membership Card","Calipers","Pear","HandDrill","Snake Skull"],"campfire_rested":6,"item_purchase_floors":[7,7,7,10,36,36,46,46,54],"current_hp_per_floor":[59,56,56,45,43,25,25,2,2,2,35,27,60,39,39,21,50,44,32,30,30,14,1,1,34,34,16,16,49,45,42,42,4,46,38,38,38,38,38,38,60,60,60,60,60,70,70,65,65,45,23,58,70,70,52,0,0],"gold":41,"neow_bonus":"RANDOM_COLORLESS_2","is_daily":false,"chose_seed":false,"campfire_upgraded":4,"win_rate":0.0,"timestamp":1610477435,"path_taken":["M","M","M","?","M","E","$","E","T","$","R","M","R","M","R","BOSS","M","M","M","?","M","E","?","R","T","M","?","R","M","E","R","BOSS","M","$","?","?","?","M","R","?","T","M","R","$","R","E","R","BOSS","BOSS","R","$","E","BOSS"],"items_purchased_type":["Relic","Card","Potion","Potion","Relic","Relic","Relic","Relic","Relic"],"build_version":"2020-12-22","purchased_purges":3,"victory":false,"max_hp_per_floor":[60,60,60,60,60,60,60,60,60,60,60,60,60,60,60,60,60,60,60,60,60,60,60,60,60,60,60,60,60,60,60,60,60,60,60,60,60,60,60,60,60,60,60,60,60,70,70,70,70,70,70,70,70,70,70,70,70],"relic_stats":{"Regal Pillow":64,"counters":[26,152],"Snecko Eye":[231,196,195,187],"Snake Skull":[13],"Art of War":[16],"Juzu Bracelet":2,"HandDrill":[12],"obtain_stats":[{"TwistedFunnel":7,"Regal Pillow":9,"Lantern":26,"Calipers":36,"Pear":46,"Snake Skull":54,"Juzu Bracelet":8,"Bottled Tornado":55,"Akabeko":23,"Old Coin":39,"SlaversCollar":34,"Anchor":42,"HornCleat":31,"Snecko Eye":17,"Art of War":6,"HandDrill":46,"Membership Card":36,"FossilizedHelix":48,"Ring of the Snake":0},{"TwistedFunnel":5,"Regal Pillow":6,"Lantern":14,"Calipers":19,"Pear":21,"Snake Skull":24,"Juzu Bracelet":6,"Bottled Tornado":25,"Akabeko":14,"Old Coin":19,"SlaversCollar":18,"Anchor":20,"HornCleat":17,"Snecko Eye":9,"Art of War":5,"HandDrill":21,"Membership Card":19,"FossilizedHelix":22,"Ring of the Snake":0},{"TwistedFunnel":29,"Regal Pillow":33,"Lantern":71,"Calipers":96,"Pear":103,"Snake Skull":137,"Juzu Bracelet":33,"Bottled Tornado":144,"Akabeko":71,"Old Coin":96,"SlaversCollar":94,"Anchor":101,"HornCleat":84,"Snecko Eye":51,"Art of War":29,"HandDrill":103,"Membership Card":96,"FossilizedHelix":106,"Ring of the Snake":0}],"Ring of the Snake":[52]},"card_choices":[{"not_picked":["Secret Technique","Chrysalis"],"picked":"HandOfGreed","floor":0.0},{"not_picked":["Outmaneuver","Dash"],"picked":"Crippling Poison","floor":1.0},{"not_picked":["Outmaneuver","Blade Dance"],"picked":"PiercingWail","floor":2.0},{"not_picked":["Backflip","Crippling Poison"],"picked":"Deadly Poison","floor":3.0},{"not_picked":["Accuracy","Quick Slash"],"picked":"Blade Dance","floor":5.0},{"not_picked":["Leg Sweep","Tactician"],"picked":"Tools of the Trade","floor":6.0},{"not_picked":["Sucker Punch","Endless Agony"],"picked":"Riddle With Holes","floor":8.0},{"not_picked":["Dodge and Roll","Sucker Punch","Heel Hook"],"picked":"SKIP","floor":12.0},{"not_picked":["Choke","Reflex","Concentrate"],"picked":"SKIP","floor":14.0},{"not_picked":["Unload","A Thousand Cuts"],"picked":"Die Die Die","floor":16.0},{"not_picked":["Poisoned Stab","Footwork"],"picked":"Skewer","floor":18.0},{"not_picked":["Reflex+1","Skewer"],"picked":"Catalyst","floor":19.0},{"not_picked":["Prepared","Escape Plan"],"picked":"Acrobatics+1","floor":20.0},{"not_picked":["Infinite Blades","Blade Dance"],"picked":"Footwork","floor":22.0},{"not_picked":["All Out Attack+1","Finisher"],"picked":"Blade Dance","floor":23.0},{"not_picked":["Prepared","Sucker Punch"],"picked":"Riddle With Holes+1","floor":27.0},{"not_picked":["PiercingWail","Quick Slash","Leg Sweep"],"picked":"SKIP","floor":30.0},{"not_picked":["Backstab","Dodge and Roll","Concentrate"],"picked":"SKIP","floor":31.0},{"not_picked":["After Image","Bullet Time"],"picked":"Burst","floor":33.0},{"not_picked":["Dagger Throw","Poisoned Stab"],"picked":"Leg Sweep","floor":35.0},{"not_picked":["All Out Attack+1","Bane"],"picked":"Dagger Throw+1","floor":40.0},{"not_picked":["Blade Dance","Sucker Punch"],"picked":"Outmaneuver+1","floor":44.0},{"not_picked":["Dagger Spray","Escape Plan+1","Expertise"],"picked":"SKIP","floor":48.0},{"not_picked":["Deadly Poison","Escape Plan"],"picked":"After Image","floor":55.0}],"player_experience":1136180,"relics_obtained":[{"floor":6.0,"key":"Art of War"},{"floor":8.0,"key":"Juzu Bracelet"},{"floor":9.0,"key":"Regal Pillow"},{"floor":23.0,"key":"Akabeko"},{"floor":26.0,"key":"Lantern"},{"floor":31.0,"key":"HornCleat"},{"floor":42.0,"key":"Anchor"},{"floor":48.0,"key":"FossilizedHelix"},{"floor":55.0,"key":"Bottled Tornado"}],"event_choices":[{"damage_healed":0.0,"max_hp_gain":0.0,"max_hp_loss":0.0,"gold_gain":75.0,"event_name":"World of Goop","player_choice":"Gather Gold","floor":4.0,"gold_loss":0.0,"damage_taken":11.0},{"damage_healed":0.0,"max_hp_gain":0.0,"max_hp_loss":0.0,"gold_gain":0.0,"event_name":"Ghosts","player_choice":"Ignored","floor":21.0,"gold_loss":0.0,"damage_taken":0.0},{"cards_removed":["Strike_G"],"damage_healed":0.0,"max_hp_gain":0.0,"max_hp_loss":0.0,"gold_gain":0.0,"event_name":"Designer","player_choice":"Upgrade and Remove","floor":24.0,"gold_loss":110.0,"damage_taken":0.0,"cards_upgraded":["Strike_G"]},{"damage_healed":0.0,"max_hp_gain":0.0,"max_hp_loss":0.0,"gold_gain":0.0,"event_name":"Cursed Tome","player_choice":"Ignored","floor":28.0,"gold_loss":0.0,"damage_taken":0.0},{"cards_removed":["HandOfGreed"],"damage_healed":0.0,"max_hp_gain":0.0,"max_hp_loss":0.0,"gold_gain":0.0,"event_name":"Falling","player_choice":"Removed Attack","floor":37.0,"gold_loss":0.0,"damage_taken":0.0},{"damage_healed":0.0,"max_hp_gain":0.0,"max_hp_loss":0.0,"gold_gain":0.0,"event_name":"Accursed Blacksmith","player_choice":"Forge","floor":38.0,"gold_loss":0.0,"damage_taken":0.0,"cards_upgraded":["Burst"]},{"damage_healed":0.0,"max_hp_gain":0.0,"max_hp_loss":0.0,"gold_gain":0.0,"event_name":"WeMeetAgain","player_choice":"Paid Gold","floor":39.0,"gold_loss":59.0,"damage_taken":0.0,"relics_obtained":["Old Coin"]}],"is_beta":false,"boss_relics":[{"not_picked":["Ectoplasm","Calling Bell"],"picked":"Snecko Eye"},{"not_picked":["Philosopher\u0027s Stone","SacredBark"],"picked":"SlaversCollar"}],"items_purged_floors":[36,46,54],"is_endless":false,"potions_floor_spawned":[2,5,14,16,19,20,22,27,33,40,44],"killed_by":"The Heart","ascension_level":20}}