{"host":"qzi6bhetobyvb8z3","time":1610456335,"event":{"mods":["Act Like it!","Aspiration","BaseMod","BetterRewards","Friendly Minions","Hubris","Infinite Spire","Minty Spire (QoL Compilation)","Quick Restart","Replay The Spire","SOS（斯巴达之子）","Shop Mod","StSLib","vexMod"],"gold_per_floor":[164,164,164,339,88,88,125,144,194,236,236,236,32,56,56,56,56],"floor_reached":16,"playtime":676,"items_purged":["Doubt"],"score":103,"play_id":"f6a6d268-336d-4008-b3a6-f5f34e2c62d7","local_time":"20210112205855","daily_mods":["Heirloom","Flight"],"is_ascension_mode":true,"campfire_choices":[{"data":"Redorb","floor":6.0,"key":"SMITH"},{"floor":11.0,"key":"REST"},{"data":"Enemystep","floor":15.0,"key":"SMITH"}],"circlet_count":0,"master_deck":["Attack_a","Attack_a","Attack_b","Shoot","Shoot","Provocation","Defend_Dante","Defend_Dante","Defend_Dante","Defend_Dante","Redorb+1","GilgameshcomboA","Hightime","SSScard","Enemystep+1","CoyoteA+1","Greenorb"],"relics":["SSS","Combocheck","infinitespire:Lychee Nut","hubris:Towel","MerchantsRug","ReplayTheSpireMod:Lightbulb","Bronze Scales","Bag of Preparation"],"acts_visited":["Exordium"],"potions_floor_usage":[16],"damage_taken":[{"damage":10.0,"enemies":"Jaw Worm","floor":1.0,"turns":5.0},{"damage":2.0,"enemies":"2 Louse","floor":7.0,"turns":4.0},{"damage":0.0,"enemies":"Small Slimes","floor":8.0,"turns":3.0},{"damage":44.0,"enemies":"Replay:BlueRogue","floor":10.0,"turns":14.0},{"damage":2.0,"enemies":"Looter","floor":14.0,"turns":3.0},{"damage":42,"enemies":"The Guardian","floor":16,"turns":8}],"seed_played":"6891457103601860874","potions_obtained":[{"floor":1.0,"key":"FearPotion"},{"floor":8.0,"key":"Block Potion"}],"is_trial":true,"path_per_floor":["M","?","?","?","$","R","M","M","T","E","R","?","$","M","R","B"],"character_chosen":"DANTE","items_purchased":["MerchantsRug","Hightime","Bag of Preparation","CoyoteA+1"],"campfire_rested":1,"item_purchase_floors":[5,5,13,13],"current_hp_per_floor":[53,53,53,53,53,53,57,60,60,17,35,40,40,43,43,7,7],"gold":56,"neow_bonus":"","is_daily":false,"chose_seed":false,"campfire_upgraded":2,"win_rate":0.0,"timestamp":1610456335,"path_taken":["M","?","?","?","$","R","M","?","T","E","R","?","$","M","R","BOSS"],"items_purchased_type":["Relic","Card","Relic","Card"],"build_version":"2020-12-22","purchased_purges":1,"victory":false,"max_hp_per_floor":[60,60,60,60,60,60,60,60,60,60,60,65,65,65,65,65,65],"card_choices":[{"not_picked":["Honeycombofire","Fullhouse"],"picked":"GilgameshcomboA","floor":1.0},{"not_picked":["Weaponchange","Holywater","DevilstarS"],"picked":"SKIP","floor":7.0},{"not_picked":["Airhike","Splesh"],"picked":"SSScard","floor":8.0},{"not_picked":["Rebellion","Ecstasy"],"picked":"Enemystep","floor":10.0},{"not_picked":["Airhike","GilgameshcomboA"],"picked":"Greenorb","floor":14.0}],"player_experience":703700,"relics_obtained":[{"floor":9.0,"key":"ReplayTheSpireMod:Lightbulb"},{"floor":10.0,"key":"Bronze Scales"}],"event_choices":[{"damage_healed":0.0,"max_hp_gain":0.0,"max_hp_loss":0.0,"gold_gain":175.0,"event_name":"Liars Game","player_choice":"AGREE","floor":4.0,"gold_loss":0.0,"damage_taken":0.0,"cards_obtained":["Doubt"]},{"damage_healed":0.0,"max_hp_gain":5.0,"max_hp_loss":0.0,"gold_gain":0.0,"event_name":"Big Fish","player_choice":"Donut","floor":12.0,"gold_loss":0.0,"damage_taken":0.0}],"is_beta":false,"boss_relics":[],"items_purged_floors":[5],"is_endless":false,"potions_floor_spawned":[1,8],"killed_by":"The Guardian","ascension_level":1}}