{"host":"f0gpob8hq9vgebej","time":1610419452,"event":{"mods":["AchievementEnabler","BaseMod","Minty Spire (QoL Compilation)","Quick Restart","SuperFastMode"],"gold_per_floor":[153,188,228,9,26,97,97,97,146,146,146,146],"floor_reached":11,"playtime":182,"items_purged":["Writhe"],"score":77,"play_id":"79b84cd5-43d7-4a89-a7f5-90e3fa4e09ab","local_time":"20210112114412","is_ascension_mode":true,"campfire_choices":[{"data":"Genetic Algorithm","floor":8,"key":"SMITH"}],"circlet_count":0,"master_deck":["Strike_B","Strike_B","Strike_B","Strike_B","Defend_B","Defend_B","Defend_B+1","Defend_B","Zap","Dualcast+1","HandOfGreed","Loop","Redo","Tempest","Genetic Algorithm+1"],"relics":["Cracked Core","Membership Card","Sundial","CeramicFish"],"acts_visited":["Exordium"],"potions_floor_usage":[6],"damage_taken":[{"damage":5,"enemies":"Small Slimes","floor":1,"turns":4},{"damage":1,"enemies":"2 Louse","floor":2,"turns":2},{"damage":1,"enemies":"Cultist","floor":3,"turns":3},{"damage":11,"enemies":"Red Slaver","floor":5,"turns":4},{"damage":22,"enemies":"3 Sentries","floor":6,"turns":5},{"damage":30,"enemies":"Lagavulin","floor":11,"turns":6}],"seed_played":"-3095364695575516751","potions_obtained":[{"floor":3,"key":"Explosive Potion"},{"floor":5,"key":"DuplicationPotion"}],"is_trial":false,"path_per_floor":["M","M","M","$","M","E","?","R","T","?","E"],"character_chosen":"DEFECT","items_purchased":["Membership Card"],"campfire_rested":0,"item_purchase_floors":[4],"current_hp_per_floor":[70,69,68,68,57,35,20,20,20,20,0,0],"gold":146,"neow_bonus":"RANDOM_COLORLESS_2","is_daily":false,"chose_seed":false,"campfire_upgraded":1,"win_rate":0.0,"timestamp":1610419452,"path_taken":["M","M","M","$","M","E","?","R","T","?","E"],"items_purchased_type":["Relic"],"build_version":"2020-12-22","purchased_purges":1,"victory":false,"max_hp_per_floor":[75,75,75,75,75,75,75,75,75,75,75,75],"card_choices":[{"not_picked":["Sadistic Nature","Transmutation"],"picked":"HandOfGreed","floor":0},{"not_picked":["Gash","Chaos","Coolheaded"],"picked":"SKIP","floor":1},{"not_picked":["Cold Snap","Sunder"],"picked":"Loop","floor":2},{"not_picked":["Beam Cell","Barrage"],"picked":"Redo","floor":3},{"not_picked":["FTL","Undo"],"picked":"Tempest","floor":5},{"not_picked":["Chill","All For One"],"picked":"Genetic Algorithm","floor":6}],"player_experience":130234,"relics_obtained":[{"floor":6,"key":"Sundial"},{"floor":9,"key":"CeramicFish"}],"event_choices":[{"damage_healed":0,"gold_gain":0,"player_choice":"Entered Light","damage_taken":15,"max_hp_gain":0,"max_hp_loss":0,"event_name":"Shining Light","floor":7,"gold_loss":0,"cards_upgraded":["Dualcast","Defend_B"]},{"damage_healed":0,"gold_gain":0,"player_choice":"Ignored","damage_taken":0,"max_hp_gain":0,"max_hp_loss":0,"event_name":"Liars Game","floor":10,"gold_loss":0}],"is_beta":false,"boss_relics":[],"items_purged_floors":[4],"is_endless":false,"potions_floor_spawned":[3,5],"killed_by":"Lagavulin","ascension_level":1}}