{"host":"7po9pgh86bqe2blc","time":1610468339,"event":{"mods":["BaseMod","Colored Map","Colored Powertips","Hermit","Hubris","Koishi","Minty Spire (QoL Compilation)","StSLib","The Cursed","The Disciple","The Hierophant","The Runesmith"],"gold_per_floor":[117,136,151,151,40,54,73,92,92,124,124,135,199,99,99,204,204,215,130,40,58,58,58,69,89,89,100,100,100],"floor_reached":28,"playtime":3092,"items_purged":["Runesmith:Strike_RS","Runesmith:Strike_RS"],"score":224,"play_id":"22ef7dc2-af8d-4aab-b088-77a22d10c3d8","local_time":"20210112171859","is_ascension_mode":false,"campfire_choices":[{"data":"Runesmith:Firestorm","floor":11,"key":"SMITH"},{"floor":15,"key":"REST"},{"data":"Runesmith:CraftIndustria","floor":23,"key":"SMITH"}],"circlet_count":0,"master_deck":["Runesmith:Strike_RS+1","Runesmith:Defend_RS","Runesmith:Defend_RS","Runesmith:Defend_RS","Runesmith:Defend_RS","Runesmith:CraftFirestone","Runesmith:Fortify","Runesmith:HammerThrow","Runesmith:CraftMagma","Runesmith:Repurpose","Runesmith:Firestorm+1","Runesmith:FissionHammer","Runesmith:CraftProtectio","Runesmith:RuneHurl","Runesmith:CraftMagma","Runesmith:CraftIndustria+1"],"relics":["Runesmith:BrokenRuby","Ornamental Fan","Girya","Tiny Chest","hubris:Backtick","Membership Card","Juzu Bracelet","hubris:Reverence"],"acts_visited":["Exordium","TheCity"],"potions_floor_usage":[13,13,16,18,27],"damage_taken":[{"damage":0,"enemies":"Cultist","floor":1,"turns":4},{"damage":0,"enemies":"2 Louse","floor":2,"turns":3},{"damage":7,"enemies":"Jaw Worm","floor":3,"turns":3},{"damage":17,"enemies":"Lots of Slimes","floor":6,"turns":6},{"damage":3,"enemies":"2 Fungi Beasts","floor":7,"turns":4},{"damage":8,"enemies":"3 Louse","floor":8,"turns":5},{"damage":16,"enemies":"3 Sentries","floor":10,"turns":8},{"damage":9,"enemies":"Red Slaver","floor":12,"turns":3},{"damage":3,"enemies":"Lagavulin Event","floor":13,"turns":5},{"damage":33,"enemies":"Slime Boss","floor":16,"turns":10},{"damage":3,"enemies":"Shell Parasite","floor":18,"turns":7},{"damage":19,"enemies":"3 Byrds","floor":21,"turns":5},{"damage":15,"enemies":"Sentry and Sphere","floor":24,"turns":8},{"damage":9,"enemies":"Centurion and Healer","floor":25,"turns":11},{"damage":21,"enemies":"Shelled Parasite and Fungi","floor":27,"turns":7},{"damage":13,"enemies":"3 Cultists","floor":28,"turns":3}],"seed_played":"3272963736639147642","potions_obtained":[{"floor":7,"key":"LiquidMemories"},{"floor":8,"key":"DuplicationPotion"},{"floor":10,"key":"AttackPotion"},{"floor":16,"key":"DistilledChaos"},{"floor":21,"key":"GamblersBrew"},{"floor":25,"key":"Block Potion"},{"floor":27,"key":"CultistPotion"}],"is_trial":false,"path_per_floor":["M","M","M","?","$","M","M","M","T","E","R","M","?","$","R","B",null,"M","?","?","M","$","R","M","M","T","M","M"],"character_chosen":"RUNESMITH_CLASS","items_purchased":["Runesmith:Firestorm"],"campfire_rested":1,"item_purchase_floors":[5],"current_hp_per_floor":[77,77,70,67,67,50,47,39,39,23,23,14,11,11,34,1,77,74,74,74,55,55,55,40,31,31,10,0,0],"gold":100,"neow_bonus":"TEN_PERCENT_HP_BONUS","is_daily":false,"chose_seed":false,"campfire_upgraded":2,"win_rate":0.0,"timestamp":1610468339,"path_taken":["M","M","?","?","$","M","M","M","T","E","R","M","?","$","R","BOSS","M","?","?","M","$","R","M","M","T","M","M"],"items_purchased_type":["Card"],"build_version":"2020-12-13","purchased_purges":2,"victory":false,"max_hp_per_floor":[77,77,77,77,77,77,77,77,77,77,77,77,77,77,77,77,77,77,77,77,77,77,77,77,77,77,77,77,77],"card_choices":[{"not_picked":["Runesmith:MakeshiftArmor","Runesmith:BackupBattery"],"picked":"Runesmith:HammerThrow","floor":1},{"not_picked":["Runesmith:Grindstone","Runesmith:CraftProtectio"],"picked":"Runesmith:CraftMagma","floor":2},{"not_picked":["Runesmith:HeatExchange","Runesmith:Attraction"],"picked":"Runesmith:Repurpose","floor":3},{"not_picked":["Runesmith:CraftProtectio","Runesmith:Refine"],"picked":"Runesmith:FissionHammer","floor":6},{"not_picked":["Runesmith:Terraform","Runesmith:ShiftingStrike"],"picked":"Runesmith:CraftProtectio","floor":7},{"not_picked":["Runesmith:HammerAndChisel","Runesmith:Superposition","Runesmith:CraftProtectio"],"picked":"SKIP","floor":8},{"not_picked":["Runesmith:ChaoticBlast","Runesmith:BackupBattery"],"picked":"Runesmith:RuneHurl","floor":10},{"not_picked":["Runesmith:HammerThrow","Runesmith:CraftProtectio"],"picked":"Runesmith:CraftMagma","floor":12},{"not_picked":["Runesmith:MetallurgicalResearch","Runesmith:UnlimitedPower"],"picked":"Runesmith:CraftIndustria","floor":16},{"not_picked":["Runesmith:ChiselStab","Runesmith:CraftProtectio","Runesmith:CraftObretio"],"picked":"SKIP","floor":18},{"not_picked":["Runesmith:CraftProtectio","Runesmith:PoweredAnvil","Runesmith:BackupBattery"],"picked":"SKIP","floor":21},{"not_picked":["Runesmith:RuneHurl","Runesmith:HeatExchange+1","Runesmith:EnergizedChisel"],"picked":"SKIP","floor":24},{"not_picked":["Runesmith:CraftProtectio+1","Runesmith:Permafrost+1","Runesmith:Grindstone+1"],"picked":"SKIP","floor":25},{"not_picked":["Runesmith:DuctTape","Runesmith:HeatExchange+1","Runesmith:UnstableHammer"],"picked":"SKIP","floor":27}],"player_experience":363262,"relics_obtained":[{"floor":9,"key":"Girya"},{"floor":10,"key":"Tiny Chest"},{"floor":26,"key":"hubris:Reverence"}],"event_choices":[{"damage_healed":0,"gold_gain":0,"player_choice":"Success","damage_taken":3,"relics_obtained":["Ornamental Fan"],"max_hp_gain":0,"max_hp_loss":0,"event_name":"Scrap Ooze","floor":4,"gold_loss":0},{"damage_healed":0,"gold_gain":0,"player_choice":"Searched \u00272\u0027 times","damage_taken":0,"max_hp_gain":0,"max_hp_loss":0,"event_name":"Dead Adventurer","floor":13,"gold_loss":0},{"damage_healed":0,"gold_gain":0,"player_choice":"Obtained Relic","damage_taken":0,"relics_obtained":["Juzu Bracelet"],"max_hp_gain":0,"max_hp_loss":0,"event_name":"Addict","floor":19,"gold_loss":85},{"cards_removed":["Runesmith:Strike_RS"],"damage_healed":0,"gold_gain":0,"player_choice":"Upgrade and Remove","damage_taken":0,"max_hp_gain":0,"max_hp_loss":0,"event_name":"Designer","floor":20,"gold_loss":90,"cards_upgraded":["Runesmith:Strike_RS"]}],"is_beta":false,"boss_relics":[{"not_picked":["hubris:CrackedHourglass","Calling Bell"],"picked":"hubris:Backtick"}],"items_purged_floors":[5,14],"is_endless":false,"potions_floor_spawned":[7,8,10,16,21,25,27],"killed_by":"3 Cultists","ascension_level":0}}