{"host":"ygfasg9u7olr7skw","time":1610419638,"event":{"mods":["AchievementEnabler","BaseMod","Better Note","Better Vampires","Colored Powertips","Minty Spire (QoL Compilation)","Replay The Spire","Spicy Shops","StSLib","The IronCluck"],"gold_per_floor":[111,206,223,240,240,271,286,286,331,331,331,331,342,94,94,192,192,212,162,172,91,108,136,136,164,164,180,180,180,212,112,112,210,210,220,95,112,36,36,70,70,98,98,98,112,137,58,91,91,91,91,91,14,43,43],"floor_reached":56,"playtime":4089,"items_purged":["Strike_B","Strike_B","Strike_B"],"score":1848,"play_id":"8a7c2bb7-c7e7-4036-95c9-887f7ad82abc","local_time":"20210111214718","is_ascension_mode":true,"campfire_choices":[{"floor":8.0,"key":"REST"},{"floor":10.0,"key":"REST"},{"floor":15.0,"key":"REST"},{"floor":24.0,"key":"REST"},{"floor":29,"key":"REST"},{"floor":32,"key":"REST"},{"floor":41,"key":"RECALL"},{"data":"Scrape","floor":44,"key":"SMITH"},{"data":"Beam Cell","floor":49,"key":"SMITH"},{"data":"Go for the Eyes","floor":52,"key":"SMITH"}],"circlet_count":0,"master_deck":["Defend_B","Defend_B","Defend_B","Defend_B","Zap+1","Gash","Scrape+1","Genetic Algorithm","Go for the Eyes+1","Gash","Gash","Gash","Gash","Rebound","Go for the Eyes+1","Skim+1","Scrape+1","Gash","Beam Cell+1"],"relics":["Cracked Core","Omamori","Quantum Egg","HornCleat","DollysMirror","Runic Pyramid","ReplayTheSpireMod:CursedCoin","OrangePellets","Juzu Bracelet","ReplayTheSpireMod:Lightbulb","Anchor","Toy Ornithopter","Black Star","Replay:Wax Seal","Happy Flower","Bag of Marbles","Vajra","Ancient Tea Set","Shuriken","Replay:Antivirus Software","Replay:WaspNest","Replay:Kaleidoscope","Bronze Scales","Bag of Preparation","ReplayTheSpireMod:Ninjato"],"acts_visited":["Exordium","TheCity","TheBeyond","TheEnding"],"potions_floor_usage":[27,27,55,55],"damage_taken":[{"damage":2.0,"enemies":"Jaw Worm","floor":1.0,"turns":3.0},{"damage":0.0,"enemies":"Cultist","floor":3.0,"turns":2.0},{"damage":2.0,"enemies":"2 Louse","floor":4.0,"turns":2.0},{"damage":37.0,"enemies":"3 Sentries","floor":6.0,"turns":12.0},{"damage":19.0,"enemies":"Large Slime","floor":7.0,"turns":5.0},{"damage":7.0,"enemies":"Blue Slaver","floor":13.0,"turns":3.0},{"damage":18.0,"enemies":"Hexaghost","floor":16.0,"turns":7.0},{"damage":1.0,"enemies":"3 Byrds","floor":18.0,"turns":5.0},{"damage":13.0,"enemies":"Shell Parasite","floor":20.0,"turns":4.0},{"damage":11.0,"enemies":"Centurion and Healer","floor":22.0,"turns":4.0},{"damage":17.0,"enemies":"Slavers","floor":23.0,"turns":4.0},{"damage":7.0,"enemies":"Gremlin Leader","floor":25.0,"turns":4.0},{"damage":49,"enemies":"Snecko","floor":27,"turns":6},{"damage":1,"enemies":"Book of Stabbing","floor":30,"turns":5},{"damage":0,"enemies":"Pondfish","floor":33,"turns":7},{"damage":0,"enemies":"Orb Walker","floor":35,"turns":3},{"damage":1,"enemies":"3 Shapes","floor":37,"turns":3},{"damage":4,"enemies":"Giant Head","floor":40,"turns":5},{"damage":5,"enemies":"Reptomancer","floor":42,"turns":4},{"damage":0,"enemies":"Spire Growth","floor":45,"turns":3},{"damage":0,"enemies":"R_Hoarder","floor":48,"turns":4},{"damage":6,"enemies":"Awakened One","floor":50,"turns":5},{"damage":13,"enemies":"Shield and Spear","floor":54,"turns":3},{"damage":33,"enemies":"The Heart","floor":55,"turns":5}],"seed_played":"-5519208893721960827","potions_obtained":[{"floor":4.0,"key":"Swift Potion"},{"floor":7.0,"key":"Weak Potion"},{"floor":16.0,"key":"FocusPotion"},{"floor":18.0,"key":"Weak Potion"},{"floor":23.0,"key":"Milkshake"},{"floor":30,"key":"Languid Potion"},{"floor":33,"key":"SmokeBomb"},{"floor":35,"key":"Cursed Concoction"},{"floor":40,"key":"BlessingOfTheForge"},{"floor":54,"key":"SpeedPotion"}],"is_trial":false,"path_per_floor":["M","?","M","M","?","E","M","R","T","R","?","T","M","$","R","B",null,"M","?","M","$","M","E","R","E","T","M","?","R","E","$","R","B",null,"M","$","M","$","?","E","R","E","T","R","M","T","$","E","R","B",null,"R","$","E","B",null],"character_chosen":"DEFECT","items_purchased":["Gash","DollysMirror","ReplayTheSpireMod:CursedCoin","Gash","OrangePellets","Rebound","Replay:Wax Seal","Gash","Bronze Scales"],"campfire_rested":6,"item_purchase_floors":[14,14,21,21,21,21,38,47,53],"current_hp_per_floor":[80,80,80,78,71,34,15,39,39,63,63,63,56,56,80,62,82,81,81,68,68,57,40,64,57,57,8,8,32,31,31,55,55,82,82,82,81,81,81,77,77,72,72,72,72,72,72,72,72,66,82,82,82,69,46],"gold":43,"neow_bonus":"TEN_PERCENT_HP_BONUS","is_daily":false,"chose_seed":false,"campfire_upgraded":3,"win_rate":0.0,"timestamp":1610419638,"path_taken":["M","?","M","?","?","E","M","R","T","R","?","?","M","$","R","BOSS","M","?","M","$","M","E","R","E","T","M","?","R","E","$","R","BOSS","M","$","M","?","?","E","R","E","T","R","M","?","$","E","R","BOSS","R","$","E","BOSS"],"items_purchased_type":["Card","Relic","Relic","Card","Relic","Card","Relic","Card","Relic"],"build_version":"2020-12-22","purchased_purges":3,"victory":true,"max_hp_per_floor":[82,82,82,82,82,82,82,82,82,82,82,82,82,82,82,82,82,82,82,82,82,82,82,82,82,82,82,82,82,82,82,82,82,82,82,82,82,82,82,82,82,82,82,82,82,82,82,82,82,82,82,82,82,82,82],"card_choices":[{"not_picked":["Beam Cell","Time Bomb"],"picked":"Gash","floor":1.0},{"not_picked":["Streamline","Chaos"],"picked":"Scrape","floor":2.0},{"not_picked":["Steam Power","Stack","Coolheaded"],"picked":"SKIP","floor":3.0},{"not_picked":["Coolheaded","ReplayTheSpireMod:Fabricate Wheel","Darkness"],"picked":"SKIP","floor":4.0},{"not_picked":["Turbo","Defragment","ReplayTheSpireMod:System Scan"],"picked":"SKIP","floor":6.0},{"not_picked":["Compile Driver","Go for the Eyes"],"picked":"Genetic Algorithm","floor":7.0},{"not_picked":["Barrage","ReplayTheSpireMod:Calculation Training"],"picked":"Go for the Eyes","floor":13.0},{"not_picked":["ReplayGash+1","Barrage"],"picked":"Gash","floor":18.0},{"not_picked":["Stack+1","Compile Driver+1","Streamline+1"],"picked":"SKIP","floor":20.0},{"not_picked":["Rainbow","Compile Driver+1"],"picked":"Go for the Eyes+1","floor":22.0},{"not_picked":["Undo","Crystallizer+1"],"picked":"Skim+1","floor":23.0},{"not_picked":["Hello World+1","Cold Snap","Leap"],"picked":"SKIP","floor":25.0},{"not_picked":["Go for the Eyes","Barrage","Conserve Battery+1"],"picked":"SKIP","floor":27},{"not_picked":["Leap+1","Storm+1","Defragment"],"picked":"SKIP","floor":30},{"not_picked":["Doom and Gloom+1","Barrage","ReplayTheSpireMod:Repulse+1"],"picked":"SKIP","floor":35},{"not_picked":["BasicCrystalCard+1","Heatsinks","Static Discharge"],"picked":"SKIP","floor":37},{"not_picked":["ReplayTheSpireMod:Reroute Power+1","Redo"],"picked":"Scrape+1","floor":40},{"not_picked":["Leap","Panic Button","Blizzard"],"picked":"SKIP","floor":42},{"not_picked":["Static Discharge+1","Tempest+1","ReplayTheSpireMod:GoodbyeWorld"],"picked":"SKIP","floor":45},{"not_picked":["Sweeping Beam+1","BasicCrystalCard+1"],"picked":"Beam Cell","floor":48},{"not_picked":["Conserve Battery+1","Sweeping Beam+1","Sunder+1"],"picked":"SKIP","floor":54}],"player_experience":254327,"relics_obtained":[{"floor":2.0,"key":"Omamori"},{"floor":6.0,"key":"Quantum Egg"},{"floor":12.0,"key":"HornCleat"},{"floor":23.0,"key":"Juzu Bracelet"},{"floor":25.0,"key":"ReplayTheSpireMod:Lightbulb"},{"floor":26.0,"key":"Anchor"},{"floor":30,"key":"Toy Ornithopter"},{"floor":40,"key":"Happy Flower"},{"floor":40,"key":"Bag of Marbles"},{"floor":42,"key":"Vajra"},{"floor":42,"key":"Ancient Tea Set"},{"floor":43,"key":"Shuriken"},{"floor":46,"key":"Replay:Antivirus Software"},{"floor":48,"key":"Replay:WaspNest"},{"floor":48,"key":"Replay:Kaleidoscope"},{"floor":54,"key":"Bag of Preparation"},{"floor":54,"key":"ReplayTheSpireMod:Ninjato"}],"event_choices":[{"cards_removed":["Strike_B"],"damage_healed":0.0,"max_hp_gain":0.0,"max_hp_loss":0.0,"gold_gain":0.0,"event_name":"Golden Wing","player_choice":"Card Removal","floor":5.0,"gold_loss":0.0,"damage_taken":7.0},{"damage_healed":0.0,"max_hp_gain":0.0,"max_hp_loss":0.0,"gold_gain":0.0,"event_name":"Shining Light","player_choice":"Ignored","floor":11.0,"gold_loss":0.0,"damage_taken":0.0},{"damage_healed":0.0,"max_hp_gain":0.0,"max_hp_loss":0.0,"gold_gain":0.0,"event_name":"The Joust","player_choice":"Bet on Murderer","floor":19.0,"gold_loss":50.0,"damage_taken":0.0},{"damage_healed":0,"gold_gain":0,"player_choice":"Upgraded","damage_taken":0,"max_hp_gain":0,"max_hp_loss":0,"event_name":"Upgrade Shrine","floor":28,"gold_loss":0,"cards_upgraded":["Zap"]},{"cards_removed":["Dualcast"],"damage_healed":0,"gold_gain":0,"player_choice":"Offered Basic","damage_taken":0,"max_hp_gain":0,"max_hp_loss":0,"event_name":"Bonfire Elementals","floor":39,"gold_loss":0}],"is_beta":false,"boss_relics":[{"not_picked":["Replay:Drink Me","Philosopher\u0027s Stone"],"picked":"Runic Pyramid"},{"not_picked":["Busted Crown","Honey Jar"],"picked":"Black Star"}],"items_purged_floors":[21,31,36],"is_endless":false,"potions_floor_spawned":[4,7,16,18,23,30,33,35,37,40,54],"ascension_level":2}}