{"host":"8zow35rkxv448q2r","time":1610476689,"event":{"mods":["AchievementEnabler","BaseMod","Colored Map","Colored Powertips","Minty Spire (QoL Compilation)","Relic Stats"],"gold_per_floor":[109,109,86,76,999252,999285,999285,999316,999342,999361,999394,999412,999431,999441,999441,999539,999539,999553,998870,998886,998886,998904,998904,998937,998937,998937,999036,999036,998141,998056,998071,998071,998167,998167,998179,0,16,31,45,45,999219,999219,999299,999346,998708,998708,998708,998739,998739,998739,998739,998739,997896,997925,997925],"floor_reached":56,"playtime":3619,"items_purged":["Regret","BowlingBash+1","Indignation"],"score":1282,"play_id":"fd5aed90-2e89-485e-a88e-a2f8e02477e1","local_time":"20210112133809","is_ascension_mode":true,"campfire_choices":[{"floor":7.0,"key":"REST"},{"floor":15.0,"key":"REST"},{"data":"Conclude","floor":23.0,"key":"SMITH"},{"floor":28.0,"key":"RECALL"},{"data":"Eruption","floor":32.0,"key":"SMITH"},{"data":"Devotion","floor":40.0,"key":"SMITH"},{"data":"Defend_P","floor":42,"key":"SMITH"},{"data":"Dark Shackles","floor":46,"key":"SMITH"},{"data":"Defend_P","floor":49,"key":"SMITH"},{"data":"Defend_P","floor":52,"key":"SMITH"}],"circlet_count":0,"master_deck":["Strike_P+1","Strike_P","Strike_P","Strike_P+1","Defend_P+1","Defend_P+1","Defend_P+1","Defend_P+1","Eruption+1","Vigilance+1","Conclude+1","Flash of Steel+1","CrushJoints+1","FearNoEvil+1","Wallop+1","Consecrate+1","Consecrate+1","ReachHeaven+1","CurseOfTheBell","PathToVictory+1","Consecrate+1","PathToVictory+1","Flash of Steel+1","Devotion+1","Prostrate+1","JustLucky+1","Dark Shackles+1","PathToVictory+1","DeceiveReality+1","TalkToTheHand+1"],"relics":["Black Star","MawBank","Bronze Scales","Molten Egg 2","Strange Spoon","Boot","Mummified Hand","Happy Flower","Kunai","Toy Ornithopter","Meat on the Bone","Vajra","Calling Bell","Strawberry","Eternal Feather","Ice Cream","Cauldron","Juzu Bracelet","Orichalcum","Potion Belt","War Paint","Pear","Nunchaku","Tiny Chest","DollysMirror","Question Card","SlaversCollar","Red Mask","Damaru","Centennial Puzzle","Melange","Pocketwatch","Lee\u0027s Waffle","Pen Nib","Ornamental Fan","Frozen Egg 2","Art of War","Toxic Egg 2","Mango","ClockworkSouvenir","Pantograph","Whetstone","Gambling Chip"],"acts_visited":["Exordium","TheCity","TheBeyond","TheEnding"],"potions_floor_usage":[44,44,44,50,55,55,55,55],"damage_taken":[{"damage":9.0,"enemies":"2 Louse","floor":1.0,"turns":4.0},{"damage":16.0,"enemies":"Gremlin Nob","floor":6.0,"turns":4.0},{"damage":11.0,"enemies":"3 Sentries","floor":8.0,"turns":5.0},{"damage":6.0,"enemies":"Jaw Worm","floor":10.0,"turns":2.0},{"damage":9.0,"enemies":"Gremlin Nob","floor":11.0,"turns":4.0},{"damage":0.0,"enemies":"Cultist","floor":12.0,"turns":2.0},{"damage":1.0,"enemies":"3 Louse","floor":13.0,"turns":2.0},{"damage":7.0,"enemies":"Blue Slaver","floor":14.0,"turns":2.0},{"damage":36.0,"enemies":"The Guardian","floor":16.0,"turns":4.0},{"damage":10.0,"enemies":"Chosen","floor":18.0,"turns":3.0},{"damage":20.0,"enemies":"Shell Parasite","floor":20.0,"turns":4.0},{"damage":1.0,"enemies":"Cultist and Chosen","floor":22.0,"turns":4.0},{"damage":6.0,"enemies":"Book of Stabbing","floor":24.0,"turns":3.0},{"damage":0.0,"enemies":"Sentry and Sphere","floor":25.0,"turns":2.0},{"damage":5.0,"enemies":"Centurion and Healer","floor":31.0,"turns":4.0},{"damage":29.0,"enemies":"Collector","floor":33.0,"turns":4.0},{"damage":19.0,"enemies":"3 Darklings","floor":35.0,"turns":3.0},{"damage":19.0,"enemies":"Orb Walker","floor":37.0,"turns":4.0},{"damage":17.0,"enemies":"Maw","floor":38.0,"turns":6.0},{"damage":3.0,"enemies":"Spire Growth","floor":39.0,"turns":4.0},{"damage":14,"enemies":"2 Orb Walkers","floor":44,"turns":3},{"damage":26,"enemies":"Nemesis","floor":48,"turns":3},{"damage":37,"enemies":"Time Eater","floor":50,"turns":5},{"damage":23,"enemies":"Shield and Spear","floor":54,"turns":6},{"damage":182,"enemies":"The Heart","floor":55,"turns":9}],"seed_played":"-5351443925721451717","potions_obtained":[{"floor":1.0,"key":"Explosive Potion"},{"floor":6.0,"key":"EssenceOfSteel"},{"floor":11.0,"key":"Swift Potion"},{"floor":12.0,"key":"DuplicationPotion"},{"floor":14.0,"key":"DistilledChaos"},{"floor":19.0,"key":"FairyPotion"},{"floor":19.0,"key":"SmokeBomb"},{"floor":22.0,"key":"ColorlessPotion"},{"floor":33.0,"key":"ColorlessPotion"},{"floor":38.0,"key":"ColorlessPotion"}],"is_trial":false,"path_per_floor":["M","?","?","?","$","E","R","E","T","M","E","M","M","M","R","B",null,"M","$","M","?","M","R","E","M","T","?","R","$","?","M","R","B",null,"M","?","M","M","M","R","$","R","T","?","$","R","T","E","R","B",null,"R","$","E","B",null],"character_chosen":"WATCHER","items_purchased":["Bronze Scales","Molten Egg 2","Strange Spoon","Block Potion","SkillPotion","Flash of Steel+1","GamblersBrew","Dexterity Potion","Energy Potion","Cauldron","Juzu Bracelet","Orichalcum","Consecrate+1","CultistPotion","Nunchaku","Tiny Chest","SneckoOil","StancePotion","DollysMirror","Flash of Steel+1","Indignation","Explosive Potion","ColorlessPotion","EntropicBrew","Damaru","Centennial Puzzle","Melange","Lee\u0027s Waffle","Pen Nib","Ornamental Fan","Dark Shackles","DuplicationPotion","Mango","ClockworkSouvenir","Pantograph","DeceiveReality+1"],"campfire_rested":2,"item_purchase_floors":[5,5,5,5,5,5,19,19,19,19,19,19,19,29,29,29,29,29,29,29,41,41,41,41,41,41,41,45,45,45,45,53,53,53,53,53],"current_hp_per_floor":[63,63,72,72,72,56,72,61,61,55,46,46,45,38,59,38,79,69,69,49,49,53,65,64,69,79,79,89,89,89,84,89,60,89,70,70,51,51,53,68,68,83,83,75,96,96,96,70,85,53,96,96,110,87,43],"gold":997925,"neow_bonus":"BOSS_RELIC","is_daily":false,"chose_seed":false,"campfire_upgraded":7,"win_rate":0.0,"timestamp":1610476689,"path_taken":["M","?","?","?","$","E","R","E","T","M","E","M","M","M","R","BOSS","M","$","M","?","M","R","E","M","T","?","R","$","?","M","R","BOSS","M","?","M","M","M","R","$","R","T","?","$","R","?","E","R","BOSS","R","$","E","BOSS"],"items_purchased_type":["Relic","Relic","Relic","Potion","Potion","Card","Potion","Potion","Potion","Relic","Relic","Relic","Card","Potion","Relic","Relic","Potion","Potion","Relic","Card","Card","Potion","Potion","Potion","Relic","Relic","Relic","Relic","Relic","Relic","Card","Potion","Relic","Relic","Relic","Card"],"build_version":"2020-12-22","purchased_purges":3,"victory":true,"max_hp_per_floor":[72,72,72,72,72,72,72,72,72,72,72,72,72,72,72,72,79,79,79,79,79,79,79,79,79,89,89,89,89,89,89,89,89,89,89,89,89,89,89,89,89,89,89,89,96,96,96,96,96,96,96,96,110,110,110],"relic_stats":{"Melange":[9],"Juzu Bracelet":1,"Whetstone":["Strike_P","Strike_P"],"Boot":[20],"Nunchaku":[14],"Centennial Puzzle":[15],"Mummified Hand":[10],"Pantograph":23,"Gambling Chip":[2],"Tiny Chest":1,"Kunai":[51],"Lee\u0027s Waffle":21,"Happy Flower":[27],"counters":[25,96],"Eternal Feather":72,"Pen Nib":[6],"Orichalcum":[54],"War Paint":["Vigilance","Defend_P"],"MawBank":36,"Question Card":9,"Strange Spoon":[6],"Ornamental Fan":[60],"Bronze Scales":[268],"Black Star":6,"Art of War":[0],"obtain_stats":[{"Ice Cream":17,"Vajra":11,"Melange":41,"Mango":53,"Juzu Bracelet":19,"Whetstone":54,"Boot":6,"ClockworkSouvenir":53,"Nunchaku":29,"Centennial Puzzle":41,"Mummified Hand":6,"DollysMirror":29,"Strawberry":17,"Pantograph":53,"Gambling Chip":54,"Tiny Chest":29,"Red Mask":36,"Kunai":8,"Toxic Egg 2":48,"Potion Belt":24,"Lee\u0027s Waffle":45,"Pear":26,"Happy Flower":8,"Damaru":41,"Eternal Feather":17,"Pen Nib":45,"Orichalcum":19,"War Paint":24,"Frozen Egg 2":47,"MawBank":2,"Question Card":30,"Calling Bell":17,"Strange Spoon":5,"Cauldron":19,"SlaversCollar":34,"Ornamental Fan":45,"Bronze Scales":5,"Molten Egg 2":5,"Black Star":0,"Art of War":48,"PureWater":0,"Toy Ornithopter":9,"Meat on the Bone":11,"Pocketwatch":44},{"Ice Cream":9,"Vajra":5,"Melange":20,"Mango":23,"Juzu Bracelet":10,"Whetstone":24,"Boot":2,"ClockworkSouvenir":23,"Nunchaku":14,"Centennial Puzzle":20,"Mummified Hand":2,"DollysMirror":14,"Strawberry":9,"Pantograph":23,"Gambling Chip":24,"Tiny Chest":14,"Red Mask":17,"Kunai":3,"Toxic Egg 2":22,"Potion Belt":13,"Lee\u0027s Waffle":21,"Pear":14,"Happy Flower":3,"Damaru":20,"Eternal Feather":9,"Pen Nib":21,"Orichalcum":10,"War Paint":13,"Frozen Egg 2":21,"MawBank":1,"Question Card":14,"Calling Bell":9,"Strange Spoon":1,"Cauldron":10,"SlaversCollar":16,"Ornamental Fan":21,"Bronze Scales":1,"Molten Egg 2":1,"Black Star":0,"Art of War":22,"PureWater":0,"Toy Ornithopter":3,"Meat on the Bone":5,"Pocketwatch":21},{"Ice Cream":29,"Vajra":19,"Melange":70,"Mango":81,"Juzu Bracelet":32,"Whetstone":87,"Boot":8,"ClockworkSouvenir":81,"Nunchaku":45,"Centennial Puzzle":70,"Mummified Hand":8,"DollysMirror":45,"Strawberry":29,"Pantograph":81,"Gambling Chip":87,"Tiny Chest":45,"Red Mask":56,"Kunai":13,"Toxic Egg 2":76,"Potion Belt":43,"Lee\u0027s Waffle":73,"Pear":45,"Happy Flower":13,"Damaru":70,"Eternal Feather":29,"Pen Nib":73,"Orichalcum":32,"War Paint":43,"Frozen Egg 2":73,"MawBank":4,"Question Card":45,"Calling Bell":29,"Strange Spoon":4,"Cauldron":32,"SlaversCollar":53,"Ornamental Fan":73,"Bronze Scales":4,"Molten Egg 2":4,"Black Star":0,"Art of War":76,"PureWater":0,"Toy Ornithopter":13,"Meat on the Bone":19,"Pocketwatch":73}],"Toy Ornithopter":66,"Meat on the Bone":24,"Pocketwatch":[8]},"card_choices":[{"not_picked":["Protect","Fasting2"],"picked":"Conclude","floor":1.0},{"not_picked":["CutThroughFate+1","ReachHeaven+1"],"picked":"CrushJoints+1","floor":6.0},{"not_picked":["DeusExMachina","Perseverance"],"picked":"FearNoEvil+1","floor":8.0},{"not_picked":["Nirvana","Weave+1"],"picked":"Wallop+1","floor":10.0},{"not_picked":["Wallop+1","Adaptation","ClearTheMind"],"picked":"SKIP","floor":11.0},{"not_picked":["BowlingBash+1","Worship"],"picked":"Consecrate+1","floor":12.0},{"not_picked":["Study","FollowUp+1"],"picked":"Consecrate+1","floor":13.0},{"not_picked":["MentalFortress","Consecrate+1"],"picked":"ReachHeaven+1","floor":14.0},{"not_picked":["ReachHeaven+1","Prostrate+1"],"picked":"PathToVictory+1","floor":18.0},{"not_picked":["ReachHeaven+1","CutThroughFate+1"],"picked":"BowlingBash+1","floor":20.0},{"not_picked":["EmptyBody","Study","Indignation+1"],"picked":"SKIP","floor":22.0},{"not_picked":["Tantrum+1","BowlingBash+1","Swivel"],"picked":"SKIP","floor":24.0},{"not_picked":["Adaptation","CutThroughFate+1","WaveOfTheHand","Crescendo"],"picked":"SKIP","floor":31.0},{"not_picked":["MasterReality","Brilliance+1","Judgement"],"picked":"Devotion","floor":33.0},{"not_picked":["JustLucky+1","BattleHymn","SignatureMove+1","BowlingBash+1"],"picked":"SKIP","floor":35.0},{"not_picked":["ClearTheMind","Crescendo+1","Swivel","Perseverance+1"],"picked":"SKIP","floor":37.0},{"not_picked":["FlurryOfBlows+1","Pray+1","EmptyBody","EmptyFist+1"],"picked":"SKIP","floor":38.0},{"not_picked":["Wallop+1","SashWhip+1","Halt"],"picked":"Prostrate+1","floor":39.0},{"not_picked":["CrushJoints+1","Evaluate+1","Weave+1"],"picked":"JustLucky+1","floor":44},{"not_picked":["FlurryOfBlows+1","Evaluate+1","MentalFortress+1"],"picked":"PathToVictory+1","floor":48},{"not_picked":["Prostrate+1","JustLucky+1","CutThroughFate+1"],"picked":"TalkToTheHand+1","floor":54}],"player_experience":153602,"relics_obtained":[{"floor":6.0,"key":"Boot"},{"floor":6.0,"key":"Mummified Hand"},{"floor":8.0,"key":"Happy Flower"},{"floor":8.0,"key":"Kunai"},{"floor":9.0,"key":"Toy Ornithopter"},{"floor":11.0,"key":"Meat on the Bone"},{"floor":11.0,"key":"Vajra"},{"floor":17.0,"key":"Strawberry"},{"floor":17.0,"key":"Eternal Feather"},{"floor":17.0,"key":"Ice Cream"},{"floor":24.0,"key":"Potion Belt"},{"floor":24.0,"key":"War Paint"},{"floor":26.0,"key":"Pear"},{"floor":44,"key":"Pocketwatch"},{"floor":47,"key":"Frozen Egg 2"},{"floor":48,"key":"Art of War"},{"floor":48,"key":"Toxic Egg 2"},{"floor":54,"key":"Whetstone"},{"floor":54,"key":"Gambling Chip"}],"event_choices":[{"damage_healed":0.0,"max_hp_gain":0.0,"max_hp_loss":0.0,"gold_gain":0.0,"event_name":"Big Fish","player_choice":"Box","floor":2.0,"gold_loss":0.0,"damage_taken":0.0,"relics_obtained":["MawBank"],"cards_obtained":["Regret"]},{"damage_healed":18.0,"max_hp_gain":0.0,"max_hp_loss":0.0,"gold_gain":0.0,"event_name":"The Cleric","player_choice":"Healed","floor":3.0,"gold_loss":35.0,"damage_taken":0.0},{"damage_healed":0.0,"max_hp_gain":0.0,"max_hp_loss":0.0,"gold_gain":0.0,"event_name":"World of Goop","player_choice":"Left Gold","floor":4.0,"gold_loss":22.0,"damage_taken":0.0},{"damage_healed":0.0,"max_hp_gain":0.0,"max_hp_loss":0.0,"gold_gain":0.0,"event_name":"Purifier","player_choice":"Ignored","floor":21.0,"gold_loss":0.0,"damage_taken":0.0},{"damage_healed":0.0,"max_hp_gain":0.0,"max_hp_loss":0.0,"gold_gain":99.0,"event_name":"Nest","player_choice":"Stole From Cult","floor":27.0,"gold_loss":0.0,"damage_taken":0.0},{"damage_healed":0.0,"max_hp_gain":0.0,"max_hp_loss":0.0,"gold_gain":0.0,"event_name":"Addict","player_choice":"Obtained Relic","floor":30.0,"gold_loss":85.0,"damage_taken":0.0,"relics_obtained":["Question Card"]},{"damage_healed":0.0,"max_hp_gain":0.0,"max_hp_loss":0.0,"gold_gain":0.0,"event_name":"Tomb of Lord Red Mask","player_choice":"Paid","floor":36.0,"gold_loss":998179.0,"damage_taken":0.0,"relics_obtained":["Red Mask"]},{"damage_healed":0,"gold_gain":0,"player_choice":"Fight","damage_taken":0,"max_hp_gain":0,"max_hp_loss":0,"event_name":"Mysterious Sphere","floor":44,"gold_loss":0}],"is_beta":false,"boss_relics":[{"not_picked":["Snecko Eye","Fusion Hammer"],"picked":"Calling Bell"},{"not_picked":["SacredBark","Philosopher\u0027s Stone"],"picked":"SlaversCollar"}],"items_purged_floors":[5,29,41],"is_endless":false,"potions_floor_spawned":[1,6,11,12,14,22,33,38,44,54],"ascension_level":1}}