{"host":"Connor","time":1610483409,"event":{"mods":["Aspiration","BaseMod","Downfall","Hubris","Marisa????????","Minty Spire (QoL Compilation)","Replay The Spire","StSLib","The Cursed","The Jungle","The Servant 0.9.4"],"gold_per_floor":[110,27,47,47,63,96,96,116,190,190,3,19,47,47,47,47,47],"floor_reached":16,"language":"ENG","playtime":400,"items_purged":[],"score":215,"play_id":"23d2ac66-43b8-47b6-85b3-ef645ff242b6","local_time":"20210112123009","is_ascension_mode":true,"campfire_choices":[{"floor":7,"key":"RECALL"},{"floor":15,"key":"REST"}],"circlet_count":0,"master_deck":["AscendersBane","Strike_R","Strike_R","Strike_R","Strike_R","Strike_R","Defend_R","Defend_R","Defend_R","Defend_R","Bash","ReplayTheSpireMod:Strike From Hell","Rupture","Cleave+1","Carnage","ReplayTheSpireMod:Stacked","Limit Break","ReplayTheSpireMod:Stacked"],"relics":["Burning Blood","aspiration:Nostalgia","Sizzling Blood","hubris:Towel","Happy Flower","Omamori","hubris:DeckOfHolding"],"acts_visited":["Exordium"],"potions_floor_usage":[6,12,13],"damage_taken":[{"damage":6,"enemies":"Small Slimes","floor":1,"turns":4},{"damage":9,"enemies":"2 Louse","floor":3,"turns":2},{"damage":6,"enemies":"Cultist","floor":5,"turns":3},{"damage":60,"enemies":"3 Sentries","floor":6,"turns":11},{"damage":12,"enemies":"Looter","floor":8,"turns":4},{"damage":17,"enemies":"Exordium Thugs","floor":12,"turns":4},{"damage":32,"enemies":"Gremlin Nob","floor":13,"turns":4},{"damage":39,"enemies":"The Guardian","floor":16,"turns":7}],"seed_played":"6603727037031744065","potions_obtained":[{"floor":1,"key":"Fire Potion"},{"floor":3,"key":"Milkshake"}],"is_trial":false,"path_per_floor":["M","$","M","?","M","E","R","M","T","?","$","M","E","?","R","B"],"character_chosen":"IRONCLAD","items_purchased":["Rupture","Juggernaut+1","BloodPotion"],"campfire_rested":1,"item_purchase_floors":[2,11,11],"current_hp_per_floor":[76,76,77,77,79,29,29,27,27,27,27,35,13,13,36,0,0],"gold":47,"neow_bonus":"NOSTALGIA","is_daily":false,"chose_seed":false,"campfire_upgraded":0,"win_rate":0.0,"timestamp":1610483409,"path_taken":["M","$","M","?","M","E","R","M","T","?","$","M","E","?","R","BOSS"],"items_purchased_type":["Card","Card","Potion"],"build_version":"2020-12-18","purchased_purges":0,"victory":false,"max_hp_per_floor":[79,79,79,79,79,79,79,79,79,79,79,79,79,79,79,79,79],"card_choices":[{"not_picked":["Clash","Dropkick"],"picked":"ReplayTheSpireMod:Strike From Hell","floor":1},{"not_picked":["Iron Wave","Headbutt"],"picked":"Cleave","floor":3},{"not_picked":["Sword Boomerang","Cleave","Replay:Undeath\u0027s Touch"],"picked":"SKIP","floor":5},{"not_picked":["Run Through","Anger"],"picked":"Carnage","floor":6},{"not_picked":["Spot Weakness","Havoc"],"picked":"ReplayTheSpireMod:Stacked","floor":8},{"not_picked":["Sword Boomerang","Replay:Undeath\u0027s Touch"],"picked":"Limit Break","floor":12},{"not_picked":["Massacre","Pommel Strike"],"picked":"ReplayTheSpireMod:Stacked","floor":13}],"player_experience":615163,"relics_obtained":[{"floor":6,"key":"Happy Flower"},{"floor":13,"key":"Omamori"}],"event_choices":[{"damage_healed":0,"gold_gain":0,"player_choice":"Grow","damage_taken":0,"max_hp_gain":0,"max_hp_loss":0,"event_name":"Living Wall","floor":10,"gold_loss":0,"cards_upgraded":["Cleave"]},{"cards_removed":["Juggernaut"],"damage_healed":0,"gold_gain":0,"player_choice":"Gave Card","damage_taken":0,"relics_obtained":["hubris:DeckOfHolding"],"max_hp_gain":0,"max_hp_loss":0,"event_name":"WeMeetAgain","floor":14,"gold_loss":0}],"is_beta":true,"boss_relics":[],"items_purged_floors":[],"is_endless":false,"potions_floor_spawned":[1,3],"killed_by":"The Guardian","ascension_level":19}}