{"host":"ek3xvuouaw6vk9if","time":1610412044,"event":{"mods":["BaseMod","BetterRewards","Hubris","Minty Spire (QoL Compilation)","Permanent Neow","Quick Restart","Relic Stats","Replay The Spire","StSLib","The Bladedancer"],"gold_per_floor":[110,122,163,182,196,196,230,230,304,9,35,35,110,125,125,220,220,239,251,284,299,224,252,306,321,394,151,151,184,184,184,184,279,279,297,24,40,57,76,101,101,101,101,101,134,134,149,149,149,149],"floor_reached":51,"playtime":3454,"items_purged":["blademaster:Strike","blademaster:Defend","blademaster:Strike"],"score":1211,"play_id":"ec2ae816-c398-46a5-b637-f15fd64699a3","local_time":"20210111194044","is_ascension_mode":true,"campfire_choices":[{"data":"blademaster:Sharpen","floor":6,"key":"SMITH"},{"data":"blademaster:EyeOfTheTornado","floor":8,"key":"SMITH"},{"floor":12,"key":"REST"},{"data":"blademaster:CombatPrep","floor":15,"key":"SMITH"},{"data":"Pot Of Greed","floor":28,"key":"SMITH"},{"data":"Pot Of Greed","floor":30,"key":"SMITH"},{"data":"blademaster:FuryOfTheElements","floor":32,"key":"SMITH"},{"data":"blademaster:StanceMastery","floor":41,"key":"SMITH"},{"data":"blademaster:KiBarrier","floor":44,"key":"SMITH"},{"data":"blademaster:ColdBlood","floor":49,"key":"SMITH"}],"circlet_count":0,"master_deck":["blademaster:Strike","blademaster:Strike","blademaster:Defend","blademaster:Defend","blademaster:Defend","blademaster:RagingBlow","blademaster:HighVoltage","blademaster:EyeOfTheTornado+1","blademaster:AirSlash","blademaster:EyeOfTheTornado+1","blademaster:AspectOfWind+1","blademaster:Sharpen+1","blademaster:Safeguard","blademaster:AwakeningStrike","blademaster:KiBarrier+1","blademaster:Stability","blademaster:CombatPrep+1","blademaster:FuryOfTheElements","blademaster:Thrust+1","blademaster:FuriousStrike","blademaster:Safeguard+1","blademaster:FuriousStrike","blademaster:Frontflip+1","blademaster:FuryOfTheElements+1","Pot Of Greed+1","Pot Of Greed+1","Pot Of Greed+1","blademaster:StanceMastery+1","blademaster:Slice","blademaster:ParryingStrike+1","blademaster:AwakeningStrike","blademaster:LeechingStrike+1","blademaster:Overcharge+1","blademaster:ColdBlood+1"],"relics":["blademaster:DancersAmulet","Replay:WaspNest","hubris:FunFungus","Gambling Chip","Bottled Lightning","Vajra","Gremlin Food","Replay:Bottled Steam","Coffee Dripper","Red Mask","Orichalcum","Art of War","Matryoshka","Grinning Jar","ReplayFunnel","Ring of Chaos","Oddly Smooth Stone","Darkstone Periapt","Sundial","Singing Bowl","Kunai"],"acts_visited":["Exordium","TheCity","TheBeyond"],"potions_floor_usage":[5,20,23,25,33,39,50,50,50],"damage_taken":[{"damage":0,"enemies":"Jaw Worm","floor":1,"turns":3},{"damage":2,"enemies":"Small Slimes","floor":2,"turns":3},{"damage":1,"enemies":"Cultist","floor":4,"turns":4},{"damage":5,"enemies":"Large Slime","floor":5,"turns":3},{"damage":0,"enemies":"Replay:BlueRogue","floor":7,"turns":7},{"damage":14,"enemies":"Gremlin Nob","floor":11,"turns":3},{"damage":3,"enemies":"Exordium Wildlife","floor":14,"turns":5},{"damage":0,"enemies":"Hexaghost","floor":16,"turns":7},{"damage":3,"enemies":"Shell Parasite","floor":18,"turns":5},{"damage":0,"enemies":"Spheric Guardian","floor":19,"turns":4},{"damage":1,"enemies":"Masked Bandits","floor":20,"turns":4},{"damage":11,"enemies":"Shelled Parasite and Fungi","floor":21,"turns":4},{"damage":11,"enemies":"Book of Stabbing","floor":23,"turns":5},{"damage":6,"enemies":"Centurion and Healer","floor":25,"turns":11},{"damage":0,"enemies":"Replay:Snechameleon","floor":29,"turns":4},{"damage":3,"enemies":"Automaton","floor":33,"turns":6},{"damage":21,"enemies":"3 Darklings","floor":35,"turns":3},{"damage":6,"enemies":"Orb Walker","floor":37,"turns":3},{"damage":0,"enemies":"Spire Growth","floor":38,"turns":4},{"damage":6,"enemies":"3 Darklings","floor":39,"turns":4},{"damage":14,"enemies":"R_Hoarder","floor":40,"turns":6},{"damage":7,"enemies":"Nemesis","floor":45,"turns":6},{"damage":17,"enemies":"Transient","floor":47,"turns":5},{"damage":0,"enemies":"Time Eater","floor":50,"turns":6}],"seed_played":"-3731271915725929050","potions_obtained":[{"floor":1,"key":"LifebloodPotion"},{"floor":5,"key":"LifebloodPotion"},{"floor":11,"key":"Fire Potion"},{"floor":16,"key":"CultistPotion"},{"floor":21,"key":"Milkshake"},{"floor":23,"key":"AttackPotion"},{"floor":29,"key":"Adrenaline Potion"},{"floor":31,"key":"Ancient Potion"},{"floor":35,"key":"SteroidPotion"},{"floor":39,"key":"SpeedPotion"}],"is_trial":false,"path_per_floor":["M","M","?","M","M","R","E","R","T","$","E","R","?","M","R","B",null,"M","M","?","M","$","E","T","M","T","$","R","E","R","?","R","B",null,"M","$","M","M","M","E","R","?","T","R","E","?","M","$","R","B",null],"character_chosen":"THE_BLADEMASTER","items_purchased":["blademaster:EyeOfTheTornado+1","Replay:WaspNest","blademaster:AirSlash","Vajra","Gremlin Food","Grinning Jar","Oddly Smooth Stone"],"campfire_rested":1,"item_purchase_floors":[0,0,0,10,10,27,36],"current_hp_per_floor":[75,73,43,42,37,37,37,37,37,37,23,45,34,31,31,31,75,73,75,74,64,64,55,55,74,74,74,74,74,74,74,74,71,75,54,54,48,48,42,28,28,28,28,28,26,26,11,11,11,15],"gold":149,"neow_bonus":"","is_daily":false,"chose_seed":false,"campfire_upgraded":9,"win_rate":0.0,"timestamp":1610412044,"path_taken":["M","M","?","?","M","R","E","R","T","$","E","R","?","M","R","BOSS","M","M","?","M","$","E","?","?","T","$","R","E","R","?","R","BOSS","M","$","M","M","M","E","R","?","T","R","E","?","?","?","R","BOSS"],"items_purchased_type":["Card","Relic","Card","Relic","Relic","Relic","Relic"],"build_version":"2020-12-22","purchased_purges":3,"victory":true,"max_hp_per_floor":[75,75,75,75,75,75,75,75,75,75,75,75,75,75,75,75,75,75,75,75,75,75,75,75,75,75,75,75,75,75,75,75,75,75,75,75,75,75,75,75,75,75,75,75,75,75,77,77,77,77],"relic_stats":{"Darkstone Periapt":0,"Singing Bowl":2,"counters":[74,331],"Sundial":[4],"Gambling Chip":[48],"Art of War":[7],"Kunai":[7],"Orichalcum":[42],"obtain_stats":[{"blademaster:BonusFuryPerk":44,"Vajra":10,"Boot":42,"Replay:Wanted Poster":34,"Sundial":43,"blademaster:LightningChargePerk":40,"blademaster:FinisherDrawCardPerk":13,"blademaster:DextrousPerk":48,"blademaster:ComboEveryTurnPerk":25,"Kunai":45,"Toxic Egg 2":40,"Replay:Bottled Steam":9,"Happy Flower":41,"blademaster:StrongPerk":6,"blademaster:BonusComboPerk":7,"Oddly Smooth Stone":36,"Eternal Feather":9,"Ring of Chaos":34,"War Paint":0,"MutagenicStrength":21,"blademaster:WindChargePerk":46,"Grinning Jar":27,"StrikeDummy":6,"ReplayTheSpireMod:DimensionalGlitch":34,"Meat on the Bone":13,"ReplayFunnel":13,"Darkstone Periapt":40,"Singing Bowl":43,"Painkiller Herb":17,"Mango":48,"Juzu Bracelet":26,"Pet Ghost":23,"hubris:Icosahedron":36,"Matryoshka":26,"Pantograph":3,"Gambling Chip":7,"hubris:ScarierMask":17,"hubris:FunFungus":25,"Red Mask":20,"Gremlin Food":10,"ReplayTheSpireMod:Ninjato":26,"Replay:WaspNest":0,"blademaster:RandomBladePerk":23,"Omamori":46,"blademaster:OnAttackedChargePerk":23,"hubris:Towel":12,"Orichalcum":40,"Strange Spoon":0,"Anchor":43,"blademaster:FuryEveryTurnPerk":13,"hubris:Spice":44,"blademaster:BleedingMoreDamagePerk":11,"hubris:BundleOfHerbs":24,"Snack Pack":43,"Coffee Dripper":17,"Art of War":24,"blademaster:DancersAmulet":0,"Bottled Lightning":9,"ReplayTheSpireMod:Lightbulb":7},{"blademaster:BonusFuryPerk":48,"Vajra":55,"Boot":47,"Replay:Wanted Poster":42,"Sundial":71,"blademaster:LightningChargePerk":21,"blademaster:FinisherDrawCardPerk":33,"blademaster:DextrousPerk":26,"blademaster:ComboEveryTurnPerk":40,"Kunai":72,"Toxic Egg 2":21,"Replay:Bottled Steam":4,"Happy Flower":21,"blademaster:StrongPerk":3,"blademaster:BonusComboPerk":31,"Oddly Smooth Stone":67,"Eternal Feather":31,"Ring of Chaos":66,"War Paint":27,"MutagenicStrength":37,"blademaster:WindChargePerk":49,"Grinning Jar":64,"StrikeDummy":3,"ReplayTheSpireMod:DimensionalGlitch":16,"Meat on the Bone":33,"ReplayFunnel":5,"Darkstone Periapt":71,"Singing Bowl":71,"Painkiller Herb":6,"Mango":26,"Juzu Bracelet":40,"Pet Ghost":39,"hubris:Icosahedron":43,"Matryoshka":64,"Pantograph":2,"Gambling Chip":55,"hubris:ScarierMask":35,"hubris:FunFungus":40,"Red Mask":61,"Gremlin Food":55,"ReplayTheSpireMod:Ninjato":12,"Replay:WaspNest":50,"blademaster:RandomBladePerk":39,"Omamori":49,"blademaster:OnAttackedChargePerk":63,"hubris:Towel":32,"Orichalcum":46,"Strange Spoon":27,"Anchor":47,"blademaster:FuryEveryTurnPerk":5,"hubris:Spice":48,"blademaster:BleedingMoreDamagePerk":56,"hubris:BundleOfHerbs":39,"Snack Pack":22,"Coffee Dripper":58,"Art of War":63,"blademaster:DancersAmulet":0,"Bottled Lightning":55,"ReplayTheSpireMod:Lightbulb":31},{"blademaster:BonusFuryPerk":201,"Vajra":236,"Boot":196,"Replay:Wanted Poster":170,"Sundial":314,"blademaster:LightningChargePerk":72,"blademaster:FinisherDrawCardPerk":116,"blademaster:DextrousPerk":89,"blademaster:ComboEveryTurnPerk":156,"Kunai":320,"Toxic Egg 2":72,"Replay:Bottled Steam":13,"Happy Flower":72,"blademaster:StrongPerk":11,"blademaster:BonusComboPerk":110,"Oddly Smooth Stone":297,"Eternal Feather":110,"Ring of Chaos":294,"War Paint":95,"MutagenicStrength":143,"blademaster:WindChargePerk":208,"Grinning Jar":284,"StrikeDummy":11,"ReplayTheSpireMod:DimensionalGlitch":54,"Meat on the Bone":116,"ReplayFunnel":16,"Darkstone Periapt":314,"Singing Bowl":314,"Painkiller Herb":20,"Mango":89,"Juzu Bracelet":156,"Pet Ghost":151,"hubris:Icosahedron":174,"Matryoshka":284,"Pantograph":6,"Gambling Chip":236,"hubris:ScarierMask":131,"hubris:FunFungus":156,"Red Mask":264,"Gremlin Food":236,"ReplayTheSpireMod:Ninjato":37,"Replay:WaspNest":216,"blademaster:RandomBladePerk":151,"Omamori":208,"blademaster:OnAttackedChargePerk":273,"hubris:Towel":113,"Orichalcum":189,"Strange Spoon":95,"Anchor":196,"blademaster:FuryEveryTurnPerk":16,"hubris:Spice":201,"blademaster:BleedingMoreDamagePerk":239,"hubris:BundleOfHerbs":151,"Snack Pack":75,"Coffee Dripper":251,"Art of War":273,"blademaster:DancersAmulet":0,"Bottled Lightning":236,"ReplayTheSpireMod:Lightbulb":110}]},"card_choices":[{"not_picked":["blademaster:ParryingStrike","blademaster:CombatPrep"],"picked":"blademaster:EyeOfTheTornado","floor":1},{"not_picked":["blademaster:DaggerAndCloak","blademaster:Quickstep"],"picked":"blademaster:AspectOfWind","floor":2},{"not_picked":["blademaster:Momentum","blademaster:Safeguard"],"picked":"blademaster:Sharpen","floor":3},{"not_picked":["blademaster:AwakeningDefend","blademaster:BrainBloom"],"picked":"blademaster:Safeguard","floor":4},{"not_picked":["blademaster:LightningDraw","blademaster:AspectOfWind"],"picked":"blademaster:AwakeningStrike","floor":5},{"not_picked":["blademaster:DaggerAndCloak","blademaster:CloudOfSteel"],"picked":"blademaster:KiBarrier","floor":7},{"not_picked":["blademaster:AspectOfWind","blademaster:ThunderingOpener"],"picked":"blademaster:Stability","floor":11},{"not_picked":["blademaster:LightningDraw","blademaster:ThunderSlash"],"picked":"blademaster:CombatPrep","floor":14},{"not_picked":["blademaster:BladeDance","blademaster:RagingBlow"],"picked":"blademaster:FuryOfTheElements","floor":16},{"not_picked":["blademaster:BladeMastery","blademaster:ChargingUp"],"picked":"blademaster:Thrust+1","floor":18},{"not_picked":["blademaster:Safeguard","blademaster:LeechingStrike"],"picked":"blademaster:FuriousStrike","floor":19},{"not_picked":["blademaster:Sharpen","blademaster:DaggerAndCloak+1"],"picked":"blademaster:Safeguard+1","floor":20},{"not_picked":["blademaster:Gust+1","blademaster:AwakeningDefend"],"picked":"blademaster:FuriousStrike","floor":21},{"not_picked":["blademaster:FuriousStrike","blademaster:DaggerAndCloak"],"picked":"blademaster:Frontflip+1","floor":23},{"not_picked":["blademaster:AspectOfLightning+1","blademaster:AwakeningDefend"],"picked":"blademaster:FuryOfTheElements","floor":25},{"not_picked":["blademaster:Bloodbath","blademaster:DancingEdge+1","blademaster:DeadlyDance"],"picked":"SKIP","floor":29},{"not_picked":["blademaster:HighVoltage","blademaster:RollingTyphoon"],"picked":"blademaster:StanceMastery","floor":33},{"not_picked":["blademaster:BladeMastery+1","blademaster:Blockade+1","blademaster:BloodyBlow"],"picked":"SKIP","floor":35},{"not_picked":["blademaster:LightningCrash","blademaster:KiBarrier+1"],"picked":"blademaster:Slice","floor":37},{"not_picked":["blademaster:KiBarrier+1","blademaster:Havoc+1"],"picked":"blademaster:ParryingStrike+1","floor":38},{"not_picked":["blademaster:ThunderSlash","blademaster:Quickstep"],"picked":"blademaster:AwakeningStrike","floor":39},{"not_picked":["blademaster:UnrelentingWind","blademaster:Frenzy"],"picked":"blademaster:LeechingStrike+1","floor":40},{"not_picked":["blademaster:DaggerAndCloak","blademaster:DancingEdge+1"],"picked":"blademaster:Overcharge+1","floor":45},{"not_picked":["blademaster:DaggerAndCloak","blademaster:BloodyBlow+1","blademaster:ChargingUp"],"picked":"Singing Bowl","floor":47}],"player_experience":525137,"relics_obtained":[{"floor":3,"key":"hubris:FunFungus"},{"floor":7,"key":"Gambling Chip"},{"floor":7,"key":"blademaster:StrongPerk"},{"floor":9,"key":"Bottled Lightning"},{"floor":11,"key":"Replay:Bottled Steam"},{"floor":11,"key":"blademaster:BleedingMoreDamagePerk"},{"floor":20,"key":"Red Mask"},{"floor":23,"key":"Orichalcum"},{"floor":23,"key":"blademaster:OnAttackedChargePerk"},{"floor":24,"key":"Art of War"},{"floor":26,"key":"Matryoshka"},{"floor":29,"key":"ReplayFunnel"},{"floor":29,"key":"blademaster:DextrousPerk"},{"floor":40,"key":"Darkstone Periapt"},{"floor":40,"key":"blademaster:FuryEveryTurnPerk"},{"floor":43,"key":"Sundial"},{"floor":43,"key":"Singing Bowl"},{"floor":45,"key":"Kunai"},{"floor":45,"key":"blademaster:FinisherDrawCardPerk"}],"event_choices":[{"damage_healed":0,"gold_gain":75,"player_choice":"Gather Gold","damage_taken":11,"max_hp_gain":0,"max_hp_loss":0,"event_name":"World of Goop","floor":13,"gold_loss":0},{"damage_healed":0,"gold_gain":0,"player_choice":"Fought Bandits","damage_taken":0,"max_hp_gain":0,"max_hp_loss":0,"event_name":"Masked Bandits","floor":20,"gold_loss":0},{"damage_healed":0,"gold_gain":0,"player_choice":"Got Potions","damage_taken":0,"max_hp_gain":0,"max_hp_loss":0,"event_name":"Lab","floor":31,"gold_loss":0},{"damage_healed":0,"gold_gain":0,"player_choice":"1 cards matched","damage_taken":0,"max_hp_gain":0,"max_hp_loss":0,"event_name":"Match and Keep!","floor":46,"gold_loss":0,"cards_obtained":["blademaster:ColdBlood"]}],"is_beta":false,"boss_relics":[{"not_picked":["Replay:Bronze Core","Replay:Drink Me"],"picked":"Coffee Dripper"},{"not_picked":["hubris:Stopwatch","hubris:RunicObelisk"],"picked":"Ring of Chaos"}],"items_purged_floors":[22,27,36],"is_endless":false,"potions_floor_spawned":[1,5,11,16,21,23,29,35,39,45,47],"ascension_level":2}}