{"host":"ggy1mjjy92c62u6a","time":1610463935,"event":{"mods":["10 clothes from DAL","Act Like it!","BaseMod","Colored Powertips","GifTheSpireLib","Library of Ruina","Library of Ruina Extra","Minty Spire (QoL Compilation)","Quick Restart","Relic Stats","RumiaBox-露米娅的神秘盒子","Shop Mod","Spicy Shops","StSLib","【功能Mod】混沌之环修复补丁","【遗物卡牌】REMEMod"],"gold_per_floor":[119,133,133,133,133,164,177,191,191,160,160,140,153,489,489,609,609,632,125,125,140,14,52,52,52,134,165,181,195,195,213,213,338,338,357,370,370,395,213,284,284,307,334,354,418,459,459,21,21,21,21],"floor_reached":52,"playtime":2327,"items_purged":["LightDefense","LightAttack","LightAttack+1","LightDefense+1","LightAttack"],"score":1094,"play_id":"ddf9669b-d0de-4327-97de-f50809627d39","local_time":"20210112230534","is_ascension_mode":true,"campfire_choices":[{"floor":11.0,"key":"REST"},{"floor":15.0,"key":"REST"},{"data":"BlazingStrike","floor":24.0,"key":"SMITH"},{"floor":30.0,"key":"REST"},{"data":"ViolentFlame","floor":32.0,"key":"SMITH"},{"data":"FrontalAssault","floor":41.0,"key":"SMITH"},{"data":"UnforgettableMelody","floor":47,"key":"SMITH"},{"data":"TheRedNotes","floor":49,"key":"SMITH"}],"circlet_count":0,"master_deck":["Dodge","LightAttack+1","LightDefense+1","LightDefense","ChargeAndCover","FocusedStrikes","FierceCharge","FrontalAssault+1","TheRedNotes+1","RagingStorm","Cruelty","TendonChords","ViolentFlame+1","FleshFillet","BlazingStrike+1","RagingStorm","Unlock1","CurseOfTheBell","BattleCommand+1","UnforgettableMelody+1","Faith+1","Unlock1","FierceCharge+1"],"relics":["PageOfLibrarian","REME_ComplimentaryCards","Baka","TungstenRod","TungstenRod","Golden Idol","Black Star","Golden Idol","Membership Card","PageOfSingingMachine","PageOfBloodbath","DALC_THREE","MerchantsRug","DALC_WAN","SSSystem","PageOfMercenary","CaptainsWheel","Toxic Egg 2","Bag of Marbles","GodSword4","PageOfGalaxyChild","Kunai","Orichalcum","PageOfPorccubus","ChaoDraw","MagicDraw1","Strange Spoon","OrangePellets","InkBottle"],"acts_visited":["Exordium","TheCity","TheBeyond"],"potions_floor_usage":[],"damage_taken":[{"damage":0.0,"enemies":"2 Louse","floor":1.0,"turns":2.0},{"damage":1.0,"enemies":"Small Slimes","floor":2.0,"turns":4.0},{"damage":14.0,"enemies":"3 Sentries","floor":6.0,"turns":8.0},{"damage":10.0,"enemies":"Jaw Worm","floor":7.0,"turns":2.0},{"damage":0.0,"enemies":"Blue Slaver","floor":8.0,"turns":2.0},{"damage":9.0,"enemies":"Looter","floor":13.0,"turns":3.0},{"damage":15.0,"enemies":"Gremlin Nob","floor":14.0,"turns":4.0},{"damage":17.0,"enemies":"The Guardian","floor":16.0,"turns":6.0},{"damage":48.0,"enemies":"Shell Parasite","floor":18.0,"turns":5.0},{"damage":60.0,"enemies":"3 Byrds","floor":21.0,"turns":3.0},{"damage":14.0,"enemies":"Book of Stabbing","floor":23.0,"turns":4.0},{"damage":14.0,"enemies":"Slavers","floor":27.0,"turns":2.0},{"damage":0.0,"enemies":"Snake Plant","floor":28.0,"turns":2.0},{"damage":3.0,"enemies":"Centurion and Healer","floor":29.0,"turns":2.0},{"damage":0.0,"enemies":"Snecko","floor":31.0,"turns":3.0},{"damage":3.0,"enemies":"Automaton","floor":33.0,"turns":4.0},{"damage":0.0,"enemies":"3 Darklings","floor":35.0,"turns":1.0},{"damage":0.0,"enemies":"Orb Walker","floor":36.0,"turns":2.0},{"damage":0.0,"enemies":"Transient","floor":38.0,"turns":5.0},{"damage":45.0,"enemies":"Nemesis","floor":40.0,"turns":3.0},{"damage":2.0,"enemies":"4 Shapes","floor":42.0,"turns":1.0},{"damage":3.0,"enemies":"Writhing Mass","floor":44.0,"turns":2.0},{"damage":8.0,"enemies":"2 Orb Walkers","floor":45.0,"turns":2.0},{"damage":0.0,"enemies":"Reptomancer","floor":46.0,"turns":2.0},{"damage":0,"enemies":"Awakened One","floor":50,"turns":2},{"damage":14,"enemies":"Awakened One","floor":51,"turns":3}],"seed_played":"-2125838937133311679","potions_obtained":[{"floor":6.0,"key":"Explosive Potion"},{"floor":12.0,"key":"Fire Potion"},{"floor":14.0,"key":"FearPotion"},{"floor":20.0,"key":"SkillPotion"},{"floor":20.0,"key":"PowerPotion"},{"floor":20.0,"key":"SteroidPotion"},{"floor":27.0,"key":"Block Potion"},{"floor":35.0,"key":"FearPotion"},{"floor":40.0,"key":"SkillPotion"},{"floor":42.0,"key":"Energy Potion"}],"is_trial":false,"path_per_floor":["M","M","?","?","?","E","M","M","T","?","R","?","M","E","R","B",null,"M","$","?","M","$","E","R","?","T","E","M","M","R","M","R","B",null,"M","M","?","M","$","E","R","M","T","M","?","E","R","$","R","B",null,null],"character_chosen":"Librarian","items_purchased":["Membership Card","ViolentFlame","PageOfSingingMachine","PageOfBloodbath","DALC_THREE","MerchantsRug","DALC_WAN","SSSystem","PrismaticShard","Kunai","REME_GoldPotion","MagicDraw1","FierceCharge+1","Strange Spoon","OrangePellets","InkBottle"],"campfire_rested":3,"item_purchase_floors":[19,19,19,19,19,22,22,22,39,39,39,48,48,48,48,48],"current_hp_per_floor":[60,59,46,36,31,17,7,7,7,7,25,25,25,10,32,26,76,38,38,38,32,32,26,26,26,26,13,16,16,44,47,47,49,96,96,96,91,91,91,46,46,56,56,62,63,72,72,72,72,81,77],"gold":21,"neow_bonus":"RANDOM_COMMON_RELIC","is_daily":false,"chose_seed":false,"campfire_upgraded":5,"win_rate":0.0,"timestamp":1610463934,"path_taken":["M","M","?","?","?","E","?","M","T","?","R","?","?","E","R","BOSS","M","$","?","M","?","E","R","?","T","E","M","M","R","M","R","BOSS","M","M","?","M","$","E","R","M","T","M","?","E","R","$","R","BOSS"],"items_purchased_type":["Relic","Card","Relic","Relic","Relic","Relic","Relic","Relic","Relic","Relic","Potion","Relic","Card","Relic","Relic","Relic"],"build_version":"2020-12-22","purchased_purges":5,"victory":true,"max_hp_per_floor":[67,62,62,62,62,62,62,62,62,62,62,62,62,76,76,76,76,70,70,70,80,80,80,80,80,80,80,96,96,96,96,96,96,96,96,96,91,91,91,91,91,91,91,91,91,91,91,91,91,91,91],"relic_stats":{"Strange Spoon":[18],"OrangePellets":[0],"counters":[26,79],"Golden Idol":186,"Black Star":4,"Kunai":[23],"Orichalcum":[6],"obtain_stats":[{"Calipers":40,"SSSystem":22,"PageOfSingingMachine":19,"PrismaticShard":39,"Old Coin":14,"MagicDraw1":48,"PageOfMercenary":23,"WingedGreaves":9,"Kunai":39,"Toxic Egg 2":26,"InkBottle":48,"Potion Belt":27,"MerchantsRug":22,"Pear":21,"Golden Idol":3,"PageOfBloodbath":19,"DALC_THREE":19,"DALC_WAN":22,"Baka":1,"War Paint":0,"Orichalcum":40,"ChaoDraw":45,"PageOfLibrarian":0,"Du-Vu Doll":6,"Calling Bell":34,"Strange Spoon":48,"OrangePellets":48,"CaptainsWheel":23,"PageOfGalaxyChild":34,"Black Star":17,"Art of War":27,"Bag of Marbles":34,"Membership Card":19,"PageOfPorccubus":43,"GodSword4":34,"TungstenRod":2,"Toy Ornithopter":46,"REME_ComplimentaryCards":0},{"Calipers":20,"SSSystem":10,"PageOfSingingMachine":9,"PrismaticShard":19,"Old Coin":7,"MagicDraw1":24,"PageOfMercenary":11,"WingedGreaves":5,"Kunai":19,"Toxic Egg 2":11,"InkBottle":24,"Potion Belt":12,"MerchantsRug":10,"Pear":10,"Golden Idol":2,"PageOfBloodbath":9,"DALC_THREE":9,"DALC_WAN":10,"Baka":1,"War Paint":0,"Orichalcum":20,"ChaoDraw":23,"PageOfLibrarian":0,"Du-Vu Doll":3,"Calling Bell":16,"Strange Spoon":24,"OrangePellets":24,"CaptainsWheel":11,"PageOfGalaxyChild":16,"Black Star":8,"Art of War":12,"Bag of Marbles":16,"Membership Card":9,"PageOfPorccubus":21,"GodSword4":16,"TungstenRod":2,"Toy Ornithopter":24,"REME_ComplimentaryCards":0},{"Calipers":67,"SSSystem":39,"PageOfSingingMachine":36,"PrismaticShard":64,"Old Coin":25,"MagicDraw1":74,"PageOfMercenary":43,"WingedGreaves":18,"Kunai":64,"Toxic Egg 2":43,"InkBottle":74,"Potion Belt":45,"MerchantsRug":39,"Pear":39,"Golden Idol":6,"PageOfBloodbath":36,"DALC_THREE":36,"DALC_WAN":39,"Baka":2,"War Paint":0,"Orichalcum":67,"ChaoDraw":72,"PageOfLibrarian":0,"Du-Vu Doll":14,"Calling Bell":56,"Strange Spoon":74,"OrangePellets":74,"CaptainsWheel":43,"PageOfGalaxyChild":56,"Black Star":31,"Art of War":45,"Bag of Marbles":56,"Membership Card":36,"PageOfPorccubus":68,"GodSword4":56,"TungstenRod":6,"Toy Ornithopter":74,"REME_ComplimentaryCards":0}],"TungstenRod":87,"InkBottle":[5]},"card_choices":[{"not_picked":["SharpSwipe","Collision","Thrust","DefenseOrder","Parry","ClassAndRespect","SunsetBlade","YoureTooSlow","FleetEdge"],"picked":"SKIP","floor":1.0},{"not_picked":["FlowOfTheSword","WillOfThePrescript","YoureAHindrance","ShockingBlow","Mutilate","FlyingSword","UnavoidableGaze","DesperateStruggle","FleetEdge"],"picked":"SKIP","floor":2.0},{"not_picked":["DarkCloud","SilentMist","SpearedSweep","Thrust","FleetEdge","HiddenBlade","MindCrush","KeepItFresh"],"picked":"FierceCharge","floor":6.0},{"not_picked":["SunsetBlade","SpearedSweep","PinpointShot","Standoff","MultiBlock","Multislash","RushDown","Thrust"],"picked":"FrontalAssault","floor":7.0},{"not_picked":["SmokingPipe","PreemptiveStrike","Quickness","HardRehearsal","Outburst","ClassAndRespect","SunsetBlade","EndlessBattle"],"picked":"TheRedNotes","floor":8.0},{"not_picked":["PreemptiveStrike","Thrust","UpbeatPerformance","FieryWaltz","ChopItOff","GaleKick","Riposte","BurningFlash","SweepTheBackstreets"],"picked":"SKIP","floor":13.0},{"not_picked":["HandleRequest","Riposte","EnergyStrike","StartinOutLightly","ConcentratedFire","LoosenUp","SharpSwipe","Diversion"],"picked":"RagingStorm","floor":14.0},{"not_picked":["Transpierce","WillProduceFineSilk"],"picked":"Cruelty","floor":16.0},{"not_picked":["EnergyCycle","Creak","HandleRequest+1","NightInTheBackstreets","IllEndYou","SinglePointStab","RulesOfTheBackstreets","Diversion"],"picked":"TendonChords","floor":18.0},{"not_picked":["Diversion","Reload","ViolentFlame","SkyClearingCut","FeelinGood","HandleRequest","StructuralAnalysis","ICanCookAnything"],"picked":"FleshFillet","floor":21.0},{"not_picked":["StrongStrike","SturdyDefense","FierceCharge","Rewind","YouOnlyLiveOnce","FleetEdge","Outburst+1","ViolentFlame"],"picked":"BlazingStrike","floor":23.0},{"not_picked":["IronWall+1","MultiHit","FlowOfTheSword+1","SharpNails","KeepItFresh+1","TheArtOfRapidSteps+1","InhaleSmoke+1","ICanCookAnything+1","Cruelty"],"picked":"SKIP","floor":27.0},{"not_picked":["CircusKnives","Quickness+1","PuppetBlockade+1","SkitterAway+1","EnergyConversion","AGoldenOpportunity+1","HighKick","SharpNails+1","IllEndYou"],"picked":"SKIP","floor":28.0},{"not_picked":["Eliminate+1","HandleRequest+1","WillBeTasty","ForcefulGesture","PreemptiveStrike+1","AsThePrescriptOrders+1","Multislash","QuickAttack"],"picked":"RagingStorm","floor":29.0},{"not_picked":["FierceCharge+1","FleetFootsteps+1","ProselytesBlade+1","SturdyDefense+1","ForcefulGesture","HighKick","HiddenBlade","Gamble"],"picked":"Unlock1","floor":31.0},{"not_picked":["HighSpeedStabbing","FormingStorm","ClassAndRespect","InnerArdor+1","SharpenedBlade","MultiBlock+1","ViolentFlame+1","IronWall+1"],"picked":"BattleCommand+1","floor":35.0},{"not_picked":["SmokingPipe+1","AsThePrescriptOrders+1","PinpointShot+1","HighKick","EnergyShield+1","ToWhereThePrescriptPoints+1","SunsetBlade","BackAttack+1"],"picked":"UnforgettableMelody","floor":36.0},{"not_picked":["QuickAttack+1","InnerArdor+1","RhinoRam","BackAttack+1","UnforgettableMelody","AbsorbImpact+1","ClassAndRespect+1","LossOfSenses+1"],"picked":"Faith+1","floor":38.0},{"not_picked":["Flying Knee","REME_AllRoundStrike","EmptyBody+1","PathToVictory+1","Headbutt","Thunderclap+1","SpearedSweep","ViolentFlame+1","Infinite Blades+1"],"picked":"SKIP","floor":40.0},{"not_picked":["Jack Of All Trades+1","Redo+1","Darkness+1","Shrug It Off+1","Collision+1","Eject","Pound","CircusKnives","UnforgettableMelody"],"picked":"SKIP","floor":42.0},{"not_picked":["Ball Lightning+1","EmptyFist","WillProduceFineSilk+1","JustLucky","Steam+1","SummaryJudgment","Hologram+1","Fasting2","FlashingStrike"],"picked":"SKIP","floor":44.0},{"not_picked":["Seeing Red+1","Bane","CrushJoints","FleetEdge","Thrust+1","REME_Repentance+1","Slice","Streamline+1"],"picked":"Unlock1","floor":46}],"player_experience":48331,"relics_obtained":[{"floor":1.0,"key":"Baka"},{"floor":2.0,"key":"TungstenRod"},{"floor":2.0,"key":"TungstenRod"},{"floor":6.0,"key":"Du-Vu Doll"},{"floor":9.0,"key":"WingedGreaves"},{"floor":14.0,"key":"Old Coin"},{"floor":18.0,"key":"Golden Idol"},{"floor":21.0,"key":"Pear"},{"floor":23.0,"key":"PageOfMercenary"},{"floor":23.0,"key":"CaptainsWheel"},{"floor":26.0,"key":"Toxic Egg 2"},{"floor":27.0,"key":"Art of War"},{"floor":27.0,"key":"Potion Belt"},{"floor":34.0,"key":"Bag of Marbles"},{"floor":34.0,"key":"GodSword4"},{"floor":34.0,"key":"PageOfGalaxyChild"},{"floor":40.0,"key":"Orichalcum"},{"floor":40.0,"key":"Calipers"},{"floor":43.0,"key":"PageOfPorccubus"},{"floor":45.0,"key":"ChaoDraw"},{"floor":46,"key":"Toy Ornithopter"}],"event_choices":[{"damage_healed":0.0,"max_hp_gain":0.0,"max_hp_loss":0.0,"gold_gain":0.0,"event_name":"Golden Idol","player_choice":"Take Damage","floor":3.0,"gold_loss":0.0,"damage_taken":15.0,"relics_obtained":["Golden Idol"]},{"damage_healed":0.0,"max_hp_gain":0.0,"max_hp_loss":0.0,"gold_gain":0.0,"event_name":"Shining Light","player_choice":"Entered Light","floor":4.0,"gold_loss":0.0,"damage_taken":12.0,"cards_upgraded":["LightAttack","LightAttack"]},{"damage_healed":0.0,"max_hp_gain":0.0,"max_hp_loss":0.0,"gold_gain":0.0,"event_name":"World of Goop","player_choice":"Left Gold","floor":10.0,"gold_loss":31.0,"damage_taken":0.0},{"damage_healed":0.0,"max_hp_gain":0.0,"max_hp_loss":0.0,"gold_gain":0.0,"event_name":"The Woman in Blue","player_choice":"Bought 1 Potion","floor":12.0,"gold_loss":0.0,"damage_taken":0.0},{"damage_healed":0.0,"max_hp_gain":0.0,"max_hp_loss":0.0,"gold_gain":0.0,"event_name":"Lab","player_choice":"Got Potions","floor":20.0,"gold_loss":0.0,"damage_taken":0.0},{"damage_healed":0.0,"max_hp_gain":0.0,"max_hp_loss":0.0,"gold_gain":0.0,"event_name":"Ghosts","player_choice":"Ignored","floor":25.0,"gold_loss":0.0,"damage_taken":0.0},{"damage_healed":0.0,"max_hp_gain":0.0,"max_hp_loss":5.0,"gold_gain":0.0,"event_name":"Winding Halls","player_choice":"Max HP","floor":37.0,"gold_loss":0.0,"damage_taken":0.0},{"damage_healed":0.0,"max_hp_gain":0.0,"max_hp_loss":0.0,"gold_gain":0.0,"event_name":"Mysterious Sphere","player_choice":"Fight","floor":45.0,"gold_loss":0.0,"damage_taken":0.0}],"is_beta":false,"boss_relics":[{"not_picked":["Empty Cage","Tiny House"],"picked":"Black Star"},{"not_picked":["Pandora\u0027s Box","Snecko Eye"],"picked":"Calling Bell"}],"items_purged_floors":[19,22,39,48,48],"is_endless":false,"potions_floor_spawned":[6,14,16,23,27,35,40,42],"ascension_level":2}}