{"host":"t9zjxed0utvsfjwc","time":1610453078,"event":{"mods":["2.2 Compatiblity","Aspiration","BaseMod","Block Reminder","Colored Map","Colored Powertips","Highlight Path","Hubris","Infinite Spire","Minty Spire (QoL Compilation)","Quick Restart","Replay The Spire","StSLib","The Marked","Unceasing Turn Reminder","everything is the same but u backflip on backflip"],"gold_per_floor":[116,116,291,308,328,328,356,64,89,89,115,126,126,142,142,247,247,262,262,262,27,27,27,40,68,68,68,68,94,106,123,123,123,123],"floor_reached":33,"playtime":1685,"items_purged":["Doubt"],"score":343,"play_id":"f67f0853-61e3-435d-8504-6b55a4cf4d61","local_time":"20210112120438","is_ascension_mode":false,"campfire_choices":[{"data":"theMarked:EternalStudent","floor":6,"key":"SMITH"},{"data":"theMarked:SoldierOfQuellstein","floor":10,"key":"SMITH"},{"data":"theMarked:SuspiciousRaven","floor":13,"key":"SMITH"},{"data":"theMarked:Strike","floor":15,"key":"PURGE"},{"data":"theMarked:EternalStudent","floor":23,"key":"SMITH"},{"data":"theMarked:SoldierForm","floor":28,"key":"SMITH"},{"data":"theMarked:SuspiciousRaven","floor":32,"key":"SMITH"}],"circlet_count":0,"master_deck":["theMarked:Defend","theMarked:Defend","theMarked:Defend","theMarked:SoldierOfQuellstein+1","theMarked:SuspiciousRaven+1","theMarked:EternalStudent+1","theMarked:SuspiciousRaven+1","theMarked:EternalStudent+1","theMarked:SoldierForm+1","theMarked:SwordAndMagic+1","Bite","Bite","Bite","Bite","Bite"],"relics":["theMarked:ArtifactOfAir","Oddly Smooth Stone","The Courier","Thread and Needle","Bronze Scales","Ornamental Fan","aspiration:PoetsPen_weak","Unceasing Top","aspiration:Stabinomicon","Golden Egg","infinitespire:PuzzleCube"],"acts_visited":["Exordium","TheCity"],"potions_floor_usage":[7,11,24,31,33],"damage_taken":[{"damage":0,"enemies":"Cultist","floor":1,"turns":4},{"damage":0,"enemies":"2 Louse","floor":4,"turns":4},{"damage":0,"enemies":"Jaw Worm","floor":5,"turns":4},{"damage":20,"enemies":"Lagavulin","floor":7,"turns":6},{"damage":0,"enemies":"3 Sentries","floor":11,"turns":3},{"damage":0,"enemies":"3 Louse","floor":12,"turns":3},{"damage":2,"enemies":"2 Fungi Beasts","floor":14,"turns":4},{"damage":10,"enemies":"The Guardian","floor":16,"turns":8},{"damage":6,"enemies":"Chosen","floor":18,"turns":3},{"damage":0,"enemies":"Spheric Guardian","floor":24,"turns":3},{"damage":13,"enemies":"Book of Stabbing","floor":25,"turns":3},{"damage":41,"enemies":"Nightmare","floor":29,"turns":5},{"damage":2,"enemies":"Cultist and Chosen","floor":30,"turns":4},{"damage":6,"enemies":"Shelled Parasite and Fungi","floor":31,"turns":3},{"damage":35,"enemies":"Automaton","floor":33,"turns":4}],"seed_played":"9035072452125070575","potions_obtained":[{"floor":4,"key":"LifebloodPotion"},{"floor":7,"key":"SteroidPotion"},{"floor":18,"key":"ColorlessPotion"},{"floor":30,"key":"Ancient Potion"},{"floor":31,"key":"SteroidPotion"}],"is_trial":false,"path_per_floor":["M","T","?","M","M","R","E","$","T","R","E","M","R","M","R_BF","B",null,"M","?","?","$","?","R","M","E","T","$","R","NM","M","M","R","B"],"character_chosen":"THE_DEFAULT","items_purchased":["Thread and Needle","Unceasing Top"],"campfire_rested":0,"item_purchase_floors":[8,21],"current_hp_per_floor":[70,70,70,70,70,70,50,50,50,50,50,50,50,48,48,38,70,64,64,70,70,49,49,49,38,38,38,38,13,21,17,17,0,0],"gold":123,"neow_bonus":"ONE_RANDOM_RARE_CARD","is_daily":false,"chose_seed":false,"campfire_upgraded":6,"win_rate":0.0,"timestamp":1610453078,"path_taken":["M","?","?","?","M","R","E","$","T","R","E","M","R","M","R_BF","BOSS","M","?","?","$","?","R","M","E","T","?","R","NM","M","M","R","BOSS"],"items_purchased_type":["Relic","Relic"],"build_version":"2020-12-22","purchased_purges":1,"victory":false,"max_hp_per_floor":[70,70,70,70,70,70,70,70,70,70,70,70,70,70,70,70,70,70,70,70,70,49,49,49,49,49,49,49,49,49,49,49,49,49],"card_choices":[{"not_picked":["theMarked:RepellingDischarge","theMarked:HeightenedSenses","theMarked:ResourceFulStrike"],"picked":"SKIP","floor":1},{"not_picked":["theMarked:Polarize","theMarked:BanishingStrike","theMarked:WardOff"],"picked":"SKIP","floor":4},{"not_picked":["theMarked:KeepCalmAndFightOn","theMarked:WastefulDefense"],"picked":"theMarked:EternalStudent","floor":5},{"not_picked":["theMarked:Aftermath","theMarked:ParalyzingBlade","theMarked:WastefulDefense"],"picked":"SKIP","floor":7},{"not_picked":["theMarked:BanishingStrike","theMarked:ResourceFulStrike"],"picked":"theMarked:SuspiciousRaven","floor":11},{"not_picked":["theMarked:RepellingDischarge","theMarked:HeritageOfTheMarked","theMarked:TakeCover"],"picked":"SKIP","floor":12},{"not_picked":["theMarked:ResourceFulStrike","theMarked:Reabsorb"],"picked":"theMarked:EternalStudent","floor":14},{"not_picked":["theMarked:TurnInvisible","theMarked:MuscleMemory"],"picked":"theMarked:SoldierForm","floor":16},{"not_picked":["theMarked:ResourceFulStrike","theMarked:BanishingWave"],"picked":"theMarked:SwordAndMagic+1","floor":18},{"not_picked":["theMarked:Seal","theMarked:Aftermath","theMarked:BanishingStrike+1"],"picked":"SKIP","floor":24},{"not_picked":["theMarked:TwofoldDefense","theMarked:AttractMetal+1","theMarked:Abjuration"],"picked":"SKIP","floor":25},{"not_picked":["theMarked:ShockingTouch","theMarked:AttractMetal","theMarked:ElectricStrings"],"picked":"SKIP","floor":29},{"not_picked":["theMarked:RepellingDischarge+1","theMarked:Reabsorb","theMarked:Static"],"picked":"SKIP","floor":30},{"not_picked":["theMarked:MaelstromOfLightning","theMarked:BanishingStrike","theMarked:Parkour+1"],"picked":"SKIP","floor":31}],"player_experience":256743,"relics_obtained":[{"floor":2,"key":"Oddly Smooth Stone"},{"floor":7,"key":"The Courier"},{"floor":9,"key":"Bronze Scales"},{"floor":11,"key":"Ornamental Fan"},{"floor":25,"key":"aspiration:Stabinomicon"},{"floor":26,"key":"Golden Egg"},{"floor":29,"key":"infinitespire:PuzzleCube"}],"event_choices":[{"damage_healed":0,"gold_gain":175,"player_choice":"AGREE","damage_taken":0,"max_hp_gain":0,"max_hp_loss":0,"event_name":"Liars Game","floor":3,"gold_loss":0,"cards_obtained":["Doubt"]},{"cards_removed":["theMarked:Defend"],"damage_healed":0,"gold_gain":0,"player_choice":"Elegance","damage_taken":0,"max_hp_gain":0,"max_hp_loss":0,"event_name":"Back to Basics","floor":19,"gold_loss":0},{"damage_healed":0,"gold_gain":0,"player_choice":"Became a vampire","damage_taken":0,"max_hp_gain":0,"max_hp_loss":21,"event_name":"Vampires","floor":22,"gold_loss":0,"cards_obtained":["Bite","Bite","Bite","Bite","Bite"]}],"is_beta":false,"boss_relics":[{"not_picked":["aspiration:DefectSkillbook","Velvet Choker"],"picked":"aspiration:PoetsPen_weak"}],"items_purged_floors":[8],"is_endless":true,"potions_floor_spawned":[4,7,18,30,31],"killed_by":"Automaton","ascension_level":0}}