{"host":"vdpaduzlq0qlaikq","time":1610420377,"event":{"mods":["AchievementEnabler","BaseMod","Better Third Choice","BetterRewards","Colored Map","Downfall","Gold Saver","Hermit","Jorbs\u0027s Wanderer Trilogy","Minty Spire (QoL Compilation)","Relic Filter","Spicy Shops","StSLib","The Necromancer"],"gold_per_floor":[1150,386,399,412,55,55,88,88,111,111,111,146,72,85,85,181,181,194,214,214,227,244,244,277,277,277,45,45,45,77,77,77,177,177,187,199,199,199,52,83,83,131,131,0,20,20,38,51,51,51,51,51,3,38,38,38],"floor_reached":55,"playtime":3731,"items_purged":["Strike_R"],"score":1262,"play_id":"74070aa9-3fa2-4664-bbf5-3697b61b2419","local_time":"20210112005937","is_ascension_mode":true,"campfire_choices":[{"data":"1","floor":6,"key":"LIFT"},{"data":"2","floor":8,"key":"LIFT"},{"data":"3","floor":10,"key":"LIFT"},{"data":"Infernal Blade","floor":15,"key":"SMITH"},{"data":"Inflame","floor":23,"key":"SMITH"},{"data":"Inflame","floor":25,"key":"SMITH"},{"floor":32,"key":"RECALL"},{"data":"Pummel","floor":41,"key":"SMITH"},{"data":"Impervious","floor":46,"key":"SMITH"},{"data":"Pommel Strike","floor":49,"key":"SMITH"},{"data":"Spot Weakness","floor":52,"key":"SMITH"}],"circlet_count":0,"master_deck":["Strike_R","Strike_R","Strike_R","Defend_R","Defend_R","Defend_R","Bash","Inflame+1","Headbutt","Inflame+1","Pommel Strike+1","Metallicize","Infernal Blade+1","Flex","Shrug It Off","Spot Weakness+1","Impervious+1","Cleave","Spot Weakness+1","Body Slam+1","Pummel+1","Feed","Reaper","Flex+1","Headbutt","Armaments+1","Parasite","Whirlwind+1"],"relics":["Burning Blood","HandDrill","Guardian:PocketSentry","HornCleat","Omamori","Ornamental Fan","Girya","Anchor","Regal Pillow","Smiling Mask","Pen Nib","Lantern","SacredBark","Meat on the Bone","Potion Belt","Toy Ornithopter","Nilry\u0027s Codex","Happy Flower","Empty Cage","DollysMirror","Orichalcum","Peace Pipe","Red Mask","Centennial Puzzle"],"acts_visited":["Exordium","TheCity","TheBeyond","TheEnding"],"potions_floor_usage":[22,24,30,33,42,55,55,55,55,55],"damage_taken":[{"damage":0,"enemies":"Cultist","floor":1,"turns":2},{"damage":4,"enemies":"Jaw Worm","floor":3,"turns":3},{"damage":0,"enemies":"Small Slimes","floor":4,"turns":3},{"damage":24,"enemies":"Lagavulin","floor":7,"turns":6},{"damage":0,"enemies":"3 Sentries","floor":12,"turns":4},{"damage":0,"enemies":"Blue Slaver","floor":14,"turns":3},{"damage":18,"enemies":"The Guardian","floor":16,"turns":5},{"damage":0,"enemies":"Spheric Guardian","floor":18,"turns":3},{"damage":2,"enemies":"Chosen","floor":19,"turns":3},{"damage":0,"enemies":"Centurion and Healer","floor":21,"turns":4},{"damage":8,"enemies":"Snake Plant","floor":22,"turns":2},{"damage":2,"enemies":"Slavers","floor":24,"turns":3},{"damage":5,"enemies":"Book of Stabbing","floor":30,"turns":3},{"damage":44,"enemies":"Collector","floor":33,"turns":7},{"damage":0,"enemies":"3 Darklings","floor":35,"turns":3},{"damage":8,"enemies":"3 Shapes","floor":36,"turns":3},{"damage":32,"enemies":"Nemesis","floor":40,"turns":5},{"damage":8,"enemies":"2 Orb Walkers","floor":42,"turns":4},{"damage":13,"enemies":"Maw","floor":45,"turns":6},{"damage":4,"enemies":"4 Shapes","floor":47,"turns":4},{"damage":17,"enemies":"Writhing Mass","floor":48,"turns":5},{"damage":66,"enemies":"Donu and Deca","floor":50,"turns":8},{"damage":77,"enemies":"Shield and Spear","floor":54,"turns":6},{"damage":217,"enemies":"The Heart","floor":55,"turns":8}],"seed_played":"-7241429925713367398","potions_obtained":[{"floor":12,"key":"Weak Potion"},{"floor":16,"key":"BlessingOfTheForge"},{"floor":19,"key":"Strength Potion"},{"floor":24,"key":"Fire Potion"},{"floor":36,"key":"ElixirPotion"},{"floor":40,"key":"Block Potion"},{"floor":47,"key":"BloodPotion"},{"floor":48,"key":"SpeedPotion"},{"floor":54,"key":"Strength Potion"}],"is_trial":false,"path_per_floor":["M","$","M","M","$","R","E","R","T","R","$","E","$","M","R","B",null,"M","M","?","M","M","R","E","R","T","$","?","?","E","$","R","B",null,"M","M","?","?","$","E","R","?","T","?","M","R","M","M","R","B",null,"R","$","E","B"],"character_chosen":"IRONCLAD","items_purchased":["Inflame","HandDrill","Guardian:PocketSentry","Headbutt","Pommel Strike","HornCleat","Omamori","Ornamental Fan","Metallicize","Girya","Anchor","Lantern","Toy Ornithopter","Pummel","DollysMirror","BloodPotion"],"campfire_rested":0,"item_purchase_floors":[0,0,0,0,2,2,2,2,2,5,5,13,27,27,39,53],"current_hp_per_floor":[78,78,80,80,80,80,62,62,62,62,62,68,68,74,74,62,76,80,80,65,71,69,69,73,73,73,73,57,57,63,63,63,45,77,88,89,91,91,91,68,68,88,88,88,81,81,100,89,89,67,92,92,92,58,0,0],"gold":38,"neow_bonus":"","is_daily":false,"chose_seed":false,"campfire_upgraded":7,"win_rate":0.0,"timestamp":1610420377,"path_taken":["M","$","M","M","?","R","E","R","T","R","$","E","$","M","R","BOSS","M","?","?","M","M","R","E","R","T","$","?","?","E","?","R","BOSS","M","?","?","?","$","E","R","?","T","?","M","R","M","M","R","BOSS","R","$","E","BOSS"],"items_purchased_type":["Card","Relic","Relic","Card","Card","Relic","Relic","Relic","Card","Relic","Relic","Relic","Relic","Card","Relic","Potion"],"build_version":"2020-12-22","purchased_purges":1,"victory":false,"max_hp_per_floor":[80,80,80,80,80,80,80,80,80,80,80,80,80,80,80,80,80,80,80,85,85,85,85,85,85,85,85,85,85,85,85,85,88,88,88,91,91,91,91,94,94,97,97,97,97,97,100,100,100,100,100,100,100,100,100,100],"card_choices":[{"not_picked":["Iron Wave","Heavy Blade"],"picked":"Inflame","floor":1},{"not_picked":["Inflame","Clothesline"],"picked":"Infernal Blade","floor":3},{"not_picked":["Flame Barrier","Clothesline"],"picked":"Flex","floor":4},{"not_picked":["Perfected Strike","Fiend Fire","Body Slam"],"picked":"SKIP","floor":7},{"not_picked":["Fiend Fire","Pommel Strike"],"picked":"Shrug It Off","floor":12},{"not_picked":["Clash","Shrug It Off"],"picked":"Spot Weakness","floor":14},{"not_picked":["Berserk","Barricade"],"picked":"Impervious","floor":16},{"not_picked":["Bloodletting","Headbutt"],"picked":"Cleave","floor":18},{"not_picked":["Clash+1","Iron Wave"],"picked":"Spot Weakness+1","floor":19},{"not_picked":["Cleave","Searing Blow","Anger"],"picked":"SKIP","floor":21},{"not_picked":["Rupture+1","Clothesline","Wild Strike"],"picked":"SKIP","floor":22},{"not_picked":["Rampage","Double Tap"],"picked":"Body Slam+1","floor":24},{"not_picked":["Intimidate","Uppercut"],"picked":"Feed","floor":30},{"not_picked":["Juggernaut","Fiend Fire"],"picked":"Reaper","floor":33},{"not_picked":["Uppercut+1","Headbutt","Anger+1"],"picked":"SKIP","floor":35},{"not_picked":["Wild Strike","Intimidate+1"],"picked":"Flex+1","floor":36},{"not_picked":["Disarm","Warcry","Bloodletting"],"picked":"SKIP","floor":40},{"not_picked":["Havoc","Combust"],"picked":"Armaments+1","floor":42},{"not_picked":["Clash","Perfected Strike","Clothesline+1"],"picked":"SKIP","floor":45},{"not_picked":["Anger","Flex","Wild Strike"],"picked":"SKIP","floor":47},{"not_picked":["Uppercut+1","Spot Weakness"],"picked":"Whirlwind+1","floor":48},{"not_picked":["Thunderclap+1","Headbutt","Cleave"],"picked":"SKIP","floor":54}],"player_experience":629680,"relics_obtained":[{"floor":7,"key":"Regal Pillow"},{"floor":9,"key":"Smiling Mask"},{"floor":12,"key":"Pen Nib"},{"floor":24,"key":"Meat on the Bone"},{"floor":26,"key":"Potion Belt"},{"floor":28,"key":"Nilry\u0027s Codex"},{"floor":30,"key":"Happy Flower"},{"floor":40,"key":"Orichalcum"},{"floor":42,"key":"Peace Pipe"},{"floor":54,"key":"Centennial Puzzle"}],"event_choices":[{"damage_healed":0,"gold_gain":0,"player_choice":"Shed Blood","damage_taken":20,"max_hp_gain":5,"max_hp_loss":0,"event_name":"Forgotten Altar","floor":20,"gold_loss":0},{"damage_healed":0,"gold_gain":0,"player_choice":"Obtained Book","damage_taken":16,"max_hp_gain":0,"max_hp_loss":0,"event_name":"Cursed Tome","floor":28,"gold_loss":0},{"damage_healed":23,"gold_gain":0,"player_choice":"Writhe","damage_taken":0,"max_hp_gain":0,"max_hp_loss":0,"event_name":"Winding Halls","floor":37,"gold_loss":0,"cards_obtained":["Writhe"]},{"damage_healed":0,"gold_gain":0,"player_choice":"Memory 1","damage_taken":0,"max_hp_gain":0,"max_hp_loss":0,"event_name":"SensoryStone","floor":38,"gold_loss":0},{"damage_healed":0,"gold_gain":0,"player_choice":"Fight","damage_taken":0,"max_hp_gain":0,"max_hp_loss":0,"event_name":"Mysterious Sphere","floor":42,"gold_loss":0},{"damage_healed":0,"gold_gain":0,"player_choice":"Paid","damage_taken":0,"relics_obtained":["Red Mask"],"max_hp_gain":0,"max_hp_loss":0,"event_name":"Tomb of Lord Red Mask","floor":44,"gold_loss":131}],"is_beta":false,"boss_relics":[{"not_picked":["Sozu","Coffee Dripper"],"picked":"SacredBark"},{"not_picked":["Cursed Key","Runic Pyramid"],"picked":"Empty Cage"}],"items_purged_floors":[0],"is_endless":false,"potions_floor_spawned":[12,16,19,24,36,40,47,48,54],"killed_by":"The Heart","ascension_level":7}}