{"host":"6swbl1yqdi8v28pk","time":1610489570,"event":{"mods":["AchievementEnabler","BaseMod","Colored Map","Minty Spire (QoL Compilation)","Quick Restart"],"gold_per_floor":[119,119,133,8,21,21,40,40,120,140,140,170,170,190,190,294,294,306,317,317,336,336,336,370,370,370,370,116,116,126,41,41,136,136,149,149,159,159,174,174,174],"floor_reached":40,"language":"SPA","playtime":2143,"items_purged":["Strike_P","Defend_P"],"score":420,"play_id":"a292e7e6-eae5-4ece-baac-f3595367eafa","local_time":"20210112161250","is_ascension_mode":false,"campfire_choices":[{"floor":6,"key":"REST"},{"data":"PathToVictory","floor":8,"key":"SMITH"},{"floor":11,"key":"REST"},{"floor":15,"key":"REST"},{"floor":23,"key":"REST"},{"floor":27,"key":"REST"},{"data":"Crescendo","floor":29,"key":"SMITH"},{"data":"Adaptation","floor":32,"key":"SMITH"}],"circlet_count":0,"master_deck":["Defend_P","Eruption+1","Vigilance","MentalFortress+1","Swivel","EmptyBody+1","SandsOfTime","WaveOfTheHand+1","SandsOfTime","CutThroughFate","Adaptation+1","LessonLearned","FlyingSleeves","Crescendo+1","Bite","Bite","Bite","Bite","Bite","EmptyFist","Ragnarok","WindmillStrike+1","FollowUp+1"],"relics":["PureWater","HornCleat","Sozu","Regal Pillow","Orichalcum","Vajra","ClockworkSouvenir","Pen Nib","Busted Crown","Spirit Poop"],"acts_visited":["Exordium","TheCity","TheBeyond"],"potions_floor_usage":[24],"damage_taken":[{"damage":15,"enemies":"Jaw Worm","floor":1,"turns":5},{"damage":0,"enemies":"2 Louse","floor":3,"turns":2},{"damage":0,"enemies":"Small Slimes","floor":5,"turns":4},{"damage":7,"enemies":"Blue Slaver","floor":7,"turns":4},{"damage":6,"enemies":"2 Fungi Beasts","floor":10,"turns":3},{"damage":0,"enemies":"3 Louse","floor":14,"turns":3},{"damage":59,"enemies":"Hexaghost","floor":16,"turns":8},{"damage":2,"enemies":"Chosen","floor":18,"turns":5},{"damage":5,"enemies":"Shell Parasite","floor":19,"turns":4},{"damage":32,"enemies":"3 Cultists","floor":21,"turns":7},{"damage":35,"enemies":"Gremlin Leader","floor":24,"turns":5},{"damage":7,"enemies":"Centurion and Healer","floor":30,"turns":4},{"damage":48,"enemies":"Collector","floor":33,"turns":9},{"damage":12,"enemies":"3 Darklings","floor":35,"turns":5},{"damage":6,"enemies":"Orb Walker","floor":37,"turns":3},{"damage":2,"enemies":"Spire Growth","floor":39,"turns":4},{"damage":70,"enemies":"Nemesis","floor":40,"turns":9}],"seed_played":"-8100840662985513741","potions_obtained":[{"floor":3,"key":"LiquidMemories"},{"floor":7,"key":"Ambrosia"},{"floor":10,"key":"BlessingOfTheForge"}],"is_trial":false,"path_per_floor":["M","?","M","$","M","R","M","R","T","M","R","?","?","M","R","B",null,"M","M","?","M","?","R","E","?","T","R","$","R","M","?","R","B",null,"M","?","M","?","M","E"],"character_chosen":"WATCHER","items_purchased":["PathToVictory","ClockworkSouvenir"],"campfire_rested":5,"item_purchase_floors":[4,28],"current_hp_per_floor":[36,29,29,29,29,50,43,43,43,37,58,58,44,44,65,6,72,70,65,50,24,24,39,16,16,16,46,46,46,47,47,47,11,50,50,50,46,46,50,0,0],"gold":174,"neow_bonus":"TRANSFORM_TWO_CARDS","is_daily":false,"chose_seed":false,"campfire_upgraded":3,"win_rate":0.0,"timestamp":1610489570,"path_taken":["M","?","M","$","M","R","M","R","T","M","R","?","?","M","R","BOSS","M","M","?","M","?","R","E","?","T","R","$","R","M","?","R","BOSS","M","?","M","?","?","E"],"items_purchased_type":["Card","Relic"],"build_version":"2020-12-22","purchased_purges":2,"victory":false,"max_hp_per_floor":[72,72,72,72,72,72,72,72,72,72,72,72,72,72,72,72,72,72,72,50,50,50,50,50,50,50,50,50,50,50,50,50,50,50,50,50,50,50,50,50,50],"card_choices":[{"not_picked":["Prostrate","CutThroughFate"],"picked":"EmptyBody","floor":1},{"not_picked":["Conclude","SignatureMove"],"picked":"SandsOfTime","floor":3},{"not_picked":["BowlingBash","FollowUp"],"picked":"WaveOfTheHand","floor":5},{"not_picked":["Consecrate","Prostrate"],"picked":"SandsOfTime","floor":7},{"not_picked":["FlurryOfBlows","SashWhip"],"picked":"CutThroughFate","floor":10},{"not_picked":["Conclude","FollowUp"],"picked":"Adaptation","floor":14},{"not_picked":["Blasphemy","Omniscience"],"picked":"LessonLearned","floor":16},{"not_picked":["InnerPeace","SashWhip"],"picked":"FlyingSleeves","floor":18},{"not_picked":["ClearTheMind+1","Adaptation"],"picked":"Crescendo","floor":19},{"not_picked":["TalkToTheHand","Study","EmptyFist"],"picked":"SKIP","floor":21},{"not_picked":["ThirdEye","InnerPeace","BattleHymn"],"picked":"SKIP","floor":24},{"not_picked":["JustLucky","BowlingBash"],"picked":"EmptyFist","floor":30},{"not_picked":["Vault","MasterReality"],"picked":"Ragnarok","floor":33},{"not_picked":[],"picked":"WindmillStrike+1","floor":35},{"not_picked":["Pray+1"],"picked":"SKIP","floor":37},{"not_picked":[],"picked":"FollowUp+1","floor":39}],"player_experience":125991,"relics_obtained":[{"floor":9,"key":"HornCleat"},{"floor":24,"key":"Regal Pillow"},{"floor":26,"key":"Vajra"}],"event_choices":[{"cards_removed":["Defend_P"],"damage_healed":0,"gold_gain":0,"player_choice":"Card Removal","damage_taken":7,"max_hp_gain":0,"max_hp_loss":0,"event_name":"Golden Wing","floor":2,"gold_loss":0},{"damage_healed":0,"gold_gain":30,"player_choice":"Searched \u00272\u0027 times","damage_taken":0,"max_hp_gain":0,"max_hp_loss":0,"event_name":"Dead Adventurer","floor":12,"gold_loss":0},{"damage_healed":0,"gold_gain":0,"player_choice":"Entered Light","damage_taken":14,"max_hp_gain":0,"max_hp_loss":0,"event_name":"Shining Light","floor":13,"gold_loss":0,"cards_upgraded":["EmptyBody","Eruption"]},{"damage_healed":0,"gold_gain":0,"player_choice":"Became a vampire","damage_taken":0,"max_hp_gain":0,"max_hp_loss":22,"event_name":"Vampires","floor":20,"gold_loss":0,"cards_obtained":["Bite","Bite","Bite","Bite","Bite"]},{"damage_healed":0,"gold_gain":0,"player_choice":"Ignored","damage_taken":0,"max_hp_gain":0,"max_hp_loss":0,"event_name":"Ghosts","floor":22,"gold_loss":0},{"damage_healed":0,"gold_gain":0,"player_choice":"Opened","damage_taken":0,"relics_obtained":["Orichalcum"],"max_hp_gain":0,"max_hp_loss":0,"event_name":"The Mausoleum","floor":25,"gold_loss":0,"cards_obtained":["Writhe"]},{"damage_healed":0,"gold_gain":0,"player_choice":"Obtained Relic","damage_taken":0,"relics_obtained":["Pen Nib"],"max_hp_gain":0,"max_hp_loss":0,"event_name":"Addict","floor":31,"gold_loss":85},{"cards_removed":["PathToVictory"],"damage_healed":0,"gold_gain":0,"player_choice":"Removed Skill","damage_taken":0,"max_hp_gain":0,"max_hp_loss":0,"event_name":"Falling","floor":36,"gold_loss":0},{"cards_removed":["Writhe"],"damage_healed":0,"gold_gain":0,"player_choice":"Offered Curse","damage_taken":0,"relics_obtained":["Spirit Poop"],"max_hp_gain":0,"max_hp_loss":0,"event_name":"Bonfire Elementals","floor":38,"gold_loss":0}],"is_beta":false,"boss_relics":[{"not_picked":["VioletLotus","Tiny House"],"picked":"Sozu"},{"not_picked":["SacredBark","Astrolabe"],"picked":"Busted Crown"}],"items_purged_floors":[4,28],"is_endless":false,"potions_floor_spawned":[3,7,10,14,16,18,19,24,39],"killed_by":"Nemesis","ascension_level":0}}