{"host":"091y6d77ht7dl3wb","time":1610434922,"event":{"mods":["AchievementEnabler","BaseMod","Colored Map","Hermit","Minty Spire (QoL Compilation)","Rare Cards Sparkle","StSLib"],"gold_per_floor":[113,133,34,48,67,97,164,175,256,431,431,460,474,489,489,489,489],"floor_reached":16,"playtime":696,"items_purged":[],"score":139,"play_id":"db64ca47-cf0f-405b-9973-27d122b0cad5","local_time":"20210112160202","is_ascension_mode":false,"campfire_choices":[{"floor":15,"key":"REST"}],"circlet_count":0,"master_deck":["hermit:Strike_Hermit","hermit:Strike_Hermit","hermit:Strike_Hermit","hermit:Strike_Hermit","hermit:Defend_Hermit","hermit:Defend_Hermit","hermit:Defend_Hermit","hermit:Defend_Hermit","hermit:Snapshot","hermit:Covet","Blind","hermit:TrackingShot","hermit:Deadeye","hermit:Feint","hermit:Combo","hermit:GoldenBullet","hermit:Determination","hermit:Reprieve","hermit:Misfire","Doubt","Regret","hermit:Headshot","hermit:BodyArmor","hermit:Ricochet"],"relics":["hermit:Momento","Pear","Matryoshka","Ginger","Tiny Chest"],"acts_visited":["Exordium"],"potions_floor_usage":[6,6,13,14,14,16],"damage_taken":[{"damage":0,"enemies":"Cultist","floor":1,"turns":3},{"damage":3,"enemies":"Jaw Worm","floor":2,"turns":4},{"damage":0,"enemies":"Small Slimes","floor":4,"turns":3},{"damage":6,"enemies":"Exordium Wildlife","floor":5,"turns":3},{"damage":12,"enemies":"3 Sentries","floor":6,"turns":9},{"damage":9,"enemies":"Blue Slaver","floor":8,"turns":4},{"damage":50,"enemies":"Lagavulin","floor":12,"turns":7},{"damage":2,"enemies":"Large Slime","floor":13,"turns":4},{"damage":4,"enemies":"2 Fungi Beasts","floor":14,"turns":3},{"damage":64,"enemies":"Slime Boss","floor":16,"turns":10}],"seed_played":"-3823491012494958800","potions_obtained":[{"floor":4,"key":"DistilledChaos"},{"floor":5,"key":"LiquidMemories"},{"floor":12,"key":"EntropicBrew"},{"floor":14,"key":"Fruit Juice"}],"is_trial":false,"path_per_floor":["M","M","$","M","M","E","?","M","T","?","?","E","M","M","R","B"],"character_chosen":"HERMIT","items_purchased":["hermit:Feint","hermit:Combo"],"campfire_rested":1,"item_purchase_floors":[3,3],"current_hp_per_floor":[75,72,72,72,66,64,64,59,59,59,59,13,23,24,51,0,0],"gold":489,"neow_bonus":"RANDOM_COLORLESS","is_daily":false,"chose_seed":false,"campfire_upgraded":0,"win_rate":0.0,"timestamp":1610434922,"path_taken":["M","M","$","M","M","E","?","M","T","?","?","E","M","M","R","BOSS"],"items_purchased_type":["Card","Card"],"build_version":"2020-12-22","purchased_purges":0,"victory":false,"max_hp_per_floor":[75,75,75,75,75,85,85,85,85,85,85,85,85,90,90,90,90],"card_choices":[{"not_picked":["PanicButton","Enlightenment"],"picked":"Blind","floor":0},{"not_picked":["hermit:Desperado","hermit:Midnight"],"picked":"hermit:TrackingShot","floor":1},{"not_picked":["hermit:Manifest","hermit:Ricochet"],"picked":"hermit:Deadeye","floor":2},{"not_picked":["hermit:ItchyTrigger","hermit:Glare"],"picked":"hermit:GoldenBullet","floor":4},{"not_picked":["hermit:Feint","hermit:Adapt"],"picked":"hermit:Determination","floor":5},{"not_picked":["hermit:CalledShot","hermit:TrackingShot"],"picked":"hermit:Reprieve","floor":6},{"not_picked":["hermit:Quickdraw","hermit:Coalescence"],"picked":"hermit:Misfire","floor":8},{"not_picked":["hermit:HighNoon","hermit:FromBeyond"],"picked":"hermit:Headshot","floor":12},{"not_picked":["hermit:BigShot","hermit:Horror"],"picked":"hermit:BodyArmor","floor":13},{"not_picked":["hermit:DeadMansHand","hermit:Quickdraw"],"picked":"hermit:Ricochet","floor":14}],"player_experience":222293,"relics_obtained":[{"floor":6,"key":"Pear"},{"floor":9,"key":"Matryoshka"},{"floor":12,"key":"Tiny Chest"}],"event_choices":[{"damage_healed":0,"gold_gain":67,"player_choice":"Gained Gold","damage_taken":0,"max_hp_gain":0,"max_hp_loss":0,"event_name":"Golden Wing","floor":7,"gold_loss":0},{"damage_healed":0,"gold_gain":175,"player_choice":"AGREE","damage_taken":0,"max_hp_gain":0,"max_hp_loss":0,"event_name":"Liars Game","floor":10,"gold_loss":0,"cards_obtained":["Doubt"]},{"damage_healed":0,"gold_gain":0,"player_choice":"Box","damage_taken":0,"relics_obtained":["Ginger"],"max_hp_gain":0,"max_hp_loss":0,"event_name":"Big Fish","floor":11,"gold_loss":0,"cards_obtained":["Regret"]}],"is_beta":false,"boss_relics":[],"items_purged_floors":[],"is_endless":false,"potions_floor_spawned":[4,5,12,14],"killed_by":"Slime Boss","ascension_level":0}}