{"host":"vwj4ugm4vbv87wd6","time":1610440472,"event":{"mods":["AchievementEnabler","BaseMod","Bestiary","Minty Spire (QoL Compilation)","Permanent Neow","StSLib"],"gold_per_floor":[118,43,43,62,62,62,93,93,93,128,139,64,99,119,119,206,206,227,227,227,251,268,268,297,297,320,362,380,410,206,223,223,223,223],"floor_reached":33,"playtime":1689,"items_purged":["Strike_R","Defend_R"],"score":565,"play_id":"684bf97f-e3d8-4afa-afaf-d145b8a23c85","local_time":"20210112213432","is_ascension_mode":true,"campfire_choices":[{"data":"Rampage","floor":6,"key":"SMITH"},{"data":"Juggernaut","floor":8,"key":"SMITH"},{"floor":15,"key":"REST"},{"data":"Juggernaut","floor":23,"key":"SMITH"},{"data":"Feel No Pain","floor":25,"key":"SMITH"},{"floor":32,"key":"REST"}],"circlet_count":0,"master_deck":["AscendersBane","Defend_R","Defend_R","Rampage+1","Juggernaut+1","Second Wind+1","Ghostly Armor+1","Battle Trance+1","Juggernaut+1","Power Through+1","Feel No Pain+1","Shockwave+1","Metallicize"],"relics":["Empty Cage","Torii","Toxic Egg 2","Ginger","CeramicFish","Runic Pyramid","Juzu Bracelet","Shuriken","Peace Pipe","Membership Card"],"acts_visited":["Exordium","TheCity"],"potions_floor_usage":[7,13,24,33,33],"damage_taken":[{"damage":6,"enemies":"Small Slimes","floor":1,"turns":5},{"damage":4,"enemies":"Jaw Worm","floor":4,"turns":4},{"damage":15,"enemies":"3 Sentries","floor":7,"turns":4},{"damage":20,"enemies":"Lagavulin","floor":10,"turns":5},{"damage":1,"enemies":"2 Louse","floor":11,"turns":3},{"damage":11,"enemies":"Gremlin Nob","floor":13,"turns":4},{"damage":0,"enemies":"Blue Slaver","floor":14,"turns":3},{"damage":10,"enemies":"The Guardian","floor":16,"turns":7},{"damage":9,"enemies":"3 Byrds","floor":18,"turns":4},{"damage":1,"enemies":"2 Thieves","floor":21,"turns":3},{"damage":2,"enemies":"Chosen and Byrds","floor":22,"turns":3},{"damage":1,"enemies":"Slavers","floor":24,"turns":3},{"damage":1,"enemies":"Gremlin Leader","floor":27,"turns":5},{"damage":16,"enemies":"Snake Plant","floor":28,"turns":3},{"damage":16,"enemies":"Slavers","floor":29,"turns":3},{"damage":0,"enemies":"3 Cultists","floor":31,"turns":3},{"damage":56,"enemies":"Automaton","floor":33,"turns":6}],"seed_played":"-7059421187431642026","potions_obtained":[{"floor":1,"key":"PowerPotion"},{"floor":11,"key":"SteroidPotion"},{"floor":13,"key":"Explosive Potion"},{"floor":16,"key":"Explosive Potion"},{"floor":18,"key":"DuplicationPotion"},{"floor":24,"key":"LiquidMemories"},{"floor":29,"key":"PowerPotion"},{"floor":31,"key":"EntropicBrew"}],"is_trial":false,"path_per_floor":["M","?","?","M","?","R","E","R","T","E","M","$","E","M","R","B",null,"M","?","?","M","M","R","E","R","T","E","M","E","$","M","R","B"],"character_chosen":"IRONCLAD","items_purchased":["Membership Card","Metallicize"],"campfire_rested":2,"item_purchase_floors":[30,30],"current_hp_per_floor":[62,62,55,51,51,51,36,36,36,16,15,15,4,4,26,16,60,51,51,51,50,48,48,47,47,47,46,30,14,14,14,36,0,0],"gold":223,"neow_bonus":"BOSS_RELIC","is_daily":false,"chose_seed":false,"campfire_upgraded":4,"win_rate":0.0,"timestamp":1610440472,"path_taken":["M","?","?","M","?","R","E","R","T","E","M","$","E","M","R","BOSS","M","?","?","M","M","R","E","R","T","E","M","E","$","M","R","BOSS"],"items_purchased_type":["Relic","Card"],"build_version":"2020-12-22","purchased_purges":2,"victory":false,"max_hp_per_floor":[75,75,75,75,75,75,75,75,75,75,75,75,75,75,75,75,75,75,75,75,75,75,75,75,75,75,75,75,75,75,75,75,75,75],"card_choices":[{"not_picked":["Intimidate","Sword Boomerang"],"picked":"Rampage","floor":1},{"not_picked":["Twin Strike","Flex","Blood for Blood"],"picked":"SKIP","floor":4},{"not_picked":["Heavy Blade","Dark Embrace"],"picked":"Juggernaut","floor":7},{"not_picked":["Armaments+1","Hemokinesis"],"picked":"Second Wind+1","floor":10},{"not_picked":["Heavy Blade","Armaments+1","Body Slam"],"picked":"SKIP","floor":11},{"not_picked":["Bloodletting+1","Exhume+1"],"picked":"Ghostly Armor+1","floor":13},{"not_picked":["Flex+1","Perfected Strike"],"picked":"Battle Trance+1","floor":14},{"not_picked":["Bludgeon","Limit Break+1"],"picked":"Juggernaut","floor":16},{"not_picked":["Searing Blow","Anger"],"picked":"Power Through+1","floor":18},{"not_picked":["Clothesline+1","Blood for Blood"],"picked":"Feel No Pain","floor":21},{"not_picked":["Clothesline","Thunderclap","Iron Wave"],"picked":"SKIP","floor":22},{"not_picked":["Bludgeon","Carnage","Inflame"],"picked":"SKIP","floor":24},{"not_picked":["True Grit+1","Dark Embrace"],"picked":"Shockwave+1","floor":27},{"not_picked":["True Grit+1","Havoc+1","Headbutt"],"picked":"SKIP","floor":28},{"not_picked":["Flex+1","Twin Strike","Headbutt+1"],"picked":"SKIP","floor":29},{"not_picked":["Perfected Strike","Dark Embrace","Body Slam"],"picked":"SKIP","floor":31}],"player_experience":1126494,"relics_obtained":[{"floor":7,"key":"Torii"},{"floor":9,"key":"Toxic Egg 2"},{"floor":10,"key":"Ginger"},{"floor":13,"key":"CeramicFish"},{"floor":24,"key":"Juzu Bracelet"},{"floor":27,"key":"Shuriken"},{"floor":29,"key":"Peace Pipe"}],"event_choices":[{"cards_removed":["Strike_R"],"damage_healed":0,"gold_gain":0,"player_choice":"Card Removal","damage_taken":0,"max_hp_gain":0,"max_hp_loss":0,"event_name":"The Cleric","floor":2,"gold_loss":75},{"cards_removed":["Strike_R"],"damage_healed":0,"gold_gain":0,"player_choice":"Card Removal","damage_taken":7,"max_hp_gain":0,"max_hp_loss":0,"event_name":"Golden Wing","floor":3,"gold_loss":0},{"cards_removed":["Strike_R"],"damage_healed":0,"gold_gain":0,"player_choice":"Forget","damage_taken":0,"max_hp_gain":0,"max_hp_loss":0,"event_name":"Living Wall","floor":5,"gold_loss":0},{"damage_healed":0,"gold_gain":0,"player_choice":"Ignored","damage_taken":0,"max_hp_gain":0,"max_hp_loss":0,"event_name":"Vampires","floor":19,"gold_loss":0},{"cards_removed":["Bash"],"damage_healed":0,"gold_gain":0,"player_choice":"Elegance","damage_taken":0,"max_hp_gain":0,"max_hp_loss":0,"event_name":"Back to Basics","floor":20,"gold_loss":0}],"is_beta":false,"boss_relics":[{"not_picked":["SacredBark","Pandora\u0027s Box"],"picked":"Runic Pyramid"}],"items_purged_floors":[12,30],"is_endless":false,"potions_floor_spawned":[1,11,13,16,18,24,29,31],"killed_by":"Automaton","ascension_level":15}}