{"host":"j4g6ia6asvpyu2b0","time":1610478654,"event":{"mods":["BaseMod","Colored Map","Minty Spire (QoL Compilation)","Permanent Neow","Quick Restart","Relic Stats","StSLib","Unceasing Turn Reminder"],"gold_per_floor":[113,113,123,137,149,149,149,149],"floor_reached":7,"language":"ENG","playtime":250,"items_purged":[],"score":67,"play_id":"27a82420-a44c-46c9-a594-bdc14d6ff02b","local_time":"20210112121054","is_ascension_mode":true,"campfire_choices":[{"data":"Zap","floor":6,"key":"SMITH"}],"circlet_count":0,"master_deck":["AscendersBane","Strike_B","Strike_B","Strike_B","Strike_B","Defend_B","Defend_B","Defend_B","Defend_B","Zap+1","Dualcast","Compile Driver","Self Repair","Ball Lightning","Coolheaded"],"relics":["Black Star"],"acts_visited":["Exordium"],"potions_floor_usage":[7],"damage_taken":[{"damage":15,"enemies":"Cultist","floor":1,"turns":5},{"damage":14,"enemies":"Small Slimes","floor":3,"turns":5},{"damage":4,"enemies":"2 Louse","floor":4,"turns":4},{"damage":20,"enemies":"Large Slime","floor":5,"turns":5},{"damage":29,"enemies":"3 Sentries","floor":7,"turns":4}],"seed_played":"-5960390933162927302","potions_obtained":[{"floor":1,"key":"CultistPotion"},{"floor":5,"key":"CultistPotion"}],"is_trial":false,"path_per_floor":["M","?","M","M","M","R","E"],"character_chosen":"DEFECT","items_purchased":[],"campfire_rested":0,"item_purchase_floors":[],"current_hp_per_floor":[53,46,32,35,22,22,0,0],"gold":149,"neow_bonus":"BOSS_RELIC","is_daily":false,"chose_seed":false,"campfire_upgraded":1,"win_rate":0.0,"timestamp":1610478654,"path_taken":["M","?","M","?","?","R","E"],"items_purchased_type":[],"build_version":"2020-12-22","purchased_purges":0,"victory":false,"max_hp_per_floor":[75,75,75,75,75,75,75,75],"relic_stats":{"counters":[5,23],"Black Star":0,"obtain_stats":[{"Black Star":0,"Cracked Core":0},{"Black Star":0,"Cracked Core":0},{"Black Star":0,"Cracked Core":0}]},"card_choices":[{"not_picked":["Auto Shields","Barrage"],"picked":"Compile Driver","floor":1},{"not_picked":["Recycle","Skim"],"picked":"Self Repair","floor":3},{"not_picked":["Turbo","Scrape"],"picked":"Ball Lightning","floor":4},{"not_picked":["Conserve Battery","Thunder Strike"],"picked":"Coolheaded","floor":5}],"player_experience":822162,"relics_obtained":[],"event_choices":[{"damage_healed":0,"gold_gain":0,"player_choice":"Damaged","damage_taken":7,"max_hp_gain":0,"max_hp_loss":0,"event_name":"Wheel of Change","floor":2,"gold_loss":0}],"is_beta":false,"boss_relics":[],"items_purged_floors":[],"is_endless":false,"potions_floor_spawned":[1,5],"killed_by":"3 Sentries","ascension_level":11}}