{"host":"g9y2ptialarrkhtq","time":1610448927,"event":{"mods":["BaseMod","Conspire","Dark Map","Minty Spire (QoL Compilation)","Replay The Spire","StSLib","≤–¡Ù÷ÆŒÔ"],"gold_per_floor":[113,132,149,163,175,206,206,216,239,239,264,264,278,178,178,283,283,301,311,311,42,59,59,86,98,134,156,202,214,35,51,51,148,148,160,160,173,186,236,236],"floor_reached":39,"playtime":2648,"items_purged":["Decay"],"score":611,"play_id":"d9678bef-e90a-4441-9595-5ba3f503b4f0","local_time":"20210112185527","is_ascension_mode":true,"campfire_choices":[{"data":"PlaceholderMod:BlastSpray","floor":7.0,"key":"SMITH"},{"floor":12.0,"key":"REST"},{"data":"PlaceholderMod:Crystallization","floor":15.0,"key":"SMITH"},{"floor":23.0,"key":"REST"},{"floor":25.0,"key":"REST"},{"data":"PlaceholderMod:FinalSpray","floor":32.0,"key":"SMITH"}],"circlet_count":0,"master_deck":["PlaceholderMod:BaseStrike","PlaceholderMod:BaseStrike","PlaceholderMod:BaseStrike","PlaceholderMod:BaseStrike","PlaceholderMod:BaseStrike","PlaceholderMod:BaseDefend","PlaceholderMod:BaseDefend","PlaceholderMod:BaseDefend","PlaceholderMod:BaseDefend","PlaceholderMod:BaseDefend","PlaceholderMod:Crystal","PlaceholderMod:PoisonWhip","PlaceholderMod:SpinBlade","PlaceholderMod:CrystallizationStrike","PlaceholderMod:AttackAsDefend","PlaceholderMod:ContinueSpray","PlaceholderMod:BlastSpray+1","PlaceholderMod:Crystallization+1","PlaceholderMod:NearChange","PlaceholderMod:ComplexForm","Ghostly","PlaceholderMod:FinalSpray","AbeCurse","PlaceholderMod:StressReaction+1","PlaceholderMod:NutritionAbsorb+1","PlaceholderMod:HighConcentration","PlaceholderMod:FinalSpray+1","Poisoned Strike","PlaceholderMod:PoisonExcitation+1","PlaceholderMod:SeverePoisonStrike","PlaceholderMod:ThreeBenzyolStart","Pot Of Greed","Pot Of Greed","Pot Of Greed","PlaceholderMod:Package+1","PlaceholderMod:FastReaction","PlaceholderMod:CycleAttack","PlaceholderMod:Activation","PlaceholderMod:SelectReaction","Pot Of Greed","PlaceholderMod:StressReaction+1","conspire:SpireCoStock","PlaceholderMod:Sweep+1","PlaceholderMod:PoisonExcitation","PlaceholderMod:Hyperplasia+1"],"relics":["Velvet Choker","InkBottle","Prayer Wheel","Abe\u0027s Treasure","MawBank","Grinning Jar","Pen Nib","SsserpentHead","Snack Pack","Black Star"],"acts_visited":["Exordium","TheCity","TheBeyond"],"potions_floor_usage":[35],"damage_taken":[{"damage":6.0,"enemies":"conspire:RoseBush","floor":1.0,"turns":2.0},{"damage":7.0,"enemies":"Small Slimes","floor":2.0,"turns":2.0},{"damage":0.0,"enemies":"Cultist","floor":3.0,"turns":3.0},{"damage":1.0,"enemies":"Looter","floor":4.0,"turns":3.0},{"damage":5.0,"enemies":"Exordium Thugs","floor":5.0,"turns":4.0},{"damage":5.0,"enemies":"3 Sentries","floor":6.0,"turns":7.0},{"damage":1.0,"enemies":"2 Fungi Beasts","floor":8.0,"turns":2.0},{"damage":29.0,"enemies":"Lagavulin","floor":11.0,"turns":5.0},{"damage":1.0,"enemies":"3 Louse","floor":13.0,"turns":3.0},{"damage":5.0,"enemies":"Fading Forest","floor":16.0,"turns":11.0},{"damage":17.0,"enemies":"Spheric Guardian","floor":18.0,"turns":4.0},{"damage":4.0,"enemies":"Shell Parasite","floor":19.0,"turns":3.0},{"damage":25.0,"enemies":"Centurion and Healer","floor":22.0,"turns":3.0},{"damage":18.0,"enemies":"Book of Stabbing","floor":24.0,"turns":5.0},{"damage":8.0,"enemies":"Chosen and Byrds","floor":27.0,"turns":3.0},{"damage":25.0,"enemies":"conspire:SneckoGhost","floor":28.0,"turns":4.0},{"damage":2.0,"enemies":"3 Cultists","floor":31.0,"turns":4.0},{"damage":0.0,"enemies":"Collector","floor":33.0,"turns":4.0},{"damage":2,"enemies":"Orb Walker","floor":35,"turns":2},{"damage":43,"enemies":"3 Shapes","floor":37,"turns":2},{"damage":21,"enemies":"Maw","floor":38,"turns":5},{"damage":27,"enemies":"Mind Bloom Boss Battle","floor":39,"turns":3}],"seed_played":"8274520716147699724","potions_obtained":[{"floor":3.0,"key":"DistilledChaos"},{"floor":6.0,"key":"Energy Potion"},{"floor":8.0,"key":"Swift Potion"},{"floor":13.0,"key":"Ancient Potion"},{"floor":22.0,"key":"AttackPotion"},{"floor":24.0,"key":"Venom Potion"},{"floor":33.0,"key":"Dexterity Potion"},{"floor":38,"key":"SpeedPotion"}],"is_trial":false,"path_per_floor":["M","M","M","M","M","E","R","M","T","?","E","R","M","?","R","B",null,"M","M","?","$","M","R","E","R","T","M","E","?","$","M","R","B",null,"M","?","M","M","?"],"character_chosen":"THE_PLACEHOLDER","items_purchased":["Poisoned Strike","Snack Pack"],"campfire_rested":3,"item_purchase_floors":[21,30],"current_hp_per_floor":[72,65,65,64,59,54,54,53,53,53,24,47,46,46,46,41,78,61,57,57,57,32,55,37,60,60,52,27,27,27,27,27,29,78,76,76,33,16,0,0],"gold":236,"neow_bonus":"BOSS_RELIC","is_daily":false,"chose_seed":false,"campfire_upgraded":3,"win_rate":0.0,"timestamp":1610448927,"path_taken":["M","M","M","M","M","E","R","M","T","?","E","R","M","?","R","BOSS","M","M","?","$","M","R","E","R","T","?","E","?","?","M","R","BOSS","M","?","M","M","?"],"items_purchased_type":["Card","Relic"],"build_version":"2020-12-22","purchased_purges":1,"victory":false,"max_hp_per_floor":[78,78,78,78,78,78,78,78,78,78,78,78,78,78,78,78,78,78,78,78,78,78,78,78,78,78,78,78,78,78,78,78,78,78,78,78,78,78,78,78],"card_choices":[{"not_picked":["PlaceholderMod:DirectingGroup","PlaceholderMod:HornyBlast"],"picked":"PlaceholderMod:SpinBlade","floor":1.0},{"not_picked":["PlaceholderMod:ParasiteChange","PlaceholderMod:SprayAttack"],"picked":"PlaceholderMod:CrystallizationStrike","floor":2.0},{"not_picked":["PlaceholderMod:ProliferateStrike","PlaceholderMod:HornyBlast"],"picked":"PlaceholderMod:AttackAsDefend","floor":3.0},{"not_picked":["PlaceholderMod:Stable","PlaceholderMod:DissolvingSpikes","PlaceholderMod:StrongAcid"],"picked":"SKIP","floor":4.0},{"not_picked":["PlaceholderMod:UnpureUse","PlaceholderMod:SprayAttack"],"picked":"PlaceholderMod:ContinueSpray","floor":5.0},{"not_picked":["PlaceholderMod:HardStrike","PlaceholderMod:DirectingGroup"],"picked":"PlaceholderMod:BlastSpray","floor":6.0},{"not_picked":["PlaceholderMod:SelectReaction","PlaceholderMod:DissolvingSpikes"],"picked":"PlaceholderMod:Crystallization","floor":8.0},{"not_picked":["PlaceholderMod:EnergyAbsorb","PlaceholderMod:CycleAttack","PlaceholderMod:PoisonExcitation"],"picked":"SKIP","floor":11.0},{"not_picked":["PlaceholderMod:ContinueSpray","PlaceholderMod:Polyp"],"picked":"PlaceholderMod:NearChange","floor":13.0},{"not_picked":["PlaceholderMod:DiffusionChemical","PlaceholderMod:HighConcentration"],"picked":"PlaceholderMod:ComplexForm","floor":13.0},{"not_picked":["PlaceholderMod:BlastSpray","PlaceholderMod:MultiReaction"],"picked":"PlaceholderMod:FinalSpray","floor":16.0},{"not_picked":["PlaceholderMod:SpinBlade+1","PlaceholderMod:Crystallization+1"],"picked":"PlaceholderMod:StressReaction+1","floor":18.0},{"not_picked":["PlaceholderMod:Polyp","PlaceholderMod:ProliferateStrike+1"],"picked":"PlaceholderMod:NutritionAbsorb+1","floor":18.0},{"not_picked":["PlaceholderMod:HardStrike","PlaceholderMod:DirectingGroup"],"picked":"PlaceholderMod:HighConcentration","floor":19.0},{"not_picked":["PlaceholderMod:SpinBlade","PlaceholderMod:ChainPoly","PlaceholderMod:SeverePoisonStrike"],"picked":"SKIP","floor":19.0},{"not_picked":["PlaceholderMod:ConsolidateHit","PlaceholderMod:Hyperplasia+1"],"picked":"PlaceholderMod:PoisonExcitation+1","floor":22.0},{"not_picked":["PlaceholderMod:Break","PlaceholderMod:PoisonExcitation"],"picked":"PlaceholderMod:SeverePoisonStrike","floor":22.0},{"not_picked":["PlaceholderMod:EnergyAbsorb","PlaceholderMod:ConsolidateHit"],"picked":"PlaceholderMod:ThreeBenzyolStart","floor":24.0},{"not_picked":["PlaceholderMod:Assimilation","PlaceholderMod:HardStinger"],"picked":"PlaceholderMod:Package+1","floor":27.0},{"not_picked":["PlaceholderMod:Turn+1","PlaceholderMod:DirectingGroup","PlaceholderMod:HighConcentration"],"picked":"SKIP","floor":27.0},{"not_picked":["PlaceholderMod:ConsolidateHit","PlaceholderMod:Corrosion"],"picked":"PlaceholderMod:FastReaction","floor":28.0},{"not_picked":["PlaceholderMod:ComplexForm+1","PlaceholderMod:SelectReaction"],"picked":"PlaceholderMod:CycleAttack","floor":31.0},{"not_picked":["PlaceholderMod:ConsolidateHit","PlaceholderMod:SprayAttack","PlaceholderMod:DissolvingSpikes"],"picked":"SKIP","floor":31.0},{"not_picked":["PlaceholderMod:MultiReaction","PlaceholderMod:HornyCollision"],"picked":"PlaceholderMod:Activation","floor":33.0},{"not_picked":["PlaceholderMod:HealingAttack","PlaceholderMod:ParasiteChange+1"],"picked":"PlaceholderMod:SelectReaction","floor":35},{"not_picked":["PlaceholderMod:EvolutionSpray","PlaceholderMod:NearChange+1"],"picked":"PlaceholderMod:StressReaction+1","floor":35},{"not_picked":["PlaceholderMod:ProliferateStrike+1","PlaceholderMod:SevereHeat+1"],"picked":"PlaceholderMod:Sweep+1","floor":37},{"not_picked":["PlaceholderMod:HardStinger","PlaceholderMod:EvolutionSpray+1"],"picked":"PlaceholderMod:PoisonExcitation","floor":37},{"not_picked":["PlaceholderMod:DissolvingSpikes","PlaceholderMod:SeverePoisonStrike"],"picked":"PlaceholderMod:Hyperplasia+1","floor":38},{"not_picked":["PlaceholderMod:Turn+1","PlaceholderMod:DirectingGroup","PlaceholderMod:SpinBlade"],"picked":"SKIP","floor":38}],"player_experience":118438,"relics_obtained":[{"floor":6.0,"key":"InkBottle"},{"floor":11.0,"key":"Prayer Wheel"},{"floor":24.0,"key":"MawBank"},{"floor":26.0,"key":"Grinning Jar"},{"floor":28.0,"key":"Pen Nib"}],"event_choices":[{"damage_healed":0.0,"max_hp_gain":0.0,"max_hp_loss":0.0,"gold_gain":0.0,"event_name":"conspire:LoneGhost","player_choice":"Argue","floor":14.0,"gold_loss":0.0,"damage_taken":0.0},{"damage_healed":0.0,"max_hp_gain":0.0,"max_hp_loss":0.0,"gold_gain":0.0,"event_name":"Duplicator","player_choice":"Copied","floor":20.0,"gold_loss":0.0,"damage_taken":0.0,"cards_obtained":["PlaceholderMod:FinalSpray"]},{"damage_healed":0.0,"max_hp_gain":0.0,"max_hp_loss":0.0,"gold_gain":0.0,"event_name":"FaceTrader","player_choice":"Trade","floor":29.0,"gold_loss":0.0,"damage_taken":0.0,"relics_obtained":["SsserpentHead"]},{"damage_healed":0,"gold_gain":0,"player_choice":"Invest 1","damage_taken":0,"max_hp_gain":0,"max_hp_loss":0,"event_name":"conspire:Investor","floor":36,"gold_loss":0},{"damage_healed":0,"gold_gain":0,"player_choice":"Fight","damage_taken":0,"max_hp_gain":0,"max_hp_loss":0,"event_name":"MindBloom","floor":39,"gold_loss":0}],"is_beta":false,"boss_relics":[{"not_picked":["Runic Dome","Calling Bell"],"picked":"Abe\u0027s Treasure"},{"not_picked":["ReplayTheSpireMod:DimensionalGlitch","conspire:SeveredTorchhead"],"picked":"Black Star"}],"items_purged_floors":[21],"is_endless":false,"potions_floor_spawned":[3,6,8,13,22,24,31,33,38],"killed_by":"Mind Bloom Boss Battle","ascension_level":2}}