{"host":"x205naxbihvu3p76","time":1610454918,"event":{"mods":["AchievementEnabler","BaseMod","Minty Spire (QoL Compilation)","StSLib","SuperFastMode"],"gold_per_floor":[113,127,127,139,153,153,169,182,182,107,107,137,156,156,156],"floor_reached":14,"playtime":196,"items_purged":[],"score":188,"play_id":"b11f2c48-cf7b-4cd5-9ca4-7c66bde2c2ec","local_time":"20210112213518","is_ascension_mode":true,"campfire_choices":[{"data":"Defragment","floor":6,"key":"SMITH"}],"circlet_count":0,"master_deck":["AscendersBane","Strike_B","Strike_B","Strike_B","Defend_B","Defend_B","Defend_B","Defend_B","Zap","Dualcast","Ball Lightning","Genetic Algorithm+1","Defragment+1","Ball Lightning","Leap"],"relics":["Cracked Core","Shuriken","Ancient Tea Set"],"acts_visited":["Exordium"],"potions_floor_usage":[5,12,14],"damage_taken":[{"damage":4.0,"enemies":"2 Louse","floor":1.0,"turns":3.0},{"damage":4.0,"enemies":"Small Slimes","floor":2.0,"turns":3.0},{"damage":6.0,"enemies":"Cultist","floor":4.0,"turns":4.0},{"damage":0,"enemies":"Gremlin Gang","floor":5,"turns":2},{"damage":4,"enemies":"Exordium Wildlife","floor":7,"turns":4},{"damage":4,"enemies":"Looter","floor":8,"turns":2},{"damage":25,"enemies":"Lagavulin","floor":12,"turns":5},{"damage":7,"enemies":"2 Fungi Beasts","floor":13,"turns":4},{"damage":11,"enemies":"3 Sentries","floor":14,"turns":2}],"seed_played":"-8187341560162630667","potions_obtained":[{"floor":1.0,"key":"Explosive Potion"},{"floor":2.0,"key":"PowerPotion"},{"floor":7,"key":"DuplicationPotion"}],"is_trial":false,"path_per_floor":["M","M","?","M","M","R","M","M","T","?","?","E","M","E"],"character_chosen":"DEFECT","items_purchased":[],"campfire_rested":0,"item_purchase_floors":[],"current_hp_per_floor":[60,56,56,50,50,50,46,42,42,42,42,17,10,0,0],"gold":156,"neow_bonus":"THREE_CARDS","is_daily":false,"chose_seed":false,"campfire_upgraded":1,"win_rate":0.0,"timestamp":1610454918,"path_taken":["M","M","?","M","M","R","M","M","T","?","?","E","M","E"],"items_purchased_type":[],"build_version":"2020-12-22","purchased_purges":0,"victory":false,"max_hp_per_floor":[71,71,71,71,71,71,71,71,71,71,71,71,71,71,71],"card_choices":[{"not_picked":["Compile Driver","Storm"],"picked":"Ball Lightning","floor":0.0},{"not_picked":["Melter","Hello World"],"picked":"Genetic Algorithm","floor":1.0},{"not_picked":["Go for the Eyes","Streamline"],"picked":"Defragment","floor":2.0},{"not_picked":["Lockon","Barrage","Recycle"],"picked":"SKIP","floor":4.0},{"not_picked":["Aggregate","Coolheaded","Leap"],"picked":"SKIP","floor":5},{"not_picked":["Redo","Static Discharge"],"picked":"Ball Lightning","floor":7},{"not_picked":["Ball Lightning","Turbo","Compile Driver"],"picked":"SKIP","floor":8},{"not_picked":["Force Field","Aggregate","Hologram"],"picked":"SKIP","floor":12},{"not_picked":["Meteor Strike","Static Discharge"],"picked":"Leap","floor":13}],"player_experience":971067,"relics_obtained":[{"floor":9,"key":"Shuriken"},{"floor":12,"key":"Ancient Tea Set"}],"event_choices":[{"damage_healed":0.0,"max_hp_gain":0.0,"max_hp_loss":0.0,"gold_gain":0.0,"event_name":"Shining Light","player_choice":"Ignored","floor":3.0,"gold_loss":0.0,"damage_taken":0.0},{"cards_removed":["Strike_B"],"damage_healed":0,"gold_gain":0,"player_choice":"Card Removal","damage_taken":0,"max_hp_gain":0,"max_hp_loss":0,"event_name":"The Cleric","floor":10,"gold_loss":75},{"damage_healed":0,"gold_gain":0,"player_choice":"Forge","damage_taken":0,"max_hp_gain":0,"max_hp_loss":0,"event_name":"Accursed Blacksmith","floor":11,"gold_loss":0,"cards_upgraded":["Genetic Algorithm"]}],"is_beta":false,"boss_relics":[],"items_purged_floors":[],"is_endless":false,"potions_floor_spawned":[1,2,7],"killed_by":"3 Sentries","ascension_level":20}}