{"host":"dbkc9h3etq50r1dq","time":1610432578,"event":{"mods":["AchievementEnabler","BaseMod","Block Reminder","Colored Powertips","Curses Come First","Custom Start","Dark Map","Minty Spire (QoL Compilation)","Permanent Neow","Potion Indicator Mod","Rare Cards Sparkle","StSLib","SuperFastMode"],"gold_per_floor":[118,129,129,129,140,140,175,100,100,114,176,196,196,46,46,143,143,154,79,97,22,22,22,22,56,56,56,81,180,197,197,197,307,307,332,341,341,114,130,130,139,161,161,188,217,237,250,310,310,310],"floor_reached":51,"playtime":2491,"items_purged":["Strike_G","Strike_G","Strike_G"],"score":940,"play_id":"e83e97a8-eecb-4045-ba9d-0daeb2e95711","local_time":"20210112142258","is_ascension_mode":true,"campfire_choices":[{"data":"Storm of Steel","floor":6.0,"key":"SMITH"},{"data":"Neutralize","floor":15.0,"key":"SMITH"},{"data":"Concentrate","floor":23.0,"key":"SMITH"},{"floor":27.0,"key":"REST"},{"data":"Heel Hook","floor":32.0,"key":"SMITH"},{"data":"Reflex","floor":40,"key":"SMITH"},{"data":"Infinite Blades","floor":49,"key":"SMITH"}],"circlet_count":0,"master_deck":["Strike_G","Defend_G","Defend_G","Survivor","Neutralize+1","Reflex+1","Storm of Steel+1","Tactician+1","Concentrate+1","Prepared+1","Venomology+1","Acrobatics+1","Prepared+1","Escape Plan+1","Heel Hook+1","Storm of Steel+1","Blade Dance+1","Impatience+1","Finesse+1","Infinite Blades+1","Dagger Spray","Escape Plan+1","Dodge and Roll+1","Backflip+1","Reflex+1","Sucker Punch+1"],"relics":["Ring of the Serpent","Gremlin Horn","Toy Ornithopter","Kunai","Toxic Egg 2","Bag of Preparation","Pantograph","CeramicFish","WristBlade","Mercury Hourglass","Pocketwatch"],"acts_visited":["Exordium","TheCity","TheBeyond"],"potions_floor_usage":[39,39,39,45,46,46,48,50,50,50],"damage_taken":[{"damage":0.0,"enemies":"2 Louse","floor":1.0,"turns":3.0},{"damage":4.0,"enemies":"Cultist","floor":2.0,"turns":5.0},{"damage":0.0,"enemies":"Small Slimes","floor":5.0,"turns":2.0},{"damage":0.0,"enemies":"Gremlin Nob","floor":7.0,"turns":2.0},{"damage":9.0,"enemies":"Blue Slaver","floor":10.0,"turns":3.0},{"damage":4.0,"enemies":"3 Sentries","floor":11.0,"turns":10.0},{"damage":1.0,"enemies":"2 Fungi Beasts","floor":12.0,"turns":5.0},{"damage":79.0,"enemies":"Hexaghost","floor":16.0,"turns":19.0},{"damage":0.0,"enemies":"Shell Parasite","floor":18.0,"turns":12.0},{"damage":0.0,"enemies":"3 Byrds","floor":20.0,"turns":2.0},{"damage":21.0,"enemies":"Slavers","floor":25.0,"turns":6.0},{"damage":0.0,"enemies":"Centurion and Healer","floor":30.0,"turns":5.0},{"damage":25.0,"enemies":"Collector","floor":33.0,"turns":9.0},{"damage":0.0,"enemies":"3 Shapes","floor":35.0,"turns":4.0},{"damage":0,"enemies":"3 Darklings","floor":39,"turns":1},{"damage":2,"enemies":"Jaw Worm Horde","floor":42,"turns":2},{"damage":0,"enemies":"Transient","floor":44,"turns":5},{"damage":0,"enemies":"Spire Growth","floor":45,"turns":3},{"damage":0,"enemies":"3 Darklings","floor":46,"turns":1},{"damage":0,"enemies":"Maw","floor":47,"turns":4},{"damage":10,"enemies":"2 Orb Walkers","floor":48,"turns":2},{"damage":19,"enemies":"Donu and Deca","floor":50,"turns":8}],"seed_played":"8929380341638225361","potions_obtained":[{"floor":0.0,"key":"SmokeBomb"},{"floor":0.0,"key":"CunningPotion"},{"floor":0.0,"key":"CunningPotion"},{"floor":1.0,"key":"EntropicBrew"},{"floor":2.0,"key":"Strength Potion"},{"floor":12.0,"key":"Energy Potion"},{"floor":16.0,"key":"BlessingOfTheForge"},{"floor":18.0,"key":"AttackPotion"},{"floor":33.0,"key":"Energy Potion"},{"floor":35.0,"key":"Strength Potion"},{"floor":45,"key":"Weak Potion"}],"is_trial":false,"path_per_floor":["M","M","?","?","M","R","E","$","T","M","?","M","?","$","R","B",null,"M","?","M","$","?","R","?","E","T","R","T","?","M","T","R","B",null,"M","?","?","$","M","R","?","M","T","M","M","M","M","?","R","B",null],"character_chosen":"THE_SILENT","items_purchased":["PowerPotion","Escape Plan+1","Finesse+1","Infinite Blades"],"campfire_rested":1,"item_purchase_floors":[14,21,38,38],"current_hp_per_floor":[63,59,56,56,56,56,56,56,56,47,53,52,52,52,52,1,53,58,58,70,70,70,70,57,46,46,68,68,68,68,68,68,50,69,69,69,69,69,75,75,75,73,73,73,75,75,75,65,65,56],"gold":310,"neow_bonus":"THREE_SMALL_POTIONS","is_daily":false,"chose_seed":false,"campfire_upgraded":6,"win_rate":0.0,"timestamp":1610432578,"path_taken":["M","M","?","?","?","R","E","$","T","M","?","M","?","$","R","BOSS","M","?","M","$","?","R","?","E","T","R","?","?","M","?","R","BOSS","M","?","?","$","M","R","?","?","T","M","M","M","M","?","R","BOSS"],"items_purchased_type":["Potion","Card","Card","Card"],"build_version":"2020-12-22","purchased_purges":3,"victory":true,"max_hp_per_floor":[70,70,70,70,70,70,70,70,70,70,70,70,70,70,70,70,70,70,70,70,70,70,70,75,75,75,75,75,75,75,75,75,75,75,75,75,75,75,75,75,75,75,75,75,75,75,75,75,75,75],"card_choices":[{"not_picked":["Acrobatics","Predator"],"picked":"Reflex","floor":1.0},{"not_picked":["Dodge and Roll","Deadly Poison"],"picked":"Storm of Steel","floor":2.0},{"not_picked":["Acrobatics","Deflect"],"picked":"Tactician","floor":5.0},{"not_picked":["Setup","Slice"],"picked":"Concentrate","floor":7.0},{"not_picked":["Dodge and Roll","Skewer","Flying Knee"],"picked":"SKIP","floor":10.0},{"not_picked":["Dagger Throw","Flechettes"],"picked":"Prepared+1","floor":12.0},{"not_picked":["Die Die Die","A Thousand Cuts"],"picked":"Venomology+1","floor":16.0},{"not_picked":["Riddle With Holes","Underhanded Strike"],"picked":"Acrobatics+1","floor":18.0},{"not_picked":["Crippling Poison+1","Endless Agony"],"picked":"Prepared+1","floor":20.0},{"not_picked":["Poisoned Stab","Quick Slash+1"],"picked":"Heel Hook","floor":25.0},{"not_picked":["Dagger Throw","PiercingWail+1","Slice"],"picked":"SKIP","floor":30.0},{"not_picked":["Glass Knife","Grand Finale"],"picked":"Storm of Steel+1","floor":33.0},{"not_picked":["Deflect+1","Dodge and Roll+1"],"picked":"Blade Dance+1","floor":35.0},{"not_picked":["HandOfGreed","Chrysalis+1"],"picked":"Impatience+1","floor":36},{"not_picked":["Deadly Poison+1","Bane+1","Dagger Throw+1"],"picked":"SKIP","floor":39},{"not_picked":["Outmaneuver+1","Blade Dance+1"],"picked":"Escape Plan+1","floor":42},{"not_picked":["Unload","Footwork"],"picked":"Dodge and Roll+1","floor":44},{"not_picked":["Escape Plan+1","Noxious Fumes+1"],"picked":"Backflip+1","floor":45},{"not_picked":["Blur+1","Flying Knee"],"picked":"Reflex+1","floor":46},{"not_picked":["Poisoned Stab+1","Infinite Blades","Outmaneuver+1"],"picked":"SKIP","floor":47},{"not_picked":["Flying Knee","Outmaneuver+1"],"picked":"Sucker Punch+1","floor":48}],"player_experience":134467,"relics_obtained":[{"floor":7.0,"key":"Toy Ornithopter"},{"floor":9.0,"key":"Kunai"},{"floor":11.0,"key":"Toxic Egg 2"},{"floor":25.0,"key":"Bag of Preparation"},{"floor":26.0,"key":"Pantograph"},{"floor":28.0,"key":"CeramicFish"},{"floor":43,"key":"Mercury Hourglass"},{"floor":48,"key":"Pocketwatch"}],"event_choices":[{"damage_healed":0.0,"max_hp_gain":0.0,"max_hp_loss":0.0,"gold_gain":0.0,"event_name":"Scrap Ooze","player_choice":"Success","floor":3.0,"gold_loss":0.0,"damage_taken":3.0,"relics_obtained":["Gremlin Horn"]},{"cards_removed":["Defend_G"],"damage_healed":0.0,"max_hp_gain":0.0,"max_hp_loss":0.0,"gold_gain":0.0,"event_name":"Purifier","player_choice":"Purged","floor":4.0,"gold_loss":0.0,"damage_taken":0.0},{"damage_healed":0.0,"max_hp_gain":0.0,"max_hp_loss":0.0,"gold_gain":0.0,"event_name":"Dead Adventurer","player_choice":"Searched \u00271\u0027 times","floor":11.0,"gold_loss":0.0,"damage_taken":0.0},{"damage_healed":0.0,"max_hp_gain":0.0,"max_hp_loss":0.0,"gold_gain":0.0,"event_name":"Living Wall","player_choice":"Grow","floor":13.0,"gold_loss":0.0,"damage_taken":0.0,"cards_upgraded":["Tactician"]},{"cards_removed":["Defend_G"],"damage_healed":0.0,"max_hp_gain":0.0,"max_hp_loss":0.0,"gold_gain":0.0,"event_name":"Beggar","player_choice":"Gave Gold","floor":19.0,"gold_loss":75.0,"damage_taken":0.0},{"cards_removed":["Defend_G"],"damage_healed":0.0,"max_hp_gain":0.0,"max_hp_loss":0.0,"gold_gain":0.0,"event_name":"Back to Basics","player_choice":"Elegance","floor":22.0,"gold_loss":0.0,"damage_taken":0.0},{"damage_healed":0.0,"max_hp_gain":5.0,"max_hp_loss":0.0,"gold_gain":0.0,"event_name":"Forgotten Altar","player_choice":"Shed Blood","floor":24.0,"gold_loss":0.0,"damage_taken":18.0},{"damage_healed":0.0,"max_hp_gain":0.0,"max_hp_loss":0.0,"gold_gain":99.0,"event_name":"Nest","player_choice":"Stole From Cult","floor":29.0,"gold_loss":0.0,"damage_taken":0.0},{"damage_healed":0,"gold_gain":0,"player_choice":"Memory 1","damage_taken":0,"max_hp_gain":0,"max_hp_loss":0,"event_name":"SensoryStone","floor":36,"gold_loss":0},{"damage_healed":0,"gold_gain":0,"player_choice":"Ignored","damage_taken":0,"max_hp_gain":0,"max_hp_loss":0,"event_name":"Tomb of Lord Red Mask","floor":37,"gold_loss":0},{"damage_healed":0,"gold_gain":0,"cards_transformed":["Strike_G"],"player_choice":"Transformed","damage_taken":0,"max_hp_gain":0,"max_hp_loss":0,"event_name":"Transmorgrifier","floor":41,"gold_loss":0,"cards_obtained":["Dagger Spray"]},{"damage_healed":0,"gold_gain":0,"player_choice":"Fight","damage_taken":0,"max_hp_gain":0,"max_hp_loss":0,"event_name":"Mysterious Sphere","floor":48,"gold_loss":0}],"is_beta":false,"boss_relics":[{"not_picked":["Black Star","SacredBark"],"picked":"Ring of the Serpent"},{"not_picked":["SlaversCollar","Runic Pyramid"],"picked":"WristBlade"}],"items_purged_floors":[8,14,38],"is_endless":false,"potions_floor_spawned":[1,2,12,16,18,33,35,45,47],"ascension_level":6}}