{"host":"k4v81cw6j0eb8mtc","time":1610446127,"event":{"mods":["BaseMod","Duelist Mod","GifTheSpireLib","Minty Spire (QoL Compilation)","Replay The Spire","StSLib"],"gold_per_floor":[142,212,66,66,85,85,120,120,171,206,219,219,65,65,65,162,162,177,190,41,58,69,69,102,102,128,128,128,128,162,194,228,245,245,348,348,366,366,384,441,457,488,488,516,516,536,129,129,129,129,129,129,129,129,76,103,103],"floor_reached":58,"playtime":2399,"items_purged":[],"score":1459,"play_id":"33221047-2407-4ab1-9164-e64befb9cac6","local_time":"20210112050847","is_ascension_mode":false,"campfire_choices":[{"data":"theDuelist:Sparks","floor":6,"key":"SMITH"},{"data":"theDuelist:SilentDoom+1","floor":8,"key":"SMITH"},{"data":"theDuelist:HappyLover","floor":12,"key":"SMITH"},{"data":"theDuelist:Sparks","floor":23,"key":"SMITH"},{"data":"theDuelist:Sparks","floor":25,"key":"SMITH"},{"data":"theDuelist:Sparks","floor":29,"key":"SMITH"},{"data":"theDuelist:HappyLover","floor":34,"key":"SMITH"},{"floor":43,"key":"RECALL"},{"floor":51,"key":"REST"},{"data":"theDuelist:GridRod","floor":54,"key":"SMITH"}],"circlet_count":0,"master_deck":["theDuelist:HappyLover","theDuelist:BeaverWarrior","theDuelist:FusionWeapon","theDuelist:MillenniumGolem+1","theDuelist:Tuningware+1","theDuelist:GiantSoldier","theDuelist:HappyLover+1","theDuelist:RainbowNeos+1","theDuelist:CastleWalls","theDuelist:Raigeki","theDuelist:HappyLover+1","theDuelist:FinalFlame","theDuelist:WeepingIdol+1","theDuelist:ForbiddenLance","theDuelist:DeltaMagnet","theDuelist:BeaverWarrior","theDuelist:RainbowKuriboh+1","theDuelist:CastleWalls","theDuelist:BreakDraw","theDuelist:Sparks","theDuelist:PsychicShockwave+1","theDuelist:WhiteNinja+1","theDuelist:GridRod+1","theDuelist:Sparks","theDuelist:MagnumShield","theDuelist:HappyLover+1","theDuelist:FluteKuriboh","theDuelist:MeteorDestruction","theDuelist:FrontierWiseman","theDuelist:GiantSoldier","theDuelist:SilentDoom+3","theDuelist:HappyLover+1","theDuelist:MagicalStone+1","theDuelist:MagicalStone","theDuelist:BattleFootballer"],"relics":["theDuelist:MillenniumPuzzle","theDuelist:CardPoolRelic","theDuelist:CardPoolBasicRelic","theDuelist:BoosterPackPoolRelic","theDuelist:CardPoolAddRelic","theDuelist:CardPoolMinusRelic","theDuelist:CardPoolSaveRelic","theDuelist:CardPoolOptionsRelic","NeowsBlessing","Simple Rune","ReplayTheSpireMod:Spearhead","Snake Skull","Bag of Preparation","Oddly Smooth Stone","Velvet Choker","Garlic","Ancient Tea Set","Whetstone","Red Mask","ChewingGum","Nunchaku","Juzu Bracelet","King of Hearts","Iron Hammer","Gremlin Food","Onion Ring","ReplayTheSpireMod:Lightbulb"],"acts_visited":["Exordium","TheCity","TheBeyond","TheEnding"],"potions_floor_usage":[10,10,16,32,32,32,37,41,42,42,42,46],"damage_taken":[{"damage":0,"enemies":"Small Slimes","floor":1,"turns":1},{"damage":0,"enemies":"2 Louse","floor":5,"turns":1},{"damage":0,"enemies":"3 Sentries","floor":7,"turns":1},{"damage":0,"enemies":"Gremlin Nob","floor":10,"turns":3},{"damage":0,"enemies":"Cultist","floor":11,"turns":1},{"damage":0,"enemies":"The Guardian","floor":16,"turns":12},{"damage":0,"enemies":"Chosen","floor":18,"turns":7},{"damage":0,"enemies":"Shell Parasite","floor":19,"turns":4},{"damage":0,"enemies":"Snake Plant","floor":21,"turns":4},{"damage":0,"enemies":"Snecko","floor":22,"turns":6},{"damage":0,"enemies":"theDuelist:KaibaA2","floor":24,"turns":4},{"damage":4,"enemies":"Book of Stabbing","floor":30,"turns":5},{"damage":0,"enemies":"Masked Bandits","floor":32,"turns":4},{"damage":0,"enemies":"Centurion and Healer","floor":33,"turns":4},{"damage":18,"enemies":"Collector","floor":35,"turns":10},{"damage":0,"enemies":"3 Darklings","floor":37,"turns":5},{"damage":0,"enemies":"3 Shapes","floor":39,"turns":3},{"damage":0,"enemies":"Sphere and 2 Shapes","floor":41,"turns":4},{"damage":14,"enemies":"Reptomancer","floor":42,"turns":6},{"damage":5,"enemies":"Giant Head","floor":44,"turns":7},{"damage":0,"enemies":"4 Shapes","floor":46,"turns":2},{"damage":50,"enemies":"Time Eater","floor":52,"turns":16},{"damage":10,"enemies":"Shield and Spear","floor":56,"turns":6},{"damage":25,"enemies":"The Heart","floor":57,"turns":11}],"seed_played":"1251966477027469560","potions_obtained":[{"floor":1,"key":"Energy Potion"},{"floor":4,"key":"LifebloodPotion"},{"floor":4,"key":"theDuelist:VampireVial"},{"floor":10,"key":"theDuelist:FusionPotion"},{"floor":18,"key":"Venom Potion"},{"floor":21,"key":"theDuelist:DebuffFuryPotion"},{"floor":35,"key":"PowerPotion"},{"floor":39,"key":"theDuelist:VampireVial"},{"floor":40,"key":"Elixir"},{"floor":40,"key":"theDuelist:BigTributeBottle"},{"floor":41,"key":"Weak Potion"},{"floor":44,"key":"theDuelist:FireBottle"}],"is_trial":false,"path_per_floor":["M","?","$","?","M","R","E","R","T","E","M","R","$","?","R","B",null,"M","M","$","M","M","R","E","R","T","PTL","PTL","R","E","?","?","M","R","B",null,"M","?","M","?","M","E","R","E","T","M","$","?","?","?","R","B",null,"R","$","E","B",null],"character_chosen":"THE_DUELIST","items_purchased":["Simple Rune","Oddly Smooth Stone","theDuelist:GridRod","Iron Hammer","Gremlin Food","theDuelist:FluteKuriboh"],"campfire_rested":1,"item_purchase_floors":[3,13,20,47,47,55],"current_hp_per_floor":[80,80,80,80,80,80,80,80,80,80,80,80,80,80,80,80,80,80,80,80,80,80,80,80,80,80,80,80,80,76,76,76,76,76,58,80,80,80,80,48,48,34,34,29,29,29,29,29,29,29,53,3,80,80,80,70,45],"gold":103,"neow_bonus":"THREE_ENEMY_KILL","is_daily":false,"chose_seed":false,"campfire_upgraded":8,"win_rate":0.0,"timestamp":1610446127,"path_taken":["M","?","$","?","?","R","E","R","T","E","M","R","$","?","R","BOSS","M","M","$","M","M","R","E","R","T","PTL","PTL","R","E","?","?","M","R","BOSS","M","?","M","?","M","E","R","E","T","M","$","?","?","?","R","BOSS","R","$","E","BOSS"],"items_purchased_type":["Relic","Relic","Card","Relic","Relic","Card"],"build_version":"2020-12-22","purchased_purges":0,"victory":true,"max_hp_per_floor":[80,80,80,80,80,80,80,80,80,80,80,80,80,80,80,80,80,80,80,80,80,80,80,80,80,80,80,80,80,80,80,80,80,80,80,80,80,80,80,80,80,80,80,80,80,80,80,80,80,80,80,80,80,80,80,80,80],"card_choices":[{"not_picked":["theDuelist:SpellShatteringArrow","theDuelist:BigFire","theDuelist:StarBlast","theDuelist:SangaEarth"],"picked":"theDuelist:BreakDraw","floor":1},{"not_picked":["theDuelist:DoubleTool","theDuelist:SpiritHarp","theDuelist:FairyBox","theDuelist:Sangan"],"picked":"theDuelist:Tuningware","floor":5},{"not_picked":["theDuelist:LegendarySword+1","theDuelist:DoubleTool+1","theDuelist:CoreBlaster+1","theDuelist:AncientGearFist+1"],"picked":"theDuelist:SilentDoom+1","floor":7},{"not_picked":["theDuelist:DoubleTool","theDuelist:CoreBlaster","theDuelist:MagnumShield","theDuelist:EgoBoost"],"picked":"theDuelist:BattleFootballer","floor":10},{"not_picked":["theDuelist:RainbowNeos","theDuelist:KamionTimelord","theDuelist:Eva","theDuelist:PotForbidden"],"picked":"theDuelist:HappyLover","floor":11},{"not_picked":["theDuelist:RainbowNeos","theDuelist:Eva","theDuelist:RainbowKuriboh","theDuelist:RainbowOverdragon"],"picked":"theDuelist:HappyLover","floor":16},{"not_picked":["theDuelist:Mudora","theDuelist:EarthquakeGiant","theDuelist:RedMedicine+1","theDuelist:HeavyStorm"],"picked":"theDuelist:MagicalStone+1","floor":18},{"not_picked":["theDuelist:CoreBlaster","theDuelist:CombinationAttack","theDuelist:BigFire","theDuelist:FuryFire+1"],"picked":"theDuelist:RainbowNeos","floor":19},{"not_picked":["theDuelist:ClearKuriboh","theDuelist:FuryFire","theDuelist:WormWarlord","theDuelist:SolemnStrike"],"picked":"theDuelist:MillenniumGolem","floor":21},{"not_picked":["theDuelist:Hinotama","theDuelist:GravityBlaster","theDuelist:Invigoration+1","theDuelist:SpiralSpearStrike"],"picked":"theDuelist:MagicalStone","floor":22},{"not_picked":["theDuelist:InfernoFireBlast","theDuelist:BreakDraw","theDuelist:LegendHeart+1","theDuelist:StarBlast+1"],"picked":"theDuelist:MagnumShield","floor":24},{"not_picked":["theDuelist:SpellShatteringArrow","theDuelist:CircleFireKings","theDuelist:ChaosSeed","theDuelist:BerserkerCrush"],"picked":"theDuelist:FusionWeapon","floor":30},{"not_picked":["theDuelist:BlueBloodedOni","theDuelist:PurplePainOni","theDuelist:RainbowOverdragon","theDuelist:RedHeadedOni"],"picked":"theDuelist:HappyLover","floor":32},{"not_picked":["theDuelist:BattleguardKing","theDuelist:Fissure","theDuelist:MudGolem","theDuelist:Mathematician+1"],"picked":"theDuelist:Raigeki","floor":33},{"not_picked":["theDuelist:RainbowNeos+1","theDuelist:KamionTimelord","theDuelist:HappyLover","theDuelist:Eva"],"picked":"theDuelist:RainbowKuriboh+1","floor":35},{"not_picked":["theDuelist:RainbowOverdragon+1","theDuelist:ScrapFactory+1","theDuelist:DianKeto+1","theDuelist:FuryFire+2"],"picked":"theDuelist:WeepingIdol+1","floor":37},{"not_picked":["theDuelist:KamionTimelord+1","theDuelist:Eva+1","theDuelist:RainbowKuriboh+1","theDuelist:RainbowOverdragon"],"picked":"theDuelist:HappyLover","floor":39},{"not_picked":["theDuelist:AncientGearFist+1","theDuelist:ScrapFactory+1","theDuelist:CrystalRaigeki","theDuelist:ImperialOrder"],"picked":"theDuelist:FrontierWiseman","floor":40},{"not_picked":["theDuelist:Wiretap+2","theDuelist:WhiteHowling+1","theDuelist:ImperialOrder+1","theDuelist:Graverobber+1"],"picked":"theDuelist:PsychicShockwave+1","floor":41},{"not_picked":["theDuelist:MythicalBeast","theDuelist:Wiretap","theDuelist:DeltaAttacker+1","theDuelist:PotDuality+1"],"picked":"theDuelist:WhiteNinja+1","floor":42},{"not_picked":["theDuelist:SpellShatteringArrow+1","theDuelist:Hinotama","theDuelist:DoubleTool","theDuelist:CoreBlaster+2"],"picked":"theDuelist:MeteorDestruction","floor":44},{"not_picked":["theDuelist:PineappleBlast+1","theDuelist:Mathematician+1"],"picked":"theDuelist:ForbiddenLance","floor":46},{"not_picked":["theDuelist:RainbowKuriboh+1","theDuelist:DeltaMagnet+1","theDuelist:WhiteNinja+1","theDuelist:BlueBloodedOni+1"],"picked":"theDuelist:HappyLover+1","floor":56}],"player_experience":225148,"relics_obtained":[{"floor":7,"key":"ReplayTheSpireMod:Spearhead"},{"floor":9,"key":"Snake Skull"},{"floor":10,"key":"Bag of Preparation"},{"floor":24,"key":"Garlic"},{"floor":26,"key":"Ancient Tea Set"},{"floor":30,"key":"Whetstone"},{"floor":32,"key":"Red Mask"},{"floor":40,"key":"Nunchaku"},{"floor":42,"key":"Juzu Bracelet"},{"floor":44,"key":"King of Hearts"},{"floor":48,"key":"Onion Ring"},{"floor":56,"key":"ReplayTheSpireMod:Lightbulb"}],"event_choices":[{"damage_healed":0,"gold_gain":70,"player_choice":"Gained Gold","damage_taken":0,"max_hp_gain":0,"max_hp_loss":0,"event_name":"Golden Wing","floor":2,"gold_loss":0},{"damage_healed":0,"gold_gain":0,"player_choice":"Got Potions","damage_taken":0,"max_hp_gain":0,"max_hp_loss":0,"event_name":"Lab","floor":4,"gold_loss":0},{"damage_healed":0,"gold_gain":0,"player_choice":"Upgraded","damage_taken":0,"max_hp_gain":0,"max_hp_loss":0,"event_name":"Upgrade Shrine","floor":14,"gold_loss":0,"cards_upgraded":["theDuelist:Tuningware"]},{"damage_healed":0,"gold_gain":0,"player_choice":"Sold Scrap Factory for 32 Gold.","duelist":true,"damage_taken":0,"max_hp_gain":0,"max_hp_loss":0,"event_name":"Card Trader","floor":31,"gold_loss":0},{"damage_healed":0,"gold_gain":0,"player_choice":"Fought Bandits","damage_taken":0,"max_hp_gain":0,"max_hp_loss":0,"event_name":"Masked Bandits","floor":32,"gold_loss":0},{"damage_healed":0,"gold_gain":0,"player_choice":"Delta Electro","duelist":true,"damage_taken":0,"max_hp_gain":0,"max_hp_loss":0,"event_name":"Egyptian Village","floor":38,"gold_loss":0,"cards_obtained":["Delta Electromagnet Warrior"]},{"damage_healed":0,"gold_gain":0,"player_choice":"Relic","damage_taken":0,"max_hp_gain":0,"max_hp_loss":0,"event_name":"Wheel of Change","floor":48,"gold_loss":0},{"damage_healed":0,"gold_gain":0,"player_choice":"Leave","duelist":true,"damage_taken":0,"max_hp_gain":0,"max_hp_loss":0,"event_name":"Relic Duplicator","floor":49,"gold_loss":0},{"damage_healed":0,"gold_gain":0,"player_choice":"Leave","duelist":true,"damage_taken":0,"max_hp_gain":0,"max_hp_loss":0,"event_name":"Battle City","floor":50,"gold_loss":0}],"is_beta":false,"boss_relics":[{"not_picked":["Busted Crown","Ring of Chaos"],"picked":"Velvet Choker"},{"not_picked":["theDuelist:ElectricKey","theDuelist:HauntedRelic"],"picked":"ChewingGum"}],"items_purged_floors":[],"is_endless":false,"potions_floor_spawned":[1,7,10,18,21,24,35,39,41,44],"ascension_level":0}}