{"host":"rdkrwszfl07lpbj9","time":1610489636,"event":{"mods":["Act Like it!","Aspiration","BaseMod","Beaked The Cultist","Colored Powertips","Downfall","Friendly Minions","Hermit","Infinite Spire","Minty Spire (QoL Compilation)","Replay The Spire","StSLib","The Construct","The Elementalist","The Hierophant","The Jungle","The Marked","The Runesmith"],"gold_per_floor":[99,109,109,124,144,160,160,175,175,85,112,212,212,60,79,181,181,181,198,210,210,210,225,225,245,245,261,21,46,46,56,76,176,176,176,189,189,189,189,189,189,199,199,245,280,280,295,295,313,313,313],"floor_reached":50,"language":"ENG","playtime":3992,"items_purged":["elementalist:Airstrike","elementalist:Strike+Elemblue","elementalist:Firestrike","elementalist:Defend_Elemblue"],"score":646,"play_id":"87a8e402-9b54-45e0-aaac-2200bc3ea338","local_time":"20210112141356","is_ascension_mode":true,"campfire_choices":[{"data":"elementalist:Defend_Elemblue","floor":1,"key":"PURGE"},{"floor":13,"key":"REST"},{"data":"elementalist:Defend_Elemblue","floor":18,"key":"PURGE"},{"floor":30,"key":"REST"},{"data":"elementalist:Kiln","floor":35,"key":"SMITH"},{"floor":43,"key":"REST"},{"data":"elementalist:Flame","floor":46,"key":"SMITH"}],"circlet_count":0,"master_deck":["elementalist:Fire_Emblem","elementalist:Fire_Emblem","elementalist:Earth_Emblem","elementalist:Earth_Emblem","elementalist:Fire_Emblem","elementalist:Defend_Elemblue+1","elementalist:Earthstrike","elementalist:Crystal_Chalk","elementalist:Flame","elementalist:Magma_Shot+1","elementalist:Cauterize","elementalist:Solar_Form","elementalist:Flame+1","elementalist:Emberveil","elementalist:Emberveil+1","elementalist:Kiln+1","elementalist:Emberveil","elementalist:Caution+1","elementalist:Flame+1","elementalist:Emberveil+1","elementalist:Emberveil+1","elementalist:Kiln+1","elementalist:Momentum","elementalist:Fire_Emblem","Parasite"],"relics":["elementalistmod:MagusStaff","elementalistmod:RedRibbon","elementalistmod:RedRibbon","Lizard Tail","aspiration:TomeofQuesting","construct:ClawGrip","Enchiridion","Orichalcum","BargainBundle","Art of War","Cursed Key","Guide Book","Ancient Tea Set"],"acts_visited":["Exordium","TheCity","TheBeyond"],"potions_floor_usage":[11,16,29,29,50,50],"damage_taken":[{"damage":3,"enemies":"Cultist","floor":2,"turns":5},{"damage":0,"enemies":"Small Slimes","floor":4,"turns":3},{"damage":1,"enemies":"2 Louse","floor":5,"turns":3},{"damage":13,"enemies":"Red Slaver","floor":6,"turns":3},{"damage":0,"enemies":"Exordium Wildlife","floor":8,"turns":3},{"damage":0,"enemies":"downfall:FleeingMerchant","floor":10,"turns":4},{"damage":10,"enemies":"Gremlin Nob","floor":11,"turns":3},{"damage":7,"enemies":"downfall:FleeingMerchant","floor":14,"turns":4},{"damage":4,"enemies":"2 Fungi Beasts","floor":15,"turns":4},{"damage":27,"enemies":"downfall:Watcher","floor":16,"turns":9},{"damage":6,"enemies":"Shell Parasite","floor":19,"turns":4},{"damage":17,"enemies":"Sentry and Sphere","floor":20,"turns":5},{"damage":4,"enemies":"Snake Plant","floor":23,"turns":5},{"damage":4,"enemies":"Snecko","floor":25,"turns":6},{"damage":0,"enemies":"3 Cultists","floor":27,"turns":5},{"damage":7,"enemies":"downfall:FleeingMerchant","floor":28,"turns":4},{"damage":45,"enemies":"Slavers","floor":29,"turns":8},{"damage":3,"enemies":"Snake Plant","floor":31,"turns":4},{"damage":0,"enemies":"Centurion and Healer","floor":32,"turns":6},{"damage":0,"enemies":"downfall:Defect","floor":33,"turns":9},{"damage":9,"enemies":"Orb Walker","floor":36,"turns":5},{"damage":6,"enemies":"3 Darklings","floor":42,"turns":10},{"damage":3,"enemies":"downfall:FleeingMerchant","floor":44,"turns":4},{"damage":4,"enemies":"beaked:SuperParasite","floor":45,"turns":7},{"damage":1,"enemies":"Spire Growth","floor":47,"turns":6},{"damage":0,"enemies":"Writhing Mass","floor":49,"turns":6},{"damage":88,"enemies":"downfall:Silent","floor":50,"turns":5}],"seed_played":"7390933845224747719","potions_obtained":[{"floor":5,"key":"Fire Potion"},{"floor":8,"key":"Explosive Potion"},{"floor":15,"key":"FearPotion"},{"floor":16,"key":"Strength Potion"},{"floor":23,"key":"hexamod:EctoCoolerPotion"},{"floor":25,"key":"SkillPotion"},{"floor":27,"key":"LifebloodPotion"},{"floor":29,"key":"FearPotion"},{"floor":32,"key":"sneckomod:MuddlingPotion"},{"floor":45,"key":"Dexterity Potion"}],"is_trial":false,"path_per_floor":["R","M","?","M","M","M","T","M","R","$","E","?","R","$","M","B",null,"R","M","M","?","?","M","T","M","?","M","$","E","R","M","M","B",null,"R","M","?","?","?","?","T","M","R","$","E","R","M","T","M","B"],"character_chosen":"THE_ELEMENTALIST","items_purchased":["elementalist:Emberveil+1","BargainBundle","elementalist:Aetheric_Shield","Guide Book"],"campfire_rested":3,"item_purchase_floors":[14,28,28,44],"current_hp_per_floor":[49,46,46,46,45,32,32,32,32,32,22,22,43,36,32,5,70,70,64,47,31,23,19,19,15,15,15,8,15,36,33,33,33,70,70,61,61,61,45,45,45,39,60,57,53,53,52,52,52,0,0],"gold":313,"neow_bonus":"REMOVE_TWO","is_daily":false,"chose_seed":false,"campfire_upgraded":2,"win_rate":0.0,"timestamp":1610489636,"path_taken":["R","M","?","M","M","?","T","M","R","$","E","?","R","?","M","BOSS","R","M","M","?","?","?","T","M","?","M","?","E","R","M","M","BOSS","R","M","?","?","?","?","T","M","R","$","E","R","M","?","M","BOSS"],"items_purchased_type":["Card","Relic","Card","Relic"],"build_version":"2020-12-22","purchased_purges":4,"victory":false,"max_hp_per_floor":[70,70,70,70,70,70,70,70,70,70,70,70,70,70,70,70,70,70,70,70,70,70,70,70,70,70,70,70,70,70,70,70,70,70,70,70,70,70,70,70,70,70,70,70,70,70,70,70,70,70,70],"card_choices":[{"not_picked":["elementalist:Pressurize","elementalist:Momentum"],"picked":"elementalist:Flame","floor":2},{"not_picked":["elementalist:Geomancy","elementalist:Fission_Lance"],"picked":"elementalist:Magma_Shot","floor":4},{"not_picked":["elementalist:Aegis","elementalist:Monument"],"picked":"elementalist:Cauterize","floor":5},{"not_picked":["elementalist:Etherstrike","elementalist:Emberveil"],"picked":"elementalist:Solar_Form","floor":6},{"not_picked":["elementalist:Confluence","elementalist:Reckless_Dance"],"picked":"elementalist:Flame","floor":8},{"not_picked":["elementalist:Breeze","elementalist:Pressurize","elementalist:Accelerant"],"picked":"SKIP","floor":10},{"not_picked":["elementalist:Emberveil","elementalist:Cauterize","elementalist:Cyclone"],"picked":"SKIP","floor":11},{"not_picked":["elementalist:Fission_Lance","elementalist:Aetheric_Shield"],"picked":"elementalist:Emberveil","floor":14},{"not_picked":["elementalist:Emberveil","elementalist:Flame"],"picked":"elementalist:Blaze","floor":15},{"not_picked":["elementalist:Ferruchemy","elementalist:Tsunami"],"picked":"elementalist:Kiln","floor":16},{"not_picked":["elementalist:Spout","elementalist:Prepared_Sand","elementalist:Ignition+1"],"picked":"SKIP","floor":19},{"not_picked":["elementalist:Magma_Shot","elementalist:Overheat"],"picked":"elementalist:Emberveil","floor":20},{"not_picked":["elementalist:Flame","elementalist:Momentum","elementalist:Spout"],"picked":"SKIP","floor":23},{"not_picked":["elementalist:Emberveil+1","elementalist:Ignition"],"picked":"elementalist:Caution+1","floor":25},{"not_picked":["elementalist:Spout","elementalist:Magma_Shot","elementalist:Fission_Lance"],"picked":"SKIP","floor":27},{"not_picked":["elementalist:Solar_Form","elementalist:Emberveil"],"picked":"elementalist:Flame+1","floor":28},{"not_picked":["elementalist:Etherstrike","elementalist:Ignition","elementalist:Magma_Shot"],"picked":"SKIP","floor":29},{"not_picked":["elementalist:Momentum","elementalist:Mage_Hand"],"picked":"elementalist:Emberveil+1","floor":31},{"not_picked":["elementalist:Flame+1","elementalist:Spark"],"picked":"elementalist:Emberveil+1","floor":32},{"not_picked":["elementalist:Inferno","elementalist:Burning_Soul"],"picked":"elementalist:Kiln","floor":33},{"not_picked":["elementalist:Flame+1","elementalist:Cauterize+1","elementalist:Prepared_Sand"],"picked":"SKIP","floor":36},{"not_picked":["elementalist:Mist","elementalist:Flame","elementalist:Magma_Shot"],"picked":"SKIP","floor":42},{"not_picked":["elementalist:Vaccuum","elementalist:Mirror_Circlet","elementalist:Quadmire"],"picked":"SKIP","floor":44},{"not_picked":["elementalist:Aegis","elementalist:Rising_Tides+1","elementalist:Reckless_Dance"],"picked":"SKIP","floor":45},{"not_picked":["elementalist:Etherstrike","elementalist:Undertow+1","elementalist:Low_Tides"],"picked":"SKIP","floor":47},{"not_picked":["elementalist:Spark+1","elementalist:Blaze","elementalist:Stone_to_Mud"],"picked":"SKIP","floor":49}],"player_experience":1011594,"relics_obtained":[{"floor":7,"key":"Lizard Tail"},{"floor":11,"key":"aspiration:TomeofQuesting"},{"floor":21,"key":"Enchiridion"},{"floor":24,"key":"Orichalcum"},{"floor":29,"key":"Art of War"},{"floor":45,"key":"Ancient Tea Set"}],"event_choices":[{"cards_removed":["elementalist:Aetheric_Shield"],"damage_healed":0,"gold_gain":0,"player_choice":"Removed Power","damage_taken":0,"max_hp_gain":0,"max_hp_loss":0,"event_name":"Falling","floor":40,"gold_loss":0}],"is_beta":false,"boss_relics":[{"not_picked":["Painkiller Herb","aspiration:SilentSkillbook"],"picked":"construct:ClawGrip"},{"not_picked":["aspiration:BeakedSkillbook","ReplayTheSpireMod:DimensionalGlitch"],"picked":"Cursed Key"}],"items_purged_floors":[10,14,28,44],"is_endless":false,"potions_floor_spawned":[5,8,15,16,23,25,27,29,32,33,45,47],"killed_by":"downfall:Silent","ascension_level":1}}