{"host":"ec2wu4mdnvke243f","time":1610454871,"event":{"mods":["2.2 Compatiblity","AchievementEnabler","BaseMod","Defuse TimeMaze Blight","Downfall","Hermit","Infinite Spire","Minty Spire (QoL Compilation)","StSLib","The Cursed","The Disciple","The Jungle","The Servant 0.9.4"],"gold_per_floor":[112,125,143,318,318,345,345,345,370,370,421,501,534,123,123,218,268,286,286,286,337,337,371,371,371],"floor_reached":24,"playtime":1253,"items_purged":["Doubt"],"score":293,"play_id":"34ad1a04-eaa8-47aa-b5b4-2abec37830a3","local_time":"20210112133431","daily_mods":["Flight"],"is_ascension_mode":false,"campfire_choices":[{"floor":7,"key":"REST"},{"floor":8,"key":"REST"},{"data":"hermit:Showdown","floor":15,"key":"SMITH"}],"circlet_count":0,"master_deck":["hermit:Strike_Hermit","hermit:Strike_Hermit","hermit:Strike_Hermit","hermit:Strike_Hermit","hermit:Defend_Hermit+1","hermit:Defend_Hermit","hermit:Defend_Hermit","hermit:Defend_Hermit","hermit:Snapshot","hermit:Covet","hermit:CalledShot+1","hermit:WideOpen","hermit:Showdown+1","hermit:Glare","hermit:Headshot+1","expansioncontent:StudyTheSpire","Finesse","hermit:FlashPowder","hermit:Magnum","hermit:Snipe","hermit:HighCaliber+1","infinitespire:Starlight","hermit:DeadOrAlive"],"relics":["hermit:Momento","Ancient Tea Set","Centennial Puzzle","Guardian:PocketSentry","Orichalcum","Tiny House","theJungle:WildPear","Akabeko","Boot"],"acts_visited":["Exordium","Exordium"],"potions_floor_usage":[24,24],"damage_taken":[{"damage":1.0,"enemies":"Cultist","floor":1.0,"turns":3.0},{"damage":1.0,"enemies":"Jaw Worm","floor":2.0,"turns":4.0},{"damage":9.0,"enemies":"Small Slimes","floor":3.0,"turns":3.0},{"damage":46,"enemies":"Lagavulin","floor":6,"turns":7},{"damage":11,"enemies":"3 Sentries","floor":13,"turns":5},{"damage":6,"enemies":"Slime Boss","floor":16,"turns":4},{"damage":15,"enemies":"theJungle:MUSHROOMGANG","floor":18,"turns":5},{"damage":75,"enemies":"theJungle:MamaSnecko","floor":23,"turns":8},{"damage":10,"enemies":"theJungle:GiantWrat","floor":24,"turns":2}],"seed_played":"6400830542658922914","potions_obtained":[{"floor":3,"key":"LiquidMemories"},{"floor":6,"key":"BlessingOfTheForge"},{"floor":13,"key":"sneckomod:MuddlingPotion"},{"floor":23,"key":"AttackPotion"}],"is_trial":true,"path_per_floor":["M","M","M","?","?","E","R","R","T","?","T","?","E","$","R","B",null,"M","AVR","?","T","?","E","M"],"character_chosen":"HERMIT","items_purchased":["expansioncontent:StudyTheSpire","Finesse","hermit:FlashPowder"],"campfire_rested":2,"item_purchase_floors":[14,14,14],"current_hp_per_floor":[74,73,64,64,49,3,25,47,47,52,52,52,41,41,41,35,85,70,70,80,80,80,5,0,0],"gold":371,"neow_bonus":"","is_daily":false,"chose_seed":false,"campfire_upgraded":1,"win_rate":0.0,"timestamp":1610454871,"path_taken":["M","?","M","?","?","E","R","R","T","?","?","?","E","$","R","BOSS","M","AVR","?","?","?","E","M"],"items_purchased_type":["Card","Card","Card"],"build_version":"2020-12-22","purchased_purges":1,"victory":false,"max_hp_per_floor":[75,75,75,75,75,75,75,75,75,80,80,80,80,80,80,80,85,85,85,95,95,95,95,95,95],"card_choices":[{"not_picked":["hermit:TakeAim","hermit:Desperado"],"picked":"hermit:CalledShot","floor":1.0},{"not_picked":["hermit:PistolWhip","hermit:Horror"],"picked":"hermit:WideOpen","floor":2.0},{"not_picked":["hermit:Misfire","hermit:Midnight"],"picked":"hermit:Showdown","floor":3},{"not_picked":["hermit:LoneWolf","hermit:Brawl"],"picked":"hermit:Glare","floor":6},{"not_picked":["hermit:Ricochet","hermit:Brawl"],"picked":"hermit:Headshot","floor":13},{"not_picked":["hermit:Roughhouse","hermit:Reprieve"],"picked":"hermit:Magnum","floor":16},{"not_picked":["hermit:Cheat","hermit:BodyArmor"],"picked":"hermit:Snipe","floor":17},{"not_picked":["hermit:GhostlyPresence+1","hermit:Scavenge"],"picked":"hermit:HighCaliber+1","floor":18},{"not_picked":["hermit:Virtue","hermit:Cheat+1"],"picked":"hermit:DeadOrAlive","floor":23}],"player_experience":564484,"relics_obtained":[{"floor":6,"key":"Ancient Tea Set"},{"floor":9,"key":"Centennial Puzzle"},{"floor":11,"key":"Guardian:PocketSentry"},{"floor":13,"key":"Orichalcum"},{"floor":21,"key":"Akabeko"},{"floor":23,"key":"Boot"}],"event_choices":[{"damage_healed":0,"gold_gain":175,"player_choice":"AGREE","damage_taken":0,"max_hp_gain":0,"max_hp_loss":0,"event_name":"Liars Game","floor":4,"gold_loss":0,"cards_obtained":["Doubt"]},{"damage_healed":0,"gold_gain":0,"player_choice":"Entered Light","damage_taken":15,"max_hp_gain":0,"max_hp_loss":0,"event_name":"Shining Light","floor":5,"gold_loss":0,"cards_upgraded":["hermit:Defend_Hermit","hermit:CalledShot"]},{"damage_healed":0,"gold_gain":0,"player_choice":"Donut","damage_taken":0,"max_hp_gain":5,"max_hp_loss":0,"event_name":"Big Fish","floor":10,"gold_loss":0},{"damage_healed":0,"gold_gain":80,"player_choice":"Gained Gold","damage_taken":0,"max_hp_gain":0,"max_hp_loss":0,"event_name":"Golden Wing","floor":12,"gold_loss":0}],"is_beta":false,"boss_relics":[{"not_picked":["Coffee Dripper","hermit:DentedPlate"],"picked":"Tiny House"}],"items_purged_floors":[14],"is_endless":false,"potions_floor_spawned":[3,6,13,23],"killed_by":"theJungle:GiantWrat","ascension_level":0}}