{"host":"ormi09wwzv7sq47a","time":1610478837,"event":{"mods":["2.2 Compatiblity","AchievementEnabler","Act Like it!","BaseMod","Bestiary","Better Altar","Better Note","Better Sensory Stone","Better Silent Start","Better Skull","Better Third Choice","Better Vampires","BetterRewards","Block Reminder","Card Forge","Colored Map","Colored Powertips","Curses Come First","DeckTracker","Downfall","Highlight Path","Minty Spire (QoL Compilation)","Permanent Neow","Quick Restart","Rare Cards Sparkle","Relic Stats","Shop Mod","StSLib","The Jungle"],"gold_per_floor":[52,52,73,73,28,28,47,47,347,347,44,58,58,58,58,58,58],"floor_reached":16,"language":"ENG","playtime":480,"items_purged":["Strike_P"],"score":235,"play_id":"ab3b7722-1a46-4349-a333-c3d08ba3f961","local_time":"20210112171357","is_ascension_mode":true,"campfire_choices":[{"data":"BowlingBash","floor":6.0,"key":"SMITH"},{"data":"SandsOfTime","floor":8.0,"key":"SMITH"},{"data":"Scrawl","floor":15.0,"key":"SMITH"}],"circlet_count":0,"master_deck":["AscendersBane","Strike_P+1","Strike_P","Defend_P","Defend_P","Defend_P","Defend_P","Eruption","Vigilance+1","Scrawl+1","BowlingBash+1","SandsOfTime+1","Injury","Prostrate","Sanctity"],"relics":["PureWater","Hammer of Thor","Seething Fire","Anvil of the Gods","FossilizedHelix","HornCleat","Golden Idol","Old Coin","TungstenRod"],"acts_visited":["Exordium"],"potions_floor_usage":[],"damage_taken":[{"damage":0.0,"enemies":"Jaw Worm","floor":1.0,"turns":3.0},{"damage":0.0,"enemies":"Small Slimes","floor":3.0,"turns":3.0},{"damage":0.0,"enemies":"2 Louse","floor":7.0,"turns":2.0},{"damage":0.0,"enemies":"Looter","floor":12.0,"turns":1.0},{"damage":24,"enemies":"Hexaghost","floor":16,"turns":11}],"seed_played":"8614517165448240691","potions_obtained":[{"floor":7.0,"key":"SneckoOil"}],"is_trial":false,"path_per_floor":["M","?","M","?","$","R","M","R","T","?","$","M","?","$","R","B"],"character_chosen":"WATCHER","items_purchased":["Scrawl","BowlingBash","HornCleat","Fruit Juice","Prostrate","TungstenRod"],"campfire_rested":0,"item_purchase_floors":[0,0,0,0,5,11],"current_hp_per_floor":[52,52,52,37,37,37,37,37,37,30,30,30,30,30,30,6,6],"gold":58,"neow_bonus":"","is_daily":false,"chose_seed":false,"campfire_upgraded":3,"win_rate":0.0,"timestamp":1610478837,"path_taken":["M","?","M","?","?","R","?","R","T","?","$","M","?","$","R","BOSS"],"items_purchased_type":["Card","Card","Relic","Potion","Card","Relic"],"build_version":"2020-12-22","purchased_purges":1,"victory":false,"max_hp_per_floor":[73,73,73,73,73,73,73,73,73,73,73,73,73,73,73,73,73],"relic_stats":{"counters":[196,909],"Golden Idol":11,"obtain_stats":[{"Ice Cream":37,"Gremlin Horn":43,"Hammer of Thor":0,"Ginger":54,"Whetstone":54,"Bottled Tornado":44,"Boot":9,"Old Coin":9,"Guardian:PickAxe":3,"Blood Vial":43,"Sozu":17,"Lizard Tail":46,"HornCleat":0,"DollysMirror":53,"Strawberry":26,"Philosopher\u0027s Stone":17,"MealTicket":41,"Kunai":23,"Guardian:BottledStasis":41,"MerchantsRug":53,"Happy Flower":54,"Astrolabe":17,"Guardian:ModeShifter":0,"Oddly Smooth Stone":42,"Eternal Feather":26,"Pen Nib":54,"Guardian:PocketSentry":8,"War Paint":0,"Akabeko":44,"Du-Vu Doll":46,"Bottled Flame":54,"Anvil of the Gods":0,"Shuriken":12,"Bird Faced Urn":0,"Bronze Scales":23,"Pandora\u0027s Box":17,"Black Star":17,"Nloth\u0027s Gift":19,"StrikeDummy":48,"Unceasing Top":43,"Meat on the Bone":29,"Pocketwatch":0,"Darkstone Periapt":25,"Lantern":31,"Guardian:ModeShifterPlus":34,"Singing Bowl":41,"Melange":31,"Guardian:StasisCodex":9,"Mango":0,"Yang":9,"Incense Burner":36,"Bag of Preparation":20,"Juzu Bracelet":29,"CloakClasp":0,"TeardropLocket":53,"Ancient Tea Set":9,"Smiling Mask":24,"ClockworkSouvenir":0,"Dream Catcher":27,"Matryoshka":20,"Mummified Hand":37,"WingedGreaves":7,"Red Mask":47,"Potion Belt":7,"Golden Idol":2,"Thread and Needle":0,"PreservedInsect":43,"The Courier":40,"Omamori":7,"Seething Fire":0,"Orichalcum":44,"Odd Mushroom":10,"MawBank":45,"GoldenEye":38,"White Beast Statue":14,"Peace Pipe":0,"Guardian:StasisUpgradeRelic":0,"CaptainsWheel":44,"Anchor":46,"Ornamental Fan":7,"Art of War":40,"Coffee Dripper":34,"Membership Card":20,"Bottled Lightning":20,"PureWater":0,"FossilizedHelix":0,"TungstenRod":30},{"Ice Cream":108,"Gremlin Horn":185,"Hammer of Thor":0,"Ginger":60,"Whetstone":87,"Bottled Tornado":21,"Boot":92,"Old Coin":194,"Guardian:PickAxe":2,"Blood Vial":54,"Sozu":149,"Lizard Tail":57,"HornCleat":191,"DollysMirror":189,"Strawberry":129,"Philosopher\u0027s Stone":7,"MealTicket":54,"Kunai":12,"Guardian:BottledStasis":20,"MerchantsRug":86,"Happy Flower":167,"Astrolabe":69,"Guardian:ModeShifter":0,"Oddly Smooth Stone":21,"Eternal Feather":48,"Pen Nib":60,"Guardian:PocketSentry":3,"War Paint":26,"Akabeko":55,"Du-Vu Doll":57,"Bottled Flame":25,"Anvil of the Gods":0,"Shuriken":94,"Bird Faced Urn":0,"Bronze Scales":101,"Pandora\u0027s Box":124,"Black Star":44,"Nloth\u0027s Gift":125,"StrikeDummy":23,"Unceasing Top":111,"Meat on the Bone":104,"Pocketwatch":168,"Darkstone Periapt":102,"Lantern":16,"Guardian:ModeShifterPlus":17,"Singing Bowl":185,"Melange":181,"Guardian:StasisCodex":3,"Mango":26,"Yang":171,"Incense Burner":19,"Bag of Preparation":46,"Juzu Bracelet":49,"CloakClasp":168,"TeardropLocket":189,"Ancient Tea Set":39,"Smiling Mask":48,"ClockworkSouvenir":61,"Dream Catcher":103,"Matryoshka":46,"Mummified Hand":134,"WingedGreaves":30,"Red Mask":22,"Potion Belt":92,"Golden Idol":169,"Thread and Needle":61,"PreservedInsect":21,"The Courier":110,"Omamori":39,"Seething Fire":0,"Orichalcum":112,"Odd Mushroom":147,"MawBank":137,"GoldenEye":183,"White Beast Statue":68,"Peace Pipe":88,"Guardian:StasisUpgradeRelic":34,"CaptainsWheel":55,"Anchor":114,"Ornamental Fan":120,"Art of War":54,"Coffee Dripper":78,"Membership Card":71,"Bottled Lightning":99,"PureWater":0,"FossilizedHelix":88,"TungstenRod":131},{"Ice Cream":532,"Gremlin Horn":861,"Hammer of Thor":0,"Ginger":315,"Whetstone":428,"Bottled Tornado":118,"Boot":452,"Old Coin":897,"Guardian:PickAxe":6,"Blood Vial":291,"Sozu":700,"Lizard Tail":303,"HornCleat":889,"DollysMirror":877,"Strawberry":609,"Philosopher\u0027s Stone":33,"MealTicket":291,"Kunai":60,"Guardian:BottledStasis":111,"MerchantsRug":424,"Happy Flower":769,"Astrolabe":360,"Guardian:ModeShifter":0,"Oddly Smooth Stone":118,"Eternal Feather":265,"Pen Nib":315,"Guardian:PocketSentry":9,"War Paint":157,"Akabeko":294,"Du-Vu Doll":303,"Bottled Flame":152,"Anvil of the Gods":0,"Shuriken":464,"Bird Faced Urn":0,"Bronze Scales":497,"Pandora\u0027s Box":588,"Black Star":252,"Nloth\u0027s Gift":593,"StrikeDummy":135,"Unceasing Top":544,"Meat on the Bone":511,"Pocketwatch":775,"Darkstone Periapt":502,"Lantern":84,"Guardian:ModeShifterPlus":96,"Singing Bowl":861,"Melange":844,"Guardian:StasisCodex":9,"Mango":157,"Yang":784,"Incense Burner":108,"Bag of Preparation":258,"Juzu Bracelet":269,"CloakClasp":775,"TeardropLocket":877,"Ancient Tea Set":232,"Smiling Mask":265,"ClockworkSouvenir":323,"Dream Catcher":506,"Matryoshka":258,"Mummified Hand":634,"WingedGreaves":172,"Red Mask":126,"Potion Belt":452,"Golden Idol":777,"Thread and Needle":323,"PreservedInsect":118,"The Courier":540,"Omamori":232,"Seething Fire":0,"Orichalcum":549,"Odd Mushroom":693,"MawBank":646,"GoldenEye":854,"White Beast Statue":347,"Peace Pipe":437,"Guardian:StasisUpgradeRelic":201,"CaptainsWheel":294,"Anchor":555,"Ornamental Fan":575,"Art of War":291,"Coffee Dripper":393,"Membership Card":368,"Bottled Lightning":488,"PureWater":0,"FossilizedHelix":437,"TungstenRod":618}],"TungstenRod":7},"card_choices":[{"not_picked":["CutThroughFate","Protect"],"picked":"SandsOfTime","floor":1.0},{"not_picked":["ForeignInfluence","Weave","SashWhip"],"picked":"SKIP","floor":3.0},{"not_picked":["EmptyFist","SashWhip","Halt"],"picked":"SKIP","floor":7.0},{"not_picked":["FlurryOfBlows","JustLucky"],"picked":"Sanctity","floor":12.0}],"player_experience":955191,"relics_obtained":[{"floor":9.0,"key":"Old Coin"}],"event_choices":[{"damage_healed":0.0,"max_hp_gain":0.0,"max_hp_loss":0.0,"gold_gain":0.0,"event_name":"Golden Idol","player_choice":"Take Wound","floor":2.0,"gold_loss":0.0,"damage_taken":0.0,"relics_obtained":["Golden Idol"],"cards_obtained":["Injury"]},{"damage_healed":52.0,"max_hp_gain":0.0,"max_hp_loss":73.0,"gold_gain":0.0,"event_name":"betterThird:BetterShining","player_choice":"Upgrade","floor":4.0,"gold_loss":0.0,"damage_taken":15.0,"cards_upgraded":["Strike_P","Vigilance"]},{"cards_removed":["Strike_P"],"damage_healed":0.0,"max_hp_gain":0.0,"max_hp_loss":0.0,"gold_gain":0.0,"event_name":"Golden Wing","player_choice":"Card Removal","floor":10.0,"gold_loss":0.0,"damage_taken":7.0},{"damage_healed":0.0,"max_hp_gain":0.0,"max_hp_loss":0.0,"gold_gain":0.0,"event_name":"Dead Adventurer","player_choice":"Searched \u00270\u0027 times","floor":13.0,"gold_loss":0.0,"damage_taken":0.0}],"is_beta":false,"boss_relics":[],"items_purged_floors":[0],"is_endless":false,"potions_floor_spawned":[7],"killed_by":"Hexaghost","ascension_level":14}}