{"host":"pl1fbpkom0aq337f","time":1610448716,"event":{"mods":["AchievementEnabler","BaseMod","Colored Map","Minty Spire (QoL Compilation)"],"gold_per_floor":[111,111,111,125,139,139,169,185,212,231,231,406,419,419,183,193,205,205,307,307,317,317,166,166,180,180,208,208,123,123,123,88,13,88,88,88,88,88,88],"floor_reached":38,"playtime":1852,"items_purged":["Strike_B"],"score":300,"play_id":"28154d59-14b4-439c-ad91-060210d3df88","local_time":"20210112115156","is_ascension_mode":false,"campfire_choices":[{"data":"Hologram","floor":6.0,"key":"SMITH"},{"data":"Seek","floor":18.0,"key":"SMITH"},{"floor":26.0,"key":"REST"},{"floor":28.0,"key":"REST"},{"floor":31.0,"key":"REST"},{"data":"Fission","floor":36,"key":"SMITH"},{"floor":37,"key":"REST"}],"circlet_count":0,"master_deck":["Defend_B","Defend_B","Defend_B","Defend_B","Zap","Dualcast","Streamline","Hologram+1","Seek+1","Meteor Strike","Coolheaded","Chrysalis","Rebound","Double Energy","Meteor Strike","Conserve Battery+1","Fission+1","Recycle"],"relics":["Cracked Core","NeowsBlessing","Juzu Bracelet","Blood Vial","Gremlin Horn","Cursed Key","Bird Faced Urn","Question Card","MutagenicStrength"],"acts_visited":["Exordium","TheCity"],"potions_floor_usage":[38],"damage_taken":[{"damage":0.0,"enemies":"2 Louse","floor":1.0,"turns":1.0},{"damage":0.0,"enemies":"Jaw Worm","floor":4.0,"turns":1.0},{"damage":0.0,"enemies":"Cultist","floor":5.0,"turns":1.0},{"damage":11.0,"enemies":"Gremlin Nob","floor":7.0,"turns":3.0},{"damage":1.0,"enemies":"Large Slime","floor":8.0,"turns":5.0},{"damage":8.0,"enemies":"Lagavulin","floor":9.0,"turns":4.0},{"damage":1.0,"enemies":"2 Fungi Beasts","floor":10.0,"turns":4.0},{"damage":18.0,"enemies":"Exordium Thugs","floor":13.0,"turns":4.0},{"damage":0.0,"enemies":"Large Slime","floor":16.0,"turns":5.0},{"damage":6.0,"enemies":"Looter","floor":17.0,"turns":4.0},{"damage":15.0,"enemies":"Hexaghost","floor":19.0,"turns":11.0},{"damage":20.0,"enemies":"Spheric Guardian","floor":21.0,"turns":5.0},{"damage":0.0,"enemies":"3 Byrds","floor":25.0,"turns":5.0},{"damage":62.0,"enemies":"Gremlin Leader","floor":27.0,"turns":7.0},{"damage":76,"enemies":"Champ","floor":38,"turns":15}],"seed_played":"-6488011189100402143","potions_obtained":[{"floor":3.0,"key":"LiquidMemories"},{"floor":3.0,"key":"ColorlessPotion"},{"floor":3.0,"key":"Energy Potion"},{"floor":8.0,"key":"GamblersBrew"},{"floor":10.0,"key":"Energy Potion"},{"floor":13.0,"key":"Ancient Potion"},{"floor":27.0,"key":"LiquidBronze"}],"is_trial":false,"path_per_floor":["M","?","?","M","M","R","E","M","E","M","T","?","M","?","$","M","M","R","B",null,"M","?","$","?","M","R","E","R","?","T","R","$","?","?","?","R","R","B"],"character_chosen":"DEFECT","items_purchased":["Coolheaded","Chrysalis","DuplicationPotion","Recycle"],"campfire_rested":4,"item_purchase_floors":[15,15,23,32],"current_hp_per_floor":[75,75,75,75,75,75,64,63,55,56,56,56,40,40,40,42,38,38,25,75,55,55,55,41,43,67,7,31,31,31,55,55,55,47,47,47,71,0,0],"gold":88,"neow_bonus":"THREE_ENEMY_KILL","is_daily":false,"chose_seed":false,"campfire_upgraded":3,"win_rate":0.0,"timestamp":1610448716,"path_taken":["M","?","?","M","?","R","E","M","E","M","T","?","M","?","$","M","M","R","BOSS","M","?","$","?","M","R","E","R","?","T","R","?","?","?","?","R","R","BOSS"],"items_purchased_type":["Card","Card","Potion","Card"],"build_version":"2020-12-22","purchased_purges":1,"victory":false,"max_hp_per_floor":[75,75,75,75,75,75,75,75,75,75,75,75,75,75,75,75,75,75,75,75,75,75,75,80,80,80,80,80,80,80,80,80,80,80,80,80,80,80,80],"card_choices":[{"not_picked":["Gash","Aggregate","Beam Cell"],"picked":"SKIP","floor":1.0},{"not_picked":["Melter","Turbo"],"picked":"Hologram","floor":4.0},{"not_picked":["Gash","Go for the Eyes","Stack"],"picked":"SKIP","floor":5.0},{"not_picked":["Lockon","Go for the Eyes","Defragment"],"picked":"SKIP","floor":7.0},{"not_picked":["Reinforced Body","Turbo","Reprogram"],"picked":"SKIP","floor":8.0},{"not_picked":["Auto Shields","Scrape","Stack"],"picked":"SKIP","floor":9.0},{"not_picked":["Steam","Recycle","FTL"],"picked":"SKIP","floor":10.0},{"not_picked":["Gash","Ball Lightning"],"picked":"Seek","floor":13.0},{"not_picked":["Leap","Aggregate"],"picked":"Rebound","floor":16.0},{"not_picked":["Capacitor","Storm"],"picked":"Double Energy","floor":17.0},{"not_picked":["Biased Cognition","Hyperbeam"],"picked":"Meteor Strike","floor":19.0},{"not_picked":["Sunder","Steam"],"picked":"Conserve Battery+1","floor":21.0},{"not_picked":["Ball Lightning","Barrage"],"picked":"Fission","floor":25.0},{"not_picked":["Rebound","Barrage","Redo"],"picked":"SKIP","floor":27.0}],"player_experience":455433,"relics_obtained":[{"floor":7.0,"key":"Juzu Bracelet"},{"floor":9.0,"key":"Blood Vial"},{"floor":11.0,"key":"Gremlin Horn"},{"floor":27.0,"key":"Bird Faced Urn"}],"event_choices":[{"damage_healed":0.0,"max_hp_gain":0.0,"max_hp_loss":0.0,"gold_gain":0.0,"cards_transformed":["Strike_B"],"event_name":"Living Wall","player_choice":"Change","floor":2.0,"gold_loss":0.0,"damage_taken":0.0,"cards_obtained":["Streamline"]},{"damage_healed":0.0,"max_hp_gain":0.0,"max_hp_loss":0.0,"gold_gain":0.0,"event_name":"Lab","player_choice":"Got Potions","floor":3.0,"gold_loss":0.0,"damage_taken":0.0},{"damage_healed":0.0,"max_hp_gain":0.0,"max_hp_loss":0.0,"gold_gain":175.0,"event_name":"Liars Game","player_choice":"AGREE","floor":12.0,"gold_loss":0.0,"damage_taken":0.0,"cards_obtained":["Doubt"]},{"damage_healed":0.0,"max_hp_gain":0.0,"max_hp_loss":0.0,"gold_gain":0.0,"cards_transformed":["Strike_B"],"event_name":"Transmorgrifier","player_choice":"Transformed","floor":14.0,"gold_loss":0.0,"damage_taken":0.0,"cards_obtained":["Meteor Strike"]},{"cards_removed":["Doubt"],"damage_healed":0.0,"max_hp_gain":0.0,"max_hp_loss":0.0,"gold_gain":0.0,"event_name":"Back to Basics","player_choice":"Elegance","floor":22.0,"gold_loss":0.0,"damage_taken":0.0},{"damage_healed":0.0,"max_hp_gain":5.0,"max_hp_loss":0.0,"gold_gain":0.0,"event_name":"Forgotten Altar","player_choice":"Shed Blood","floor":24.0,"gold_loss":0.0,"damage_taken":19.0},{"damage_healed":0.0,"max_hp_gain":0.0,"max_hp_loss":0.0,"gold_gain":0.0,"event_name":"Addict","player_choice":"Obtained Relic","floor":29.0,"gold_loss":85.0,"damage_taken":0.0,"relics_obtained":["Question Card"]},{"cards_removed":["Strike_B"],"damage_healed":0.0,"max_hp_gain":0.0,"max_hp_loss":0.0,"gold_gain":0.0,"event_name":"Beggar","player_choice":"Gave Gold","floor":33.0,"gold_loss":75.0,"damage_taken":0.0},{"damage_healed":0.0,"max_hp_gain":0.0,"max_hp_loss":0.0,"gold_gain":75.0,"event_name":"FaceTrader","player_choice":"Touch","floor":34.0,"gold_loss":0.0,"damage_taken":8.0},{"damage_healed":0,"gold_gain":0,"player_choice":"Inject Mutagens","damage_taken":0,"relics_obtained":["MutagenicStrength"],"max_hp_gain":0,"max_hp_loss":0,"event_name":"Drug Dealer","floor":35,"gold_loss":0}],"is_beta":false,"boss_relics":[{"not_picked":["Ectoplasm","Tiny House"],"picked":"Cursed Key"}],"items_purged_floors":[23],"is_endless":false,"potions_floor_spawned":[5,8,10,13,17,27],"killed_by":"Champ","ascension_level":0}}