{"host":"3h5qf14xt40jhha0","time":1610495897,"event":{"mods":["AlwaysNeverKeys","BaseMod","Colored Powertips","Minty Spire (QoL Compilation)","Permanent Neow","Relic Stats","StSLib"],"gold_per_floor":[14,31,44,44,63,89,89,121,121,131,160,171,183,197,197,197,197],"floor_reached":16,"language":"ENG","playtime":796,"items_purged":[],"score":252,"play_id":"2559968e-b8fd-4c0c-a7f2-1bdcc1df3001","local_time":"20210112185817","is_ascension_mode":true,"campfire_choices":[{"floor":7.0,"key":"REST"},{"data":"Accuracy","floor":15.0,"key":"SMITH"}],"circlet_count":0,"master_deck":["AscendersBane","Strike_G","Strike_G","Strike_G","Strike_G","Strike_G","Defend_G","Defend_G","Defend_G","Defend_G","Defend_G","Survivor","Neutralize","Backflip","Dagger Throw","Venomology","Blade Dance","Accuracy+1","Cloak And Dagger","Acrobatics","Escape Plan","Cloak And Dagger"],"relics":["Ring of the Snake","Darkstone Periapt","Matryoshka","Mercury Hourglass","Peace Pipe","Snake Skull"],"acts_visited":["Exordium"],"potions_floor_usage":[16,16],"damage_taken":[{"damage":6.0,"enemies":"Cultist","floor":1.0,"turns":5.0},{"damage":0.0,"enemies":"2 Louse","floor":2.0,"turns":5.0},{"damage":6.0,"enemies":"Small Slimes","floor":3.0,"turns":4.0},{"damage":2.0,"enemies":"Exordium Wildlife","floor":5.0,"turns":5.0},{"damage":54.0,"enemies":"Gremlin Nob","floor":6.0,"turns":5.0},{"damage":12.0,"enemies":"Lagavulin","floor":8.0,"turns":6.0},{"damage":0.0,"enemies":"2 Fungi Beasts","floor":10.0,"turns":3.0},{"damage":12.0,"enemies":"Gremlin Nob","floor":11.0,"turns":3.0},{"damage":0.0,"enemies":"3 Louse","floor":12.0,"turns":3.0},{"damage":0.0,"enemies":"Exordium Wildlife","floor":13.0,"turns":2.0},{"damage":0.0,"enemies":"Red Slaver","floor":14.0,"turns":4.0},{"damage":11,"enemies":"Slime Boss","floor":16,"turns":7}],"seed_played":"2737939738701563192","potions_obtained":[{"floor":2.0,"key":"AttackPotion"},{"floor":4.0,"key":"BlessingOfTheForge"},{"floor":5.0,"key":"EntropicBrew"},{"floor":8.0,"key":"Fire Potion"},{"floor":10.0,"key":"LiquidMemories"},{"floor":14.0,"key":"Poison Potion"}],"is_trial":false,"path_per_floor":["M","M","M","?","M","E","R","E","T","M","E","M","M","M","R","B"],"character_chosen":"THE_SILENT","items_purchased":[],"campfire_rested":1,"item_purchase_floors":[],"current_hp_per_floor":[65,65,59,59,57,3,26,14,14,14,2,2,2,2,2,0,0],"gold":197,"neow_bonus":"TWENTY_PERCENT_HP_BONUS","is_daily":false,"chose_seed":false,"campfire_upgraded":1,"win_rate":0.0,"timestamp":1610495897,"path_taken":["M","?","M","?","?","E","R","E","T","M","E","M","M","?","R","BOSS"],"items_purchased_type":[],"build_version":"2020-12-22","purchased_purges":0,"victory":false,"max_hp_per_floor":[78,78,78,78,78,78,78,78,78,78,78,78,78,78,78,78,78],"relic_stats":{"Darkstone Periapt":0,"Peace Pipe":0,"counters":[12,50],"Snake Skull":[1],"obtain_stats":[{"Darkstone Periapt":6,"Peace Pipe":9,"Matryoshka":8,"Snake Skull":11,"Ring of the Snake":0,"Mercury Hourglass":9},{"Darkstone Periapt":5,"Peace Pipe":6,"Matryoshka":6,"Snake Skull":8,"Ring of the Snake":0,"Mercury Hourglass":6},{"Darkstone Periapt":24,"Peace Pipe":30,"Matryoshka":30,"Snake Skull":35,"Ring of the Snake":0,"Mercury Hourglass":30}],"Ring of the Snake":[24],"Mercury Hourglass":[107]},"card_choices":[{"not_picked":["Reflex","Blur"],"picked":"Backflip","floor":1.0},{"not_picked":["Bane","Outmaneuver"],"picked":"Dagger Throw","floor":2.0},{"not_picked":["Prepared","Endless Agony"],"picked":"Venomology","floor":3.0},{"not_picked":["Reflex","Endless Agony"],"picked":"Blade Dance","floor":5.0},{"not_picked":["Deadly Poison","Flechettes"],"picked":"Accuracy","floor":6.0},{"not_picked":["Eviscerate","Tactician"],"picked":"Cloak And Dagger","floor":8.0},{"not_picked":["Flying Knee","Slice"],"picked":"Acrobatics","floor":10.0},{"not_picked":["Acrobatics","Heel Hook"],"picked":"Escape Plan","floor":11.0},{"not_picked":["Crippling Poison","Riddle With Holes"],"picked":"Cloak And Dagger","floor":12.0},{"not_picked":["Crippling Poison","Doppelganger","Quick Slash"],"picked":"SKIP","floor":13.0},{"not_picked":["Acrobatics","Flechettes","Backflip"],"picked":"SKIP","floor":14.0}],"player_experience":1329881,"relics_obtained":[{"floor":6.0,"key":"Darkstone Periapt"},{"floor":8.0,"key":"Matryoshka"},{"floor":9.0,"key":"Mercury Hourglass"},{"floor":9.0,"key":"Peace Pipe"},{"floor":11.0,"key":"Snake Skull"}],"event_choices":[{"damage_healed":0.0,"max_hp_gain":0.0,"max_hp_loss":0.0,"gold_gain":0.0,"event_name":"Lab","player_choice":"Got Potions","floor":4.0,"gold_loss":0.0,"damage_taken":0.0}],"is_beta":false,"boss_relics":[],"items_purged_floors":[],"is_endless":false,"potions_floor_spawned":[2,5,8,10,14],"killed_by":"Slime Boss","ascension_level":20}}