{"host":"f6w7z8zvb0mi4wy9","time":1610414335,"event":{"mods":["BaseMod","Colored Map","Minty Spire (QoL Compilation)","READ ME - Guardian Mod","StSLib","SuperFastMode","The Jungle"],"gold_per_floor":[111,111,42,57,76,106,106,134,161,161,194,44,64,90,90,187,187,197,211,230,5,25,55,70,99,99,112,126,126,160,170,170,268,268,287,287,301,69,80,80,413,413,413,431,206,231,231,241,241,241,241,241,47,74,74,74],"floor_reached":55,"playtime":2478,"items_purged":[],"score":936,"play_id":"210d6bbd-0c26-4280-aec9-50ee47cf49a3","local_time":"20210112101855","is_ascension_mode":true,"campfire_choices":[{"data":"Defragment","floor":7.0,"key":"SMITH"},{"data":"Zap","floor":10.0,"key":"SMITH"},{"data":"Dualcast","floor":15.0,"key":"SMITH"},{"data":"Defragment","floor":29.0,"key":"SMITH"},{"data":"Beam Cell","floor":32.0,"key":"SMITH"},{"data":"Barrage","floor":40.0,"key":"SMITH"},{"floor":49.0,"key":"RECALL"},{"data":"Thunder Strike","floor":52.0,"key":"SMITH"}],"circlet_count":0,"master_deck":["Strike_B","Strike_B","Strike_B","Defend_B","Defend_B","Defend_B","Defend_B","Zap+1","Dualcast+1","Sunder","Defragment+1","Glacier","Self Repair","Ball Lightning","Beam Cell+1","Redo+1","Steam+1","Force Field+1","Fission+1","Barrage+1","Tempest+1","Defragment+1","BootSequence+1","FTL","Gash+1","Thunder Strike+1","Echo Form","Chill+1","Self Repair","Heatsinks+1","Storm","Tempest+1","Capacitor","White Noise+1","Fusion+1","Rainbow+1"],"relics":["Cracked Core","NeowsBlessing","PreservedInsect","Bag of Preparation","Toxic Egg 2","HandDrill","Cables","Sozu","OrangePellets","Dream Catcher","Vajra","Mercury Hourglass","Du-Vu Doll","Philosopher\u0027s Stone","Strange Spoon","Old Coin","White Beast Statue","Omamori","Potion Belt","Centennial Puzzle"],"acts_visited":["Exordium","TheCity","TheBeyond","TheEnding"],"potions_floor_usage":[],"damage_taken":[{"damage":0.0,"enemies":"Jaw Worm","floor":1.0,"turns":1.0},{"damage":0.0,"enemies":"Cultist","floor":4.0,"turns":1.0},{"damage":0.0,"enemies":"2 Louse","floor":5.0,"turns":1.0},{"damage":11.0,"enemies":"Lagavulin","floor":6.0,"turns":10.0},{"damage":1.0,"enemies":"3 Sentries","floor":8.0,"turns":5.0},{"damage":0.0,"enemies":"Gremlin Nob","floor":11.0,"turns":2.0},{"damage":8.0,"enemies":"Lots of Slimes","floor":13.0,"turns":4.0},{"damage":0.0,"enemies":"3 Sentries","floor":14.0,"turns":4.0},{"damage":28.0,"enemies":"Hexaghost","floor":16.0,"turns":8.0},{"damage":11.0,"enemies":"3 Byrds","floor":18.0,"turns":4.0},{"damage":0.0,"enemies":"Shell Parasite","floor":19.0,"turns":6.0},{"damage":2.0,"enemies":"Shelled Parasite and Fungi","floor":20.0,"turns":5.0},{"damage":14.0,"enemies":"Centurion and Healer","floor":22.0,"turns":8.0},{"damage":10.0,"enemies":"Gremlin Leader","floor":23.0,"turns":8.0},{"damage":0.0,"enemies":"Snecko","floor":24.0,"turns":7.0},{"damage":0.0,"enemies":"Book of Stabbing","floor":25.0,"turns":5.0},{"damage":0.0,"enemies":"Cultist and Chosen","floor":27.0,"turns":3.0},{"damage":0.0,"enemies":"Snake Plant","floor":28.0,"turns":3.0},{"damage":2.0,"enemies":"Slavers","floor":30.0,"turns":2.0},{"damage":0.0,"enemies":"Snecko","floor":31.0,"turns":3.0},{"damage":44.0,"enemies":"Champ","floor":33.0,"turns":7.0},{"damage":9.0,"enemies":"3 Darklings","floor":35.0,"turns":5.0},{"damage":13.0,"enemies":"3 Shapes","floor":37.0,"turns":3.0},{"damage":14.0,"enemies":"Transient","floor":39.0,"turns":5.0},{"damage":38.0,"enemies":"Nemesis","floor":41.0,"turns":5.0},{"damage":0.0,"enemies":"3 Darklings","floor":44.0,"turns":6.0},{"damage":2.0,"enemies":"Giant Head","floor":46.0,"turns":4.0},{"damage":36.0,"enemies":"Writhing Mass","floor":48.0,"turns":5.0},{"damage":11.0,"enemies":"Awakened One","floor":50.0,"turns":8.0},{"damage":23.0,"enemies":"Shield and Spear","floor":54.0,"turns":5.0},{"damage":59,"enemies":"The Heart","floor":55,"turns":3}],"seed_played":"-3118002889953181497","potions_obtained":[{"floor":1.0,"key":"Block Potion"},{"floor":2.0,"key":"DistilledChaos"},{"floor":2.0,"key":"LiquidBronze"},{"floor":11.0,"key":"SneckoOil"},{"floor":16.0,"key":"Explosive Potion"}],"is_trial":false,"path_per_floor":["M","?","$","M","M","E","R","E","T","R","E","$","M","E","R","B",null,"M","M","M","$","M","E","M","E","T","M","M","R","E","M","R","B",null,"M","?","M","$","M","R","E","?","T","M","$","E","?","M","R","B",null,"R","$","E","B"],"character_chosen":"DEFECT","items_purchased":["Defragment","HandDrill","Defragment","OrangePellets","Chill+1","Strange Spoon","Omamori","Storm","Capacitor","White Noise+1","Fusion+1"],"campfire_rested":0,"item_purchase_floors":[3,12,21,21,38,38,45,45,53,53,53],"current_hp_per_floor":[75,75,75,75,75,71,71,75,75,75,75,75,74,75,75,54,75,71,75,75,75,68,65,72,75,75,75,75,75,73,75,75,38,75,73,73,67,67,67,67,36,36,36,50,50,69,69,54,54,50,75,75,75,59,0,0],"gold":74,"neow_bonus":"THREE_ENEMY_KILL","is_daily":false,"chose_seed":false,"campfire_upgraded":7,"win_rate":0.0,"timestamp":1610414335,"path_taken":["M","?","$","?","M","E","R","E","T","R","E","$","M","E","R","BOSS","M","M","M","$","M","E","M","E","T","M","M","R","E","M","R","BOSS","M","?","M","$","M","R","E","?","T","?","$","E","?","M","R","BOSS","R","$","E","BOSS"],"items_purchased_type":["Card","Relic","Card","Relic","Card","Relic","Relic","Card","Card","Card","Card"],"build_version":"2020-12-22","purchased_purges":0,"victory":false,"max_hp_per_floor":[75,75,75,75,75,75,75,75,75,75,75,75,75,75,75,75,75,75,75,75,75,75,75,75,75,75,75,75,75,75,75,75,75,75,75,75,75,75,75,75,75,75,75,75,75,75,75,75,75,75,75,75,75,75,75,75],"card_choices":[{"not_picked":["Compile Driver","Go for the Eyes"],"picked":"Sunder","floor":1.0},{"not_picked":["Skim","Lockon"],"picked":"Glacier","floor":4.0},{"not_picked":["Scrape","Melter"],"picked":"Self Repair","floor":5.0},{"not_picked":["Redo","Buffer"],"picked":"Ball Lightning","floor":6.0},{"not_picked":["Heatsinks","Sweeping Beam"],"picked":"Beam Cell","floor":8.0},{"not_picked":["Rebound","Leap+1"],"picked":"Redo+1","floor":11.0},{"not_picked":["Hello World","Go for the Eyes"],"picked":"Steam+1","floor":13.0},{"not_picked":["Gash","Machine Learning"],"picked":"Force Field+1","floor":14.0},{"not_picked":["Buffer","Rainbow+1"],"picked":"Fission+1","floor":16.0},{"not_picked":["Lockon","Conserve Battery+1"],"picked":"Barrage","floor":18.0},{"not_picked":["Conserve Battery+1","Melter","Rip and Tear"],"picked":"SKIP","floor":19.0},{"not_picked":["Ball Lightning","Beam Cell+1"],"picked":"Tempest+1","floor":20.0},{"not_picked":["Rebound","Aggregate+1","Go for the Eyes"],"picked":"SKIP","floor":22.0},{"not_picked":["Fusion+1","Gash"],"picked":"BootSequence+1","floor":23.0},{"not_picked":["Reprogram+1","Redo+1"],"picked":"FTL","floor":24.0},{"not_picked":["Darkness+1","Sunder","Hyperbeam"],"picked":"SKIP","floor":25.0},{"not_picked":["BootSequence+1","Conserve Battery+1"],"picked":"Gash+1","floor":27.0},{"not_picked":["Compile Driver","Reprogram+1","Cold Snap"],"picked":"SKIP","floor":28.0},{"not_picked":["Darkness+1","Rebound"],"picked":"Thunder Strike","floor":30.0},{"not_picked":["Static Discharge","Ball Lightning","Sweeping Beam"],"picked":"SKIP","floor":31.0},{"not_picked":["Buffer","Rainbow+1"],"picked":"Echo Form","floor":33.0},{"not_picked":["Go for the Eyes","Gash+1"],"picked":"Blizzard+1","floor":35.0},{"not_picked":["Turbo+1","Blizzard+1","Stack+1"],"picked":"SKIP","floor":37.0},{"not_picked":["Consume+1","Recycle+1","Steam+1"],"picked":"SKIP","floor":39.0},{"not_picked":["Blizzard+1","Skim+1"],"picked":"Self Repair","floor":41.0},{"not_picked":["Steam Power+1","Scrape"],"picked":"Heatsinks+1","floor":44.0},{"not_picked":["Undo+1","Stack+1","Steam+1"],"picked":"SKIP","floor":46.0},{"not_picked":["Steam+1","Leap+1"],"picked":"Tempest+1","floor":48.0},{"not_picked":["Meteor Strike","Leap+1"],"picked":"Rainbow+1","floor":54.0}],"player_experience":862359,"relics_obtained":[{"floor":6.0,"key":"PreservedInsect"},{"floor":8.0,"key":"Bag of Preparation"},{"floor":11.0,"key":"Toxic Egg 2"},{"floor":14.0,"key":"Cables"},{"floor":23.0,"key":"Dream Catcher"},{"floor":25.0,"key":"Vajra"},{"floor":26.0,"key":"Mercury Hourglass"},{"floor":30.0,"key":"Du-Vu Doll"},{"floor":41.0,"key":"Old Coin"},{"floor":43.0,"key":"White Beast Statue"},{"floor":46.0,"key":"Potion Belt"},{"floor":54.0,"key":"Centennial Puzzle"}],"event_choices":[{"damage_healed":0.0,"max_hp_gain":0.0,"max_hp_loss":0.0,"gold_gain":0.0,"event_name":"Lab","player_choice":"Got Potions","floor":2.0,"gold_loss":0.0,"damage_taken":0.0},{"damage_healed":0.0,"max_hp_gain":0.0,"max_hp_loss":0.0,"gold_gain":0.0,"event_name":"Tomb of Lord Red Mask","player_choice":"Ignored","floor":36.0,"gold_loss":0.0,"damage_taken":0.0},{"cards_removed":["Strike_B"],"damage_healed":0.0,"max_hp_gain":0.0,"max_hp_loss":0.0,"gold_gain":0.0,"event_name":"Purifier","player_choice":"Purged","floor":42.0,"gold_loss":0.0,"damage_taken":0.0},{"cards_removed":["Blizzard"],"damage_healed":0.0,"max_hp_gain":0.0,"max_hp_loss":0.0,"gold_gain":0.0,"event_name":"Falling","player_choice":"Removed Attack","floor":47.0,"gold_loss":0.0,"damage_taken":0.0}],"is_beta":false,"boss_relics":[{"not_picked":["Cursed Key","Fusion Hammer"],"picked":"Sozu"},{"not_picked":["Snecko Eye","Velvet Choker"],"picked":"Philosopher\u0027s Stone"}],"items_purged_floors":[],"is_endless":false,"potions_floor_spawned":[1,4,11,16,23,27,28,31,33,35,37,44,46,48,54],"killed_by":"The Heart","ascension_level":1}}