{"host":"pgqkv8mh62pnrbci","time":1610456394,"event":{"mods":["2.2 Compatiblity","AchievementEnabler","BaseMod","Custom Start","DeckTracker","Minty Spire (QoL Compilation)","Railgun Mod","StSLib","SuperFastMode","¡¼?Úª?ø«¡½REMEMod"],"gold_per_floor":[120,138,154,87,37,37,72,90,90,90,129,93,129,144,144,273,273,287,301,314,354,368,368,406,406,406,441,366,381,406,439,439,562,562,578,603,108,108,330,364,376,423,435,747,774,811,864,897,909,921,933,945,270,305,305],"floor_reached":56,"playtime":2514,"items_purged":["TheRailgun:Defend","TheRailgun:Strike"],"score":1990,"play_id":"062584e1-8ccf-49b3-8587-dad14891fa2d","local_time":"20210112215954","is_ascension_mode":true,"campfire_choices":[{"data":"TheRailgun:Supercharge","floor":6.0,"key":"SMITH"},{"data":"TheRailgun:Mental_Out","floor":15.0,"key":"SMITH"},{"data":"TheRailgun:Overload","floor":23.0,"key":"SMITH"},{"floor":25.0,"key":"REST"},{"floor":32.0,"key":"RECALL"},{"data":"TheRailgun:Strike","floor":41,"key":"PURGE"},{"data":"TheRailgun:Defend","floor":49,"key":"PURGE"},{"data":"TheRailgun:Strike","floor":52,"key":"PURGE"}],"circlet_count":0,"master_deck":["TheRailgun:Strike","TheRailgun:Defend","TheRailgun:Discharge","TheRailgun:Zip","TheRailgun:Supercharge+1","TheRailgun:Coin_Flip","TheRailgun:Iron_Dust_Vial","TheRailgun:Mental_Out+1","TheRailgun:Gekota_Phone","TheRailgun:Token_Collection","TheRailgun:Heroinism","TheRailgun:Overload+1","TheRailgun:Sister_Noise","TheRailgun:Gekotamania","TheRailgun:Lightning_Speed+1","TheRailgun:Iron_Dust_Vial+1","TheRailgun:Sister_Noise+1","TheRailgun:Level_6","TheRailgun:Thunder"],"relics":["TheRailgun:CoinRelic","REME_ComplimentaryCards","Mango","REME_PuzzleBoxRelic","MealTicket","Golden Idol","Bottled Tornado","Bag of Marbles","Sozu","Red Mask","Pear","Peace Pipe","REME_HourglassOfDeath","Bag of Preparation","Fusion Hammer","PreservedInsect","Singing Bowl","MawBank","Lantern","HornCleat","OrangePellets","Calipers","Anchor","Oddly Smooth Stone"],"acts_visited":["Exordium","TheCity","TheBeyond","TheEnding"],"potions_floor_usage":[],"damage_taken":[{"damage":0.0,"enemies":"Cultist","floor":1.0,"turns":2.0},{"damage":7.0,"enemies":"Jaw Worm","floor":2.0,"turns":3.0},{"damage":18.0,"enemies":"Small Slimes","floor":3.0,"turns":2.0},{"damage":0.0,"enemies":"Lagavulin","floor":7.0,"turns":5.0},{"damage":0.0,"enemies":"2 Fungi Beasts","floor":8.0,"turns":3.0},{"damage":0.0,"enemies":"Gremlin Nob","floor":11.0,"turns":4.0},{"damage":2.0,"enemies":"Lagavulin","floor":13.0,"turns":5.0},{"damage":11.0,"enemies":"Looter","floor":14.0,"turns":2.0},{"damage":8.0,"enemies":"Hexaghost","floor":16.0,"turns":6.0},{"damage":0.0,"enemies":"Chosen","floor":18.0,"turns":2.0},{"damage":13.0,"enemies":"Spheric Guardian","floor":19.0,"turns":3.0},{"damage":0.0,"enemies":"3 Cultists","floor":20.0,"turns":2.0},{"damage":4.0,"enemies":"Masked Bandits","floor":21.0,"turns":2.0},{"damage":0.0,"enemies":"Snecko","floor":22.0,"turns":2.0},{"damage":26.0,"enemies":"Gremlin Leader","floor":24.0,"turns":4.0},{"damage":8.0,"enemies":"Book of Stabbing","floor":27.0,"turns":4.0},{"damage":0.0,"enemies":"Snake Plant","floor":29.0,"turns":1.0},{"damage":0.0,"enemies":"Chosen and Byrds","floor":30.0,"turns":2.0},{"damage":0.0,"enemies":"REME_1_Revenger","floor":31.0,"turns":1.0},{"damage":5.0,"enemies":"Champ","floor":33.0,"turns":2.0},{"damage":0.0,"enemies":"3 Shapes","floor":35.0,"turns":1.0},{"damage":29.0,"enemies":"3 Darklings","floor":36.0,"turns":3.0},{"damage":2,"enemies":"Reptomancer","floor":40,"turns":2},{"damage":0,"enemies":"Giant Head","floor":42,"turns":1},{"damage":0,"enemies":"Spire Growth","floor":45,"turns":1},{"damage":0,"enemies":"Sphere and 2 Shapes","floor":46,"turns":1},{"damage":0,"enemies":"Nemesis","floor":47,"turns":1},{"damage":2,"enemies":"Maw","floor":48,"turns":2},{"damage":2,"enemies":"Awakened One","floor":50,"turns":2},{"damage":0,"enemies":"Shield and Spear","floor":54,"turns":1},{"damage":6,"enemies":"The Heart","floor":55,"turns":4}],"seed_played":"-943850319318231732","potions_obtained":[{"floor":2.0,"key":"Weak Potion"},{"floor":11.0,"key":"Block Potion"},{"floor":14.0,"key":"SteroidPotion"}],"is_trial":false,"path_per_floor":["M","M","M","$","?","R","E","M","T","?","E","$","E","M","R","B",null,"M","M","M","?","M","R","E","R","T","E","$","M","M","E","R","B",null,"M","M","$","?","?","E","R","E","T","?","M","M","E","M","R","B",null,"R","$","E","B",null],"character_chosen":"THE_DEFAULT","items_purchased":["TheRailgun:Mental_Out","TheRailgun:Heroinism","PreservedInsect","Singing Bowl","OrangePellets","Calipers","Anchor","TheRailgun:Thunder"],"campfire_rested":1,"item_purchase_floors":[4,12,37,37,53,53,53,53],"current_hp_per_floor":[77,70,52,52,52,52,52,52,52,33,33,48,46,35,35,27,65,65,52,52,48,48,48,34,60,60,52,67,67,67,67,67,62,82,89,77,89,89,89,91,91,93,93,93,95,97,99,99,99,99,101,101,101,103,97],"gold":305,"neow_bonus":"ONE_RARE_RELIC","is_daily":false,"chose_seed":false,"campfire_upgraded":3,"win_rate":0.0,"timestamp":1610456394,"path_taken":["M","M","M","$","?","R","E","M","T","?","E","?","E","M","R","BOSS","M","?","M","?","M","R","E","R","T","E","$","M","M","E","R","BOSS","M","M","$","?","?","E","R","E","T","?","M","M","E","?","R","BOSS","R","$","E","BOSS"],"items_purchased_type":["Card","Card","Relic","Relic","Relic","Relic","Relic","Card"],"build_version":"2020-12-22","purchased_purges":2,"victory":true,"max_hp_per_floor":[77,77,77,77,77,77,77,77,77,77,77,77,77,77,77,77,77,77,77,77,77,77,77,89,89,89,89,89,89,89,89,89,89,89,89,89,89,89,89,91,91,93,93,93,95,97,99,101,101,101,101,101,101,103,103],"card_choices":[{"not_picked":["TheRailgun:Electric_Fence","TheRailgun:Iron_Dust_Sword"],"picked":"TheRailgun:Coin_Flip","floor":1.0},{"not_picked":["TheRailgun:Battery_Pack","TheRailgun:Discharge"],"picked":"TheRailgun:Iron_Dust_Vial","floor":2.0},{"not_picked":["TheRailgun:Zap","TheRailgun:Crackle","TheRailgun:Discharge"],"picked":"SKIP","floor":3.0},{"not_picked":["TheRailgun:Mental_Out","TheRailgun:Judgement_Officer","TheRailgun:Thundershock"],"picked":"SKIP","floor":7.0},{"not_picked":["TheRailgun:Push","TheRailgun:Iron_Dust_Vial"],"picked":"TheRailgun:Gekota_Phone","floor":8.0},{"not_picked":["TheRailgun:Discharge","TheRailgun:Crack"],"picked":"TheRailgun:Token_Collection","floor":11.0},{"not_picked":["TheRailgun:Electrical_Storm","TheRailgun:Push","TheRailgun:Static"],"picked":"SKIP","floor":13.0},{"not_picked":["TheRailgun:Teleporter","TheRailgun:Static","TheRailgun:Thunderbolt"],"picked":"SKIP","floor":14.0},{"not_picked":["TheRailgun:Judgement_Officer","TheRailgun:Level_6"],"picked":"TheRailgun:Overload","floor":16.0},{"not_picked":["TheRailgun:Crack+1","TheRailgun:Hypercharge"],"picked":"TheRailgun:Sister_Noise","floor":18.0},{"not_picked":["TheRailgun:Token_Collection","TheRailgun:Crack+1"],"picked":"TheRailgun:Gekotamania","floor":19.0},{"not_picked":["TheRailgun:Crack","TheRailgun:Hypercharge","TheRailgun:Spark+1"],"picked":"SKIP","floor":20.0},{"not_picked":["TheRailgun:Aerial_Shot","TheRailgun:Iron_Dust_Shield"],"picked":"TheRailgun:Lightning_Speed+1","floor":21.0},{"not_picked":["TheRailgun:Hypercharge","TheRailgun:Spark","TheRailgun:Token_Collection"],"picked":"SKIP","floor":22.0},{"not_picked":["TheRailgun:Sister_Noise","TheRailgun:Hypercharge"],"picked":"TheRailgun:Iron_Dust_Vial+1","floor":24.0},{"not_picked":["TheRailgun:Zip","TheRailgun:Thundershock"],"picked":"TheRailgun:Sister_Noise+1","floor":27.0},{"not_picked":["TheRailgun:Iron_Dust_Vial","TheRailgun:Biribiri+1","TheRailgun:Coin_Flip"],"picked":"SKIP","floor":29.0},{"not_picked":["TheRailgun:Thundervolt","TheRailgun:Biribiri","TheRailgun:Electrical_Storm"],"picked":"SKIP","floor":30.0},{"not_picked":["TheRailgun:Zap","TheRailgun:Iron_Dust_Vial","TheRailgun:Electrical_Storm"],"picked":"SKIP","floor":31.0},{"not_picked":["TheRailgun:Overload","TheRailgun:Supercharge"],"picked":"TheRailgun:Level_6","floor":33.0},{"not_picked":["TheRailgun:Electric_Fence","TheRailgun:Crack+1","TheRailgun:Oneesama"],"picked":"SKIP","floor":35.0},{"not_picked":["TheRailgun:Battery_Pack","TheRailgun:Thundershock","TheRailgun:Electrical_Storm"],"picked":"SKIP","floor":36.0},{"not_picked":["TheRailgun:Battery_Pack+1","TheRailgun:Thundervolt","TheRailgun:Hypercharge+1"],"picked":"Singing Bowl","floor":40},{"not_picked":["TheRailgun:Thunderbolt+1","TheRailgun:Magnetic_Movement+1","TheRailgun:Electrical_Storm+1"],"picked":"Singing Bowl","floor":42},{"not_picked":["TheRailgun:Lightning_Speed+1","TheRailgun:Iron_Dust_Field+1","TheRailgun:Hypercharge"],"picked":"Singing Bowl","floor":45},{"not_picked":["TheRailgun:Iron_Dust_Vial+1","TheRailgun:Judgement_Officer","TheRailgun:Teleporter+1"],"picked":"Singing Bowl","floor":46},{"not_picked":["TheRailgun:Electrical_Storm+1","TheRailgun:Aerial_Shot+1","TheRailgun:Token_Collection+1"],"picked":"Singing Bowl","floor":47},{"not_picked":["TheRailgun:Sister_Noise+1","TheRailgun:Thunderbolt","TheRailgun:Zip+1","TheRailgun:Circuit_Breaker"],"picked":"Singing Bowl","floor":48},{"not_picked":["TheRailgun:Sister_Noise+1","TheRailgun:Crack","TheRailgun:Negative_Field+1"],"picked":"Singing Bowl","floor":54}],"player_experience":644060,"relics_obtained":[{"floor":7.0,"key":"REME_PuzzleBoxRelic"},{"floor":9.0,"key":"MealTicket"},{"floor":11.0,"key":"Bottled Tornado"},{"floor":13.0,"key":"Bag of Marbles"},{"floor":21.0,"key":"Red Mask"},{"floor":24.0,"key":"Pear"},{"floor":26.0,"key":"Peace Pipe"},{"floor":27.0,"key":"REME_HourglassOfDeath"},{"floor":31.0,"key":"Bag of Preparation"},{"floor":40,"key":"MawBank"},{"floor":42,"key":"Lantern"},{"floor":47,"key":"HornCleat"},{"floor":54,"key":"Oddly Smooth Stone"}],"event_choices":[{"cards_removed":["TheRailgun:Defend"],"damage_healed":0.0,"max_hp_gain":0.0,"max_hp_loss":0.0,"gold_gain":0.0,"event_name":"The Cleric","player_choice":"Card Removal","floor":5.0,"gold_loss":50.0,"damage_taken":0.0},{"damage_healed":0.0,"max_hp_gain":0.0,"max_hp_loss":0.0,"gold_gain":0.0,"event_name":"Golden Idol","player_choice":"Take Damage","floor":10.0,"gold_loss":0.0,"damage_taken":19.0,"relics_obtained":["Golden Idol"]},{"damage_healed":0.0,"max_hp_gain":0.0,"max_hp_loss":0.0,"gold_gain":0.0,"event_name":"Masked Bandits","player_choice":"Fought Bandits","floor":21.0,"gold_loss":0.0,"damage_taken":0.0},{"cards_removed":["TheRailgun:Static"],"damage_healed":0,"gold_gain":0,"player_choice":"Removed Attack","damage_taken":0,"max_hp_gain":0,"max_hp_loss":0,"event_name":"Falling","floor":38,"gold_loss":0},{"damage_healed":0,"gold_gain":222,"player_choice":"Wore Mask","damage_taken":0,"max_hp_gain":0,"max_hp_loss":0,"event_name":"Tomb of Lord Red Mask","floor":39,"gold_loss":0},{"damage_healed":0,"gold_gain":300,"player_choice":"Gold","damage_taken":0,"max_hp_gain":0,"max_hp_loss":0,"event_name":"Wheel of Change","floor":44,"gold_loss":0}],"is_beta":false,"boss_relics":[{"not_picked":["SacredBark","Runic Dome"],"picked":"Sozu"},{"not_picked":["Cursed Key","Astrolabe"],"picked":"Fusion Hammer"}],"items_purged_floors":[28,37],"is_endless":false,"potions_floor_spawned":[2,11,14,19,20,24,29,30,40,47],"ascension_level":5}}