{"host":"091y6d77ht7dl3wb","time":1610439890,"event":{"mods":["AchievementEnabler","BaseMod","Colored Map","Hermit","Minty Spire (QoL Compilation)","Rare Cards Sparkle","StSLib"],"gold_per_floor":[109,109,109,123,40,68,68,81,81,113,35,35,46,72,72,167,167,181,181,193,193,209,209,236,236,236,283,283,314,324,249,249,352,352,364,364,376,376,401,436,436,464,464,464,301,319,0,50,50,57],"floor_reached":51,"playtime":2082,"items_purged":[],"score":884,"play_id":"49fad1b5-77d5-4f01-b590-683430a38e8a","local_time":"20210112172450","daily_mods":["Draft","Heirloom"],"is_ascension_mode":true,"campfire_choices":[{"floor":7,"key":"DIG"},{"floor":12,"key":"DIG"},{"floor":15,"key":"REST"},{"floor":23,"key":"REST"},{"floor":25,"key":"REST"},{"floor":32,"key":"REST"},{"floor":41,"key":"REST"},{"floor":44,"key":"DIG"},{"floor":49,"key":"REST"}],"circlet_count":0,"master_deck":["hermit:TrackingShot","hermit:SprayPray","hermit:Snipe","hermit:CursedWeapon","hermit:HighCaliber","hermit:Misfire","hermit:Glare","hermit:Spite","hermit:Feint","hermit:SprayPray","hermit:LowProfile","hermit:Deadeye","hermit:Misfire","hermit:HighCaliber","hermit:FlashPowder","hermit:Headshot","hermit:Snipe","hermit:Deadeye","hermit:LowProfile","hermit:Malice","hermit:Manifest","hermit:CursedWeapon","hermit:Ricochet","hermit:GhostlyPresence","hermit:BigShot","hermit:Feint","hermit:Brawl","hermit:Scavenge+1","hermit:Reprieve","hermit:HoleUp","hermit:Adapt","hermit:Malice+1","Discovery","hermit:ItchyTrigger","Injury","hermit:FatalDesire","hermit:SprayPray+1","Regret","Transmutation","hermit:Spite+1","hermit:Feint+1"],"relics":["hermit:Momento","FossilizedHelix","Mummified Hand","Shovel","Tiny Chest","Vajra","hermit:CharredGlove","Kunai","Odd Mushroom","SlaversCollar","CaptainsWheel","Lizard Tail","Pocketwatch","Regal Pillow","Centennial Puzzle","Juzu Bracelet","Cursed Key","Bag of Preparation","Smiling Mask","StrikeDummy","Bottled Tornado","StoneCalendar","Red Mask","TungstenRod"],"acts_visited":["Exordium","TheCity","TheBeyond"],"potions_floor_usage":[10,22,22,50,50,50],"damage_taken":[{"damage":0,"enemies":"Jaw Worm","floor":1,"turns":2},{"damage":0,"enemies":"2 Louse","floor":4,"turns":1},{"damage":13,"enemies":"3 Sentries","floor":6,"turns":6},{"damage":0,"enemies":"Cultist","floor":8,"turns":2},{"damage":0,"enemies":"Gremlin Nob","floor":10,"turns":2},{"damage":0,"enemies":"Red Slaver","floor":13,"turns":3},{"damage":3,"enemies":"The Mushroom Lair","floor":14,"turns":3},{"damage":31,"enemies":"Slime Boss","floor":16,"turns":10},{"damage":13,"enemies":"3 Byrds","floor":18,"turns":4},{"damage":20,"enemies":"2 Thieves","floor":20,"turns":3},{"damage":2,"enemies":"Centurion and Healer","floor":22,"turns":5},{"damage":31,"enemies":"Slavers","floor":24,"turns":5},{"damage":31,"enemies":"Gremlin Leader","floor":29,"turns":3},{"damage":0,"enemies":"Snecko","floor":30,"turns":2},{"damage":42,"enemies":"Collector","floor":33,"turns":9},{"damage":16,"enemies":"3 Shapes","floor":35,"turns":3},{"damage":21,"enemies":"3 Darklings","floor":37,"turns":5},{"damage":10,"enemies":"Nemesis","floor":40,"turns":3},{"damage":0,"enemies":"Reptomancer","floor":42,"turns":5},{"damage":33,"enemies":"4 Shapes","floor":46,"turns":4},{"damage":0,"enemies":"Mind Bloom Boss Battle","floor":48,"turns":4},{"damage":80,"enemies":"Awakened One","floor":50,"turns":15}],"seed_played":"-2385665805495001238","potions_obtained":[{"floor":4,"key":"SpeedPotion"},{"floor":6,"key":"Fire Potion"},{"floor":14,"key":"Regen Potion"},{"floor":18,"key":"SneckoOil"},{"floor":20,"key":"hermit:BlackBile"},{"floor":24,"key":"SpeedPotion"},{"floor":30,"key":"GamblersBrew"},{"floor":42,"key":"SteroidPotion"},{"floor":46,"key":"hermit:Tonic"}],"is_trial":true,"path_per_floor":["M","?","?","M","$","E","R","M","T","E","$","R","M","?","R","B",null,"M","T","M","?","M","R","E","R","T","T","T","E","M","?","R","B",null,"M","?","M","?","T","E","R","E","T","R","$","M","?","?","R","B",null],"character_chosen":"HERMIT","items_purchased":["hermit:Deadeye","hermit:LowProfile","hermit:CursedWeapon","Transmutation"],"campfire_rested":6,"item_purchase_floors":[5,5,11,45],"current_hp_per_floor":[75,57,57,57,57,44,44,44,44,44,44,44,44,41,63,32,75,62,62,42,28,40,64,33,57,57,57,57,26,26,26,65,23,80,64,64,55,55,55,45,80,80,80,80,80,47,47,47,80,64],"gold":57,"neow_bonus":"","is_daily":false,"chose_seed":false,"campfire_upgraded":0,"win_rate":0.0,"timestamp":1610439890,"path_taken":["M","?","?","M","$","E","R","?","T","E","?","R","M","?","R","BOSS","M","?","?","?","M","R","E","R","T","?","?","E","M","?","R","BOSS","M","?","M","?","?","E","R","E","T","R","$","M","?","?","R","BOSS"],"items_purchased_type":["Card","Card","Card","Card"],"build_version":"2020-12-22","purchased_purges":0,"victory":true,"max_hp_per_floor":[75,75,75,75,75,75,75,75,75,75,75,75,75,75,75,75,75,75,75,75,80,80,80,80,80,80,80,80,80,80,80,80,80,80,80,80,80,80,80,80,80,80,80,80,80,80,80,80,80,80],"card_choices":[{"not_picked":["hermit:HoleUp","hermit:CalledShot"],"picked":"hermit:TrackingShot","floor":0},{"not_picked":["hermit:CalledShot","hermit:Coalescence"],"picked":"hermit:SprayPray","floor":0},{"not_picked":["hermit:Dive","hermit:Roulette"],"picked":"hermit:Snipe","floor":0},{"not_picked":["hermit:Headshot","hermit:Scavenge"],"picked":"hermit:CursedWeapon","floor":0},{"not_picked":["hermit:SprayPray","hermit:LoneWolf"],"picked":"hermit:HighCaliber","floor":0},{"not_picked":["hermit:Desperado","hermit:HoleUp"],"picked":"hermit:Misfire","floor":0},{"not_picked":["hermit:Quickdraw","hermit:WideOpen"],"picked":"hermit:Glare","floor":0},{"not_picked":["hermit:EyeOfTheStorm","hermit:Combo"],"picked":"hermit:Spite","floor":0},{"not_picked":["hermit:Ricochet","hermit:Virtue"],"picked":"hermit:Feint","floor":0},{"not_picked":["hermit:Maintenance","hermit:ItchyTrigger"],"picked":"hermit:SprayPray","floor":0},{"not_picked":["hermit:Feint","hermit:TrackingShot"],"picked":"hermit:LowProfile","floor":0},{"not_picked":["hermit:LuckOfTheDraw","hermit:Quickdraw"],"picked":"hermit:Deadeye","floor":0},{"not_picked":["hermit:TrackingShot","hermit:HoleUp"],"picked":"hermit:Misfire","floor":0},{"not_picked":["hermit:DeadMansHand","hermit:WideOpen"],"picked":"hermit:HighCaliber","floor":0},{"not_picked":["hermit:Misfire","hermit:Brawl"],"picked":"hermit:FlashPowder","floor":0},{"not_picked":["hermit:Feint","hermit:Roulette"],"picked":"hermit:Headshot","floor":1},{"not_picked":["hermit:CalledShot","hermit:Midnight"],"picked":"hermit:Snipe","floor":4},{"not_picked":["hermit:Midnight","hermit:Coalescence"],"picked":"hermit:Malice","floor":6},{"not_picked":["hermit:DeadMansHand","hermit:Virtue","hermit:Desperado"],"picked":"SKIP","floor":8},{"not_picked":["hermit:TakeCover","hermit:ItchyTrigger"],"picked":"hermit:Manifest","floor":10},{"not_picked":["hermit:LowProfile","hermit:HoleUp"],"picked":"hermit:Ricochet","floor":13},{"not_picked":["hermit:Combo","hermit:Headshot"],"picked":"hermit:GhostlyPresence","floor":14},{"not_picked":["hermit:HighNoon","hermit:Gambit"],"picked":"hermit:RoundhouseKick","floor":16},{"not_picked":["hermit:LuckOfTheDraw","hermit:LowProfile+1"],"picked":"hermit:BigShot","floor":18},{"not_picked":["hermit:Misfire","hermit:Deadeye"],"picked":"hermit:Feint","floor":20},{"not_picked":["hermit:Deadeye","hermit:LowProfile+1"],"picked":"hermit:Brawl","floor":22},{"not_picked":["hermit:Feint","hermit:Coalescence"],"picked":"hermit:Scavenge+1","floor":24},{"not_picked":["hermit:Vantage","hermit:SprayPray"],"picked":"hermit:Reprieve","floor":29},{"not_picked":["hermit:Misfire","hermit:Headshot"],"picked":"hermit:HoleUp","floor":30},{"not_picked":["hermit:HighNoon","hermit:RoundhouseKick"],"picked":"hermit:Adapt","floor":33},{"not_picked":["hermit:Dive","hermit:Ricochet"],"picked":"hermit:Malice+1","floor":35},{"not_picked":["Flash of Steel","Dramatic Entrance"],"picked":"Discovery","floor":36},{"not_picked":["hermit:CursedWeapon+1","hermit:PistolWhip+1"],"picked":"hermit:ItchyTrigger","floor":37},{"not_picked":["hermit:Desperado+1","hermit:Roulette+1"],"picked":"hermit:FatalDesire","floor":40},{"not_picked":["hermit:Feint+1","hermit:Misfire"],"picked":"hermit:SprayPray+1","floor":42},{"not_picked":["hermit:Feint","hermit:DeadMansHand"],"picked":"hermit:Spite+1","floor":46},{"not_picked":["hermit:HighCaliber+1","hermit:BigShot"],"picked":"hermit:Feint+1","floor":48}],"player_experience":225400,"relics_obtained":[{"floor":6,"key":"Shovel"},{"floor":7,"key":"Tiny Chest"},{"floor":9,"key":"Vajra"},{"floor":10,"key":"hermit:CharredGlove"},{"floor":12,"key":"Kunai"},{"floor":14,"key":"Odd Mushroom"},{"floor":19,"key":"CaptainsWheel"},{"floor":24,"key":"Lizard Tail"},{"floor":26,"key":"Pocketwatch"},{"floor":27,"key":"Regal Pillow"},{"floor":28,"key":"Centennial Puzzle"},{"floor":29,"key":"Juzu Bracelet"},{"floor":39,"key":"Bag of Preparation"},{"floor":40,"key":"Smiling Mask"},{"floor":42,"key":"StrikeDummy"},{"floor":43,"key":"Bottled Tornado"},{"floor":44,"key":"StoneCalendar"},{"floor":48,"key":"TungstenRod"}],"event_choices":[{"damage_healed":0,"gold_gain":0,"player_choice":"Success","damage_taken":18,"relics_obtained":["Mummified Hand"],"max_hp_gain":0,"max_hp_loss":0,"event_name":"Scrap Ooze","floor":2,"gold_loss":0},{"damage_healed":0,"gold_gain":0,"player_choice":"Bought 0 Potions","damage_taken":0,"max_hp_gain":0,"max_hp_loss":0,"event_name":"The Woman in Blue","floor":3,"gold_loss":0},{"damage_healed":0,"gold_gain":0,"player_choice":"Fought Mushrooms","damage_taken":0,"max_hp_gain":0,"max_hp_loss":0,"event_name":"Mushrooms","floor":14,"gold_loss":0},{"damage_healed":0,"gold_gain":0,"player_choice":"Shed Blood","damage_taken":19,"max_hp_gain":5,"max_hp_loss":0,"event_name":"Forgotten Altar","floor":21,"gold_loss":0},{"cards_removed":["hermit:RoundhouseKick"],"damage_healed":0,"gold_gain":0,"player_choice":"Gave Gold","damage_taken":0,"max_hp_gain":0,"max_hp_loss":0,"event_name":"Beggar","floor":31,"gold_loss":75},{"damage_healed":0,"gold_gain":0,"player_choice":"Memory 1","damage_taken":0,"max_hp_gain":0,"max_hp_loss":0,"event_name":"SensoryStone","floor":36,"gold_loss":0},{"damage_healed":0,"gold_gain":0,"player_choice":"0 cards matched","damage_taken":0,"max_hp_gain":0,"max_hp_loss":0,"event_name":"Match and Keep!","floor":38,"gold_loss":0,"cards_obtained":[]},{"damage_healed":0,"gold_gain":0,"player_choice":"Paid","damage_taken":0,"relics_obtained":["Red Mask"],"max_hp_gain":0,"max_hp_loss":0,"event_name":"Tomb of Lord Red Mask","floor":47,"gold_loss":319},{"damage_healed":0,"gold_gain":0,"player_choice":"Fight","damage_taken":0,"max_hp_gain":0,"max_hp_loss":0,"event_name":"MindBloom","floor":48,"gold_loss":0}],"is_beta":false,"boss_relics":[{"not_picked":["hermit:DentedPlate","Ectoplasm"],"picked":"SlaversCollar"},{"not_picked":["Tiny House","Busted Crown"],"picked":"Cursed Key"}],"items_purged_floors":[],"is_endless":false,"potions_floor_spawned":[4,6,14,18,20,24,30,42,46,48],"ascension_level":1}}