{"host":"q0qnzbgdx8oqogg9","time":1610414691,"event":{"mods":["BaseMod","Minty Spire (QoL Compilation)","Slay-I","StSLib"],"gold_per_floor":[119,138,88,107,107,133,133,150,150,162,162,194,210,485,485,584,584,596,2,12,32,43,43,43,43,43,62,62,78,113,127,127,230,230,249,249,55,67,77,127,127,145,145,145,175,187,204,229,229,229,229,229,51,86,86,86],"floor_reached":55,"playtime":3164,"items_purged":["Regret"],"score":1029,"play_id":"3f254474-ad7a-48ae-b04e-270c1786aa25","local_time":"20210111202451","is_ascension_mode":true,"campfire_choices":[{"data":"Bash","floor":7.0,"key":"SMITH"},{"data":"Iron Wave","floor":15.0,"key":"SMITH"},{"data":"Apotheosis","floor":24.0,"key":"SMITH"},{"data":"Barricade","floor":28.0,"key":"SMITH"},{"floor":32.0,"key":"REST"},{"data":"Writhe","floor":41,"key":"PURGE"},{"floor":49,"key":"RECALL"},{"data":"Armaments+1","floor":52,"key":"PURGE"}],"circlet_count":0,"master_deck":["Strike_R","Strike_R","Strike_R","Strike_R","Defend_R","Defend_R","Defend_R","Defend_R","Bash+1","Cleave","Iron Wave+1","Exhume","Anger","Wild Strike","Uppercut","Offering","Apotheosis+1","Flame Barrier","Barricade+1","Headbutt","Fiend Fire","Impervious","Iron Wave+1","Shrug It Off","Entrench","Secret Weapon","Iron Wave+1","Battle Trance","Shrug It Off","Limit Break"],"relics":["Burning Blood","Lizard Tail","Sundial","Darkstone Periapt","StrikeDummy","Velvet Choker","Thread and Needle","Mango","The Courier","HornCleat","SacredBark","Bottled Tornado","Peace Pipe","Bottled Flame","Eternal Feather","Anchor"],"acts_visited":["Exordium","TheCity","TheBeyond","TheEnding"],"potions_floor_usage":[38,48,48,54],"damage_taken":[{"damage":2.0,"enemies":"2 Louse","floor":1.0,"turns":4.0},{"damage":5.0,"enemies":"Small Slimes","floor":2.0,"turns":3.0},{"damage":1.0,"enemies":"Cultist","floor":4.0,"turns":4.0},{"damage":18.0,"enemies":"Gremlin Nob","floor":6.0,"turns":6.0},{"damage":13.0,"enemies":"Red Slaver","floor":8.0,"turns":5.0},{"damage":0.0,"enemies":"Lots of Slimes","floor":10.0,"turns":2.0},{"damage":25.0,"enemies":"Lagavulin","floor":12.0,"turns":5.0},{"damage":0.0,"enemies":"3 Louse","floor":13.0,"turns":1.0},{"damage":45.0,"enemies":"Slime Boss","floor":16.0,"turns":9.0},{"damage":22.0,"enemies":"Shell Parasite","floor":18.0,"turns":4.0},{"damage":12.0,"enemies":"2 Thieves","floor":20.0,"turns":4.0},{"damage":6.0,"enemies":"Snake Plant","floor":21.0,"turns":3.0},{"damage":20.0,"enemies":"Cultist and Chosen","floor":22.0,"turns":5.0},{"damage":9.0,"enemies":"Chosen and Byrds","floor":27.0,"turns":4.0},{"damage":12.0,"enemies":"Snake Plant","floor":29.0,"turns":3.0},{"damage":12.0,"enemies":"Book of Stabbing","floor":30.0,"turns":5.0},{"damage":6.0,"enemies":"Sentry and Sphere","floor":31.0,"turns":7.0},{"damage":96.0,"enemies":"Collector","floor":33.0,"turns":10.0},{"damage":0.0,"enemies":"Orb Walker","floor":35.0,"turns":5.0},{"damage":6,"enemies":"3 Darklings","floor":38,"turns":6},{"damage":6,"enemies":"Sphere and 2 Shapes","floor":39,"turns":8},{"damage":6,"enemies":"Mind Bloom Boss Battle","floor":40,"turns":9},{"damage":8,"enemies":"Spire Growth","floor":42,"turns":8},{"damage":0,"enemies":"Giant Head","floor":45,"turns":18},{"damage":0,"enemies":"Maw","floor":46,"turns":13},{"damage":6,"enemies":"Sphere and 2 Shapes","floor":47,"turns":11},{"damage":36,"enemies":"Nemesis","floor":48,"turns":13},{"damage":19,"enemies":"Awakened One","floor":50,"turns":43},{"damage":29,"enemies":"Shield and Spear","floor":54,"turns":26},{"damage":123,"enemies":"The Heart","floor":55,"turns":8}],"seed_played":"7422089551094965584","potions_obtained":[{"floor":4.0,"key":"HeartOfIron"},{"floor":10.0,"key":"LiquidBronze"},{"floor":12.0,"key":"DistilledChaos"},{"floor":16.0,"key":"Swift Potion"},{"floor":21.0,"key":"DuplicationPotion"},{"floor":22.0,"key":"CultistPotion"},{"floor":27.0,"key":"Dexterity Potion"},{"floor":30.0,"key":"Fruit Juice"},{"floor":33.0,"key":"DistilledChaos"},{"floor":39,"key":"SneckoOil"},{"floor":40,"key":"Block Potion"},{"floor":45,"key":"LiquidMemories"},{"floor":47,"key":"Fruit Juice"}],"is_trial":false,"path_per_floor":["M","M","?","M","?","E","R","M","T","M","?","E","M","?","R","B",null,"M","$","M","M","M","T","R","$","T","M","R","M","E","M","R","B",null,"M","?","$","M","M","?","R","M","T","?","E","M","M","E","R","B",null,"R","$","E","B"],"character_chosen":"IRONCLAD","items_purchased":["Thread and Needle","Apotheosis","Flame Barrier","Bottled Tornado","Battle Trance","Shrug It Off","Limit Break"],"campfire_rested":1,"item_purchase_floors":[19,19,19,37,53,53,53],"current_hp_per_floor":[88,88,88,88,85,73,73,66,66,72,72,53,59,65,65,26,77,61,61,55,55,41,55,55,55,55,52,52,46,40,40,72,60,96,112,124,124,124,124,124,124,122,122,117,123,124,124,104,119,106,127,134,134,111,0,0],"gold":86,"neow_bonus":"TEN_PERCENT_HP_BONUS","is_daily":false,"chose_seed":false,"campfire_upgraded":4,"win_rate":0.0,"timestamp":1610414691,"path_taken":["M","M","?","M","?","E","R","M","T","M","?","E","M","?","R","BOSS","M","$","?","M","M","?","R","$","T","M","R","?","E","M","R","BOSS","M","?","$","M","M","?","R","M","T","?","E","M","M","E","R","BOSS","R","$","E","BOSS"],"items_purchased_type":["Relic","Card","Card","Relic","Card","Card","Card"],"build_version":"2020-12-22","purchased_purges":1,"victory":false,"max_hp_per_floor":[88,88,88,88,88,88,88,88,88,88,88,88,88,94,94,94,94,94,94,94,94,94,108,108,108,108,108,108,108,108,108,108,108,108,118,124,124,124,124,124,124,124,124,124,124,124,124,134,134,134,134,134,134,134,134,134],"card_choices":[{"not_picked":["Havoc","Body Slam"],"picked":"Armaments","floor":1.0},{"not_picked":["Metallicize","Perfected Strike"],"picked":"Cleave","floor":2.0},{"not_picked":["Carnage","Twin Strike"],"picked":"Iron Wave","floor":4.0},{"not_picked":["True Grit","Blood for Blood"],"picked":"Exhume","floor":6.0},{"not_picked":["Warcry","Shrug It Off"],"picked":"Anger","floor":8.0},{"not_picked":["Body Slam","Burning Pact"],"picked":"Wild Strike","floor":10.0},{"not_picked":["Evolve","Exhume"],"picked":"Uppercut","floor":12.0},{"not_picked":["Whirlwind","Cleave","Perfected Strike"],"picked":"SKIP","floor":13.0},{"not_picked":["Berserk","Exhume"],"picked":"Offering","floor":16.0},{"not_picked":["Carnage","Bloodletting","Dropkick"],"picked":"SKIP","floor":18.0},{"not_picked":["Rupture","Pummel","Combust"],"picked":"SKIP","floor":20.0},{"not_picked":["Clothesline","Heavy Blade+1","Cleave+1"],"picked":"SKIP","floor":21.0},{"not_picked":["Sentinel","Perfected Strike","Sword Boomerang"],"picked":"SKIP","floor":22.0},{"not_picked":["Clothesline+1","True Grit"],"picked":"Barricade","floor":27.0},{"not_picked":["Searing Blow","Reckless Charge","Heavy Blade"],"picked":"SKIP","floor":29.0},{"not_picked":["Twin Strike","Bloodletting"],"picked":"Headbutt","floor":30.0},{"not_picked":["Armaments+1","Perfected Strike"],"picked":"Fiend Fire","floor":31.0},{"not_picked":["Berserk","Immolate"],"picked":"Impervious","floor":33.0},{"not_picked":["Searing Blow+1","Wild Strike"],"picked":"Iron Wave+1","floor":35.0},{"not_picked":["Hemokinesis","Uppercut+1","Sword Boomerang"],"picked":"SKIP","floor":38},{"not_picked":["Havoc","Wild Strike","Fire Breathing+1"],"picked":"SKIP","floor":39},{"not_picked":["Bloodletting","Twin Strike+1"],"picked":"Shrug It Off","floor":40},{"not_picked":["Perfected Strike","Sever Soul"],"picked":"Entrench","floor":42},{"not_picked":["Mind Blast","Panacea"],"picked":"Secret Weapon","floor":44},{"not_picked":["Flex+1","Shrug It Off+1","Reckless Charge+1"],"picked":"SKIP","floor":45},{"not_picked":["Whirlwind+1","Iron Wave+1","Twin Strike"],"picked":"SKIP","floor":46},{"not_picked":["Fire Breathing+1","Infernal Blade+1"],"picked":"Iron Wave+1","floor":47},{"not_picked":["Clash","Sword Boomerang+1","Dual Wield"],"picked":"SKIP","floor":48},{"not_picked":["Dual Wield+1","Bloodletting+1","Rupture"],"picked":"SKIP","floor":54}],"player_experience":204856,"relics_obtained":[{"floor":6.0,"key":"Sundial"},{"floor":9.0,"key":"Darkstone Periapt"},{"floor":12.0,"key":"StrikeDummy"},{"floor":23.0,"key":"Mango"},{"floor":26.0,"key":"The Courier"},{"floor":30.0,"key":"HornCleat"},{"floor":40,"key":"Peace Pipe"},{"floor":45,"key":"Bottled Flame"},{"floor":48,"key":"Eternal Feather"},{"floor":54,"key":"Anchor"}],"event_choices":[{"cards_removed":["Strike_R"],"damage_healed":0.0,"max_hp_gain":0.0,"max_hp_loss":0.0,"gold_gain":0.0,"event_name":"The Cleric","player_choice":"Card Removal","floor":3.0,"gold_loss":50.0,"damage_taken":0.0},{"damage_healed":0.0,"max_hp_gain":0.0,"max_hp_loss":0.0,"gold_gain":0.0,"event_name":"Scrap Ooze","player_choice":"Success","floor":5.0,"gold_loss":0.0,"damage_taken":3.0,"relics_obtained":["Lizard Tail"]},{"damage_healed":0.0,"max_hp_gain":0.0,"max_hp_loss":0.0,"gold_gain":0.0,"event_name":"Living Wall","player_choice":"Grow","floor":11.0,"gold_loss":0.0,"damage_taken":0.0,"cards_upgraded":["Armaments"]},{"damage_healed":0.0,"max_hp_gain":0.0,"max_hp_loss":0.0,"gold_gain":275.0,"event_name":"Golden Shrine","player_choice":"Desecrate","floor":14.0,"gold_loss":0.0,"damage_taken":0.0,"cards_obtained":["Regret"]},{"damage_healed":30.0,"max_hp_gain":0.0,"max_hp_loss":0.0,"gold_gain":0.0,"event_name":"Winding Halls","player_choice":"Writhe","floor":36.0,"gold_loss":0.0,"damage_taken":0.0,"cards_obtained":["Writhe"]},{"damage_healed":0,"gold_gain":0,"player_choice":"Fight","damage_taken":0,"max_hp_gain":0,"max_hp_loss":0,"event_name":"MindBloom","floor":40,"gold_loss":0},{"damage_healed":0,"gold_gain":0,"player_choice":"Memory 2","damage_taken":5,"max_hp_gain":0,"max_hp_loss":0,"event_name":"SensoryStone","floor":44,"gold_loss":0}],"is_beta":false,"boss_relics":[{"not_picked":["Runic Cube","Runic Dome"],"picked":"Velvet Choker"},{"not_picked":["Sozu","Snecko Eye"],"picked":"SacredBark"}],"items_purged_floors":[19],"is_endless":false,"potions_floor_spawned":[4,10,12,16,21,22,27,30,33,39,40,45,47],"killed_by":"The Heart","ascension_level":5}}