{"host":"91blwi3hgehj6ch9","time":1610470962,"event":{"mods":["2.2 Compatiblity","AchievementEnabler","BaseMod","Colored Map","DeckTracker","Keyboard Shortcuts","Minty Spire (QoL Compilation)","Permanent Neow","Quick Restart","StSLib","SuperFastMode"],"gold_per_floor":[111,111,111,42,62,93,93,93,169,188,200,217,217,235,235,334,334,334,334],"floor_reached":18,"playtime":418,"items_purged":[],"score":299,"play_id":"1ffefc7d-9ea9-49fd-b135-035495f7c737","local_time":"20210113020242","is_ascension_mode":true,"campfire_choices":[{"data":"Eruption","floor":7.0,"key":"SMITH"},{"data":"MentalFortress","floor":13.0,"key":"SMITH"},{"floor":15.0,"key":"REST"}],"circlet_count":0,"master_deck":["AscendersBane","Strike_P","Strike_P","Strike_P","Strike_P","Defend_P","Defend_P","Defend_P","Eruption+1","Vigilance","MentalFortress+1","InnerPeace","Consecrate"],"relics":["HolyWater","NeowsBlessing","Darkstone Periapt","Frozen Egg 2","Singing Bowl"],"acts_visited":["Exordium","TheCity"],"potions_floor_usage":[16,18],"damage_taken":[{"damage":0.0,"enemies":"2 Louse","floor":1.0,"turns":1.0},{"damage":0.0,"enemies":"Small Slimes","floor":5.0,"turns":2.0},{"damage":0.0,"enemies":"Gremlin Nob","floor":6.0,"turns":1.0},{"damage":2.0,"enemies":"Cultist","floor":10.0,"turns":4.0},{"damage":3.0,"enemies":"Looter","floor":11.0,"turns":4.0},{"damage":11.0,"enemies":"3 Louse","floor":12.0,"turns":3.0},{"damage":10.0,"enemies":"Red Slaver","floor":14.0,"turns":4.0},{"damage":34,"enemies":"The Guardian","floor":16,"turns":11},{"damage":68,"enemies":"3 Byrds","floor":18,"turns":5}],"seed_played":"-4105509608061799894","potions_obtained":[{"floor":1.0,"key":"Ancient Potion"},{"floor":6.0,"key":"EssenceOfSteel"},{"floor":12.0,"key":"CultistPotion"}],"is_trial":false,"path_per_floor":["M","?","?","$","M","E","R","?","T","M","M","M","R","M","R","B",null,"M"],"character_chosen":"WATCHER","items_purchased":["InnerPeace"],"campfire_rested":1,"item_purchase_floors":[4],"current_hp_per_floor":[65,53,53,53,53,53,53,53,53,53,50,41,41,33,56,24,66,0,0],"gold":334,"neow_bonus":"THREE_ENEMY_KILL","is_daily":false,"chose_seed":false,"campfire_upgraded":2,"win_rate":0.0,"timestamp":1610470962,"path_taken":["M","?","?","$","M","E","R","?","T","M","M","M","R","M","R","BOSS","M"],"items_purchased_type":["Card"],"build_version":"2020-12-22","purchased_purges":0,"victory":false,"max_hp_per_floor":[72,72,72,72,72,72,72,72,72,74,74,76,76,78,78,80,80,80,80],"card_choices":[{"not_picked":["ThirdEye","WheelKick"],"picked":"MentalFortress","floor":1.0},{"not_picked":["Study","Crescendo","FlyingSleeves"],"picked":"SKIP","floor":5.0},{"not_picked":["SandsOfTime","CarveReality","DeceiveReality"],"picked":"SKIP","floor":6.0},{"not_picked":["WindmillStrike","Crescendo","Fasting2+1"],"picked":"Singing Bowl","floor":10.0},{"not_picked":["Prostrate","Pray"],"picked":"Consecrate","floor":11.0},{"not_picked":["FlurryOfBlows","BowlingBash","TalkToTheHand"],"picked":"Singing Bowl","floor":12.0},{"not_picked":["ThirdEye","ForeignInfluence","Fasting2+1"],"picked":"Singing Bowl","floor":14.0},{"not_picked":["Establishment+1","SpiritShield","DevaForm+1"],"picked":"Singing Bowl","floor":16}],"player_experience":170511,"relics_obtained":[{"floor":6.0,"key":"Frozen Egg 2"},{"floor":9.0,"key":"Singing Bowl"}],"event_choices":[{"damage_healed":0.0,"max_hp_gain":0.0,"max_hp_loss":0.0,"gold_gain":0.0,"event_name":"Scrap Ooze","player_choice":"Success","floor":2.0,"gold_loss":0.0,"damage_taken":12.0,"relics_obtained":["Darkstone Periapt"]},{"cards_removed":["Defend_P"],"damage_healed":0.0,"max_hp_gain":0.0,"max_hp_loss":0.0,"gold_gain":0.0,"event_name":"Living Wall","player_choice":"Forget","floor":3.0,"gold_loss":0.0,"damage_taken":0.0},{"damage_healed":0.0,"max_hp_gain":0.0,"max_hp_loss":0.0,"gold_gain":0.0,"event_name":"The Woman in Blue","player_choice":"Bought 0 Potions","floor":8.0,"gold_loss":0.0,"damage_taken":0.0}],"is_beta":false,"boss_relics":[{"not_picked":["Coffee Dripper","Cursed Key"],"picked":"HolyWater"}],"items_purged_floors":[],"is_endless":false,"potions_floor_spawned":[1,6,12,14],"killed_by":"3 Byrds","ascension_level":12}}