{"host":"xkmvu47k9fdstweo","time":1610475890,"event":{"mods":["BaseMod","Colored Map","Conspire","Hubris","Minty Spire (QoL Compilation)","Quick Restart","Railgun Mod","Shop Mod","StSLib","The Alterego","The Servant 0.9.4","The Wild Card","TheBandit","WarShipGirlsR/??è≠èóR mod","vexMod"],"gold_per_floor":[113,188,188,188,198,225,225,290,315,315,365,365,428,438,438,543,543,561,573,583,633,343,343,359,359,359],"floor_reached":25,"playtime":590,"items_purged":["Decay"],"score":296,"play_id":"50b261c2-6800-4252-889a-a8818d58e392","local_time":"20210112132450","is_ascension_mode":true,"campfire_choices":[{"data":"Sweeping Beam","floor":7.0,"key":"SMITH"},{"data":"Fission","floor":10.0,"key":"SMITH"},{"data":"Self Repair","floor":12.0,"key":"SMITH"},{"data":"Melter","floor":15.0,"key":"SMITH"},{"floor":23,"key":"REST"}],"circlet_count":0,"master_deck":["Strike_B","Strike_B","Strike_B","Strike_B","Defend_B","Defend_B","Defend_B","Defend_B","Zap+1","Dualcast","Melter+1","Self Repair+1","Sweeping Beam+1","Fission+1","Genetic Algorithm","Conserve Battery","Seek","Cold Snap","Undo","White Noise","Conserve Battery"],"relics":["Cracked Core","NeowsBlessing","SsserpentHead","vexMod:BarristanHead","Smiling Mask","vexMod:TanglingVine","Membership Card","Blood Vial"],"acts_visited":["Exordium","TheCity"],"potions_floor_usage":[25,25],"damage_taken":[{"damage":0.0,"enemies":"Jaw Worm","floor":1.0,"turns":1.0},{"damage":0.0,"enemies":"2 Louse","floor":5.0,"turns":1.0},{"damage":0.0,"enemies":"Lagavulin","floor":6.0,"turns":1.0},{"damage":1.0,"enemies":"Cultist","floor":8.0,"turns":3.0},{"damage":24.0,"enemies":"Exordium Wildlife","floor":13.0,"turns":4.0},{"damage":3.0,"enemies":"Red Slaver","floor":14.0,"turns":3.0},{"damage":40.0,"enemies":"Slime Boss","floor":16.0,"turns":9.0},{"damage":2,"enemies":"Spheric Guardian","floor":18,"turns":2},{"damage":24,"enemies":"3 Byrds","floor":19,"turns":5},{"damage":37,"enemies":"Snake Plant","floor":20,"turns":6},{"damage":24,"enemies":"Shelled Parasite and Fungi","floor":24,"turns":6},{"damage":38,"enemies":"Gremlin Leader","floor":25,"turns":4}],"seed_played":"8385373156298468483","potions_obtained":[{"floor":1.0,"key":"Ancient Potion"},{"floor":5.0,"key":"Weak Potion"},{"floor":8.0,"key":"Strength Potion"},{"floor":16.0,"key":"FocusPotion"},{"floor":20,"key":"Strength Potion"}],"is_trial":false,"path_per_floor":["M","?","?","?","M","E","R","M","T","R","?","R","M","M","R","B",null,"M","M","M","?","$","R","M","E"],"character_chosen":"DEFECT","items_purchased":["Membership Card","Blood Vial","White Noise"],"campfire_rested":1,"item_purchase_floors":[22,22,22],"current_hp_per_floor":[68,57,64,64,64,64,64,70,70,70,70,70,56,63,63,33,65,63,49,22,22,22,44,32,0,0],"gold":359,"neow_bonus":"THREE_ENEMY_KILL","is_daily":false,"chose_seed":false,"campfire_upgraded":4,"win_rate":0.0,"timestamp":1610475890,"path_taken":["M","?","?","?","M","E","R","?","T","R","?","R","?","M","R","BOSS","M","M","M","?","$","R","M","E"],"items_purchased_type":["Relic","Relic","Card"],"build_version":"2020-12-22","purchased_purges":1,"victory":false,"max_hp_per_floor":[75,75,75,75,75,75,75,75,75,75,75,75,75,75,75,75,75,75,75,75,75,75,75,75,75,75],"card_choices":[{"not_picked":["conspire:Rain","Recycle"],"picked":"Melter","floor":1.0},{"not_picked":["Gash","Recycle"],"picked":"Self Repair","floor":5.0},{"not_picked":["Ball Lightning","Rebound"],"picked":"Sweeping Beam","floor":6.0},{"not_picked":["Rebound","Compile Driver"],"picked":"Fission","floor":8.0},{"not_picked":["Redo","Steam"],"picked":"Genetic Algorithm","floor":13.0},{"not_picked":["Turbo","Rebound"],"picked":"Conserve Battery","floor":14.0},{"not_picked":["Fission","Reboot"],"picked":"Seek","floor":16.0},{"not_picked":["Reinforced Body","Beam Cell"],"picked":"Cold Snap","floor":18},{"not_picked":["Redo","Compile Driver+1","hubris:Prefetch"],"picked":"SKIP","floor":19},{"not_picked":["Steam","Reinforced Body"],"picked":"Undo","floor":20},{"not_picked":["Hologram","Ball Lightning"],"picked":"Conserve Battery","floor":24}],"player_experience":304703,"relics_obtained":[{"floor":6.0,"key":"vexMod:BarristanHead"},{"floor":9.0,"key":"Smiling Mask"}],"event_choices":[{"damage_healed":0.0,"max_hp_gain":0.0,"max_hp_loss":0.0,"gold_gain":75.0,"event_name":"World of Goop","player_choice":"Gather Gold","floor":2.0,"gold_loss":0.0,"damage_taken":11.0},{"damage_healed":0.0,"max_hp_gain":0.0,"max_hp_loss":0.0,"gold_gain":0.0,"event_name":"FaceTrader","player_choice":"Trade","floor":4.0,"gold_loss":0.0,"damage_taken":0.0,"relics_obtained":["SsserpentHead"]},{"damage_healed":0.0,"max_hp_gain":0.0,"max_hp_loss":0.0,"gold_gain":0.0,"event_name":"Upgrade Shrine","player_choice":"Upgraded","floor":11.0,"gold_loss":0.0,"damage_taken":0.0,"cards_upgraded":["Zap"]},{"damage_healed":0,"gold_gain":0,"player_choice":"Smashed Altar","damage_taken":0,"max_hp_gain":0,"max_hp_loss":0,"event_name":"Forgotten Altar","floor":21,"gold_loss":0,"cards_obtained":["Decay"]}],"is_beta":false,"boss_relics":[{"not_picked":["conspire:SlowCooker","vexMod:CursedCompass"],"picked":"vexMod:TanglingVine"}],"items_purged_floors":[22],"is_endless":false,"potions_floor_spawned":[1,5,8,16,20],"killed_by":"Gremlin Leader","ascension_level":6}}