{"host":"64h6jdpsiwrne03s","time":1610445920,"event":{"mods":["Act Like it!","BaseMod","Bestiary","Colored Powertips","Gensokyo","Marisa£®ÏF”Í°°ƒß¿Ì…≥£©","Minty Spire (QoL Compilation)","Reimu£®≤©¿ˆ¡È√Œ£©","Remilia£®¿Ÿ√◊¿Ú—«£©","StSLib","The Servant 0.9.4","Youmu£®ªÍ∆«—˝√Œ£©"],"gold_per_floor":[116,216,141,141,153,153,185,85,85,85,85],"floor_reached":10,"playtime":120,"items_purged":["Strike_Lin:ReiMu","Clumsy"],"score":160,"play_id":"7ebebe12-f1b8-4a1a-a7ba-2000ccb26cb1","local_time":"20210112180520","is_ascension_mode":true,"campfire_choices":[{"data":"DoubleButterfly:ReiMu","floor":6,"key":"SMITH"}],"circlet_count":0,"master_deck":["AscendersBane","Strike_Lin:ReiMu","Strike_Lin:ReiMu","Strike_Lin:ReiMu","Defend_Lin:ReiMu","Defend_Lin:ReiMu","Defend_Lin:ReiMu","Defend_Lin:ReiMu","NB:ReiMu","Stagnation:ReiMu","DoubleButterfly:ReiMu+1","PrayRite:ReiMu"],"relics":["FlyPower:ReiMu","NeowsBlessing","Gensokyo:NagashiBinaDoll","Centennial Puzzle","PreservedInsect"],"acts_visited":["Gensokyo:Gensokyo"],"potions_floor_usage":[],"damage_taken":[{"damage":0,"enemies":"Gensokyo:Gryphon","floor":1,"turns":1},{"damage":0,"enemies":"Gensokyo:2_Kodama","floor":5,"turns":1},{"damage":0,"enemies":"Gensokyo:Mamizou","floor":7,"turns":2},{"damage":0,"enemies":"Gensokyo:Cirno","floor":10,"turns":1}],"seed_played":"-8525344359714932558","potions_obtained":[{"floor":7,"key":"FearPotion"}],"is_trial":false,"path_per_floor":["M","?","$","?","M","R","E","$","T","E"],"character_chosen":"REIMU","items_purchased":[],"campfire_rested":0,"item_purchase_floors":[],"current_hp_per_floor":[54,54,54,54,54,54,54,54,54,54,54],"gold":85,"neow_bonus":"THREE_ENEMY_KILL","is_daily":false,"chose_seed":false,"campfire_upgraded":1,"win_rate":0.0,"timestamp":1610445920,"path_taken":["M","?","?","?","M","R","E","$","T","E"],"items_purchased_type":[],"build_version":"2020-12-22","purchased_purges":2,"victory":false,"max_hp_per_floor":[60,60,60,60,60,60,60,60,60,60,60],"card_choices":[{"not_picked":["AlertArray:ReiMu","SubcavityInstant:ReiMu","Conquer:ReiMu"],"picked":"SKIP","floor":1},{"not_picked":["CareerPray:ReiMu","InherentArray:ReiMu"],"picked":"DoubleButterfly:ReiMu","floor":5},{"not_picked":["RainPray2:ReiMu","SpringWay:ReiMu"],"picked":"PrayRite:ReiMu","floor":7}],"player_experience":409051,"relics_obtained":[{"floor":7,"key":"Centennial Puzzle"},{"floor":9,"key":"PreservedInsect"}],"event_choices":[],"is_beta":false,"boss_relics":[],"items_purged_floors":[3,8],"is_endless":false,"potions_floor_spawned":[7],"killed_by":"Gensokyo:Cirno","ascension_level":18}}