{"host":"4a0aa7b2d8dxohwr","time":1610464813,"event":{"mods":["ATMod(∞¢Ë™Mod)","Act Like it!","BaseMod","Dota2Spire","Gensokyo","GifTheSpireLib","Marisa£®ÏF”Í°°ƒß¿Ì…≥£©","Minty Spire (QoL Compilation)","Reimu£®≤©¿ˆ¡È√Œ£©","Remilia£®¿Ÿ√◊¿Ú—«£©","Shop Mod","StSLib","The Servant 0.9.4","Youmu£®ªÍ∆«—˝√Œ£©","[IsaacMod]“‘»ˆº‚À˛"],"gold_per_floor":[114,114,114,132,148,177,177,203,203,237,237,160,160,175,175,247,247,459,471,227,237,237,271,271,271,343,370,370,384,419,419,419,498,498,514,539,277,277,292,321,335,335,362,362,389,402,435,455,455,455,455,455,164,195,195],"floor_reached":56,"playtime":2261,"items_purged":["Strike_RM","Strike_RM","Strike_RM"],"score":3268,"play_id":"a1da52d5-1a10-4090-a731-7af98d6f73b2","local_time":"20210112232013","is_ascension_mode":true,"campfire_choices":[{"data":"AT_Dispersion","floor":7.0,"key":"SMITH"},{"data":"BloodRain","floor":13.0,"key":"SMITH"},{"data":"ScarletDream","floor":15.0,"key":"SMITH"},{"data":"ScarletCoffin","floor":24.0,"key":"SMITH"},{"data":"MastersStateliness","floor":28.0,"key":"SMITH"},{"data":"ForecastOfChange","floor":32.0,"key":"SMITH"},{"data":"CeilingFear","floor":42.0,"key":"SMITH"},{"data":"MastersStateliness","floor":44.0,"key":"SMITH"},{"floor":49,"key":"RECALL"},{"data":"BloodAndWine","floor":52,"key":"SMITH"}],"circlet_count":0,"master_deck":["AscendersBane","Defend_RM","Defend_RM","Defend_RM","Defend_RM","ScarletShoot","AT_Dispersion+1","DiffusionOfMisfortune","BloodAndWine+1","StarOfDavid","ScarletDream+1","BloodRain+1","NightDance","ScarletCoffin+1","Ultimatum","MastersStateliness+1","ChainGang","UnstableMagic","ForecastOfChange+1","CeilingFear+1","MastersStateliness+1","MastersStateliness+1","TwelveNightmare+1"],"relics":["ScarletHat","AT_ATBox","HushsDoor","BookofShadows","Gensokyo:Justice","Bird Faced Urn","AnarchistCookbook","TypeBBloodRedTea","AT_SunfireAegis","APieceOfRedMist","GuppysCollar","Gremlin Horn","Lee\u0027s Waffle","AT_BladeRuinedKing","Kunai","Mercury Hourglass","TuHaoJin","Gensokyo:DirgeOfMelancholy","AT_TrinityForce","GuppysPaw","PunchingBag","Habit","Dota2Spire:AghanimScepter","Question Card","DeadEye","AT_SpeedBoots","Dota2Spire:MonkeyKingBar"],"acts_visited":["Gensokyo:Gensokyo","Gensokyo:Gensokyoer","TheBeyond","TheEnding"],"potions_floor_usage":[55,55],"damage_taken":[{"damage":3.0,"enemies":"Gensokyo:Gryphon","floor":1.0,"turns":4.0},{"damage":0.0,"enemies":"Gensokyo:Python","floor":4.0,"turns":4.0},{"damage":0.0,"enemies":"Gensokyo:3_Fairies","floor":5.0,"turns":4.0},{"damage":3.0,"enemies":"Gensokyo:Mamizou","floor":6.0,"turns":10.0},{"damage":3.0,"enemies":"Gensokyo:Cirno","floor":8.0,"turns":5.0},{"damage":0.0,"enemies":"Gensokyo:Mamizou","floor":10.0,"turns":7.0},{"damage":4.0,"enemies":"Gensokyo:VengefulSpirit","floor":14.0,"turns":5.0},{"damage":0.0,"enemies":"Gensokyo:Yukari","floor":16.0,"turns":5.0},{"damage":0.0,"enemies":"Gensokyo:Chomper","floor":18.0,"turns":3.0},{"damage":4.0,"enemies":"Gensokyo:3_Dogs","floor":19.0,"turns":4.0},{"damage":0.0,"enemies":"Gensokyo:Slime_Group","floor":21.0,"turns":1.0},{"damage":0.0,"enemies":"Gensokyo:Koishi","floor":23.0,"turns":5.0},{"damage":0.0,"enemies":"Gensokyo:Reisen","floor":27.0,"turns":4.0},{"damage":0.0,"enemies":"Gensokyo:Monolith_and_Dog","floor":29.0,"turns":1.0},{"damage":0.0,"enemies":"Gensokyo:Koishi","floor":30.0,"turns":3.0},{"damage":36.0,"enemies":"Gensokyo:Kaguya","floor":33.0,"turns":8.0},{"damage":0.0,"enemies":"Orb Walker","floor":35.0,"turns":2.0},{"damage":0.0,"enemies":"Mind Bloom Boss Battle","floor":36.0,"turns":6.0},{"damage":0.0,"enemies":"3 Darklings","floor":39.0,"turns":1.0},{"damage":0.0,"enemies":"Nemesis","floor":40.0,"turns":3.0},{"damage":3.0,"enemies":"Sphere and 2 Shapes","floor":41.0,"turns":3.0},{"damage":3.0,"enemies":"Giant Head","floor":45.0,"turns":5.0},{"damage":3.0,"enemies":"Transient","floor":46.0,"turns":5.0},{"damage":3.0,"enemies":"Reptomancer","floor":47.0,"turns":5.0},{"damage":4.0,"enemies":"4 Shapes","floor":48.0,"turns":1.0},{"damage":5,"enemies":"Donu and Deca","floor":50,"turns":6},{"damage":0,"enemies":"Shield and Spear","floor":54,"turns":3},{"damage":31,"enemies":"The Heart","floor":55,"turns":6}],"seed_played":"9196540179721004955","potions_obtained":[{"floor":4.0,"key":"PowerPotion"},{"floor":10.0,"key":"Energy Potion"},{"floor":27.0,"key":"EssenceOfSteel"},{"floor":39.0,"key":"LiquidMemories"},{"floor":54,"key":"DistilledChaos"}],"is_trial":false,"path_per_floor":["M","?","?","M","M","E","R","E","T","E","?","COS","R","M","R","B",null,"M","M","$","M","?","E","R","?","T","E","R","M","E","?","R","B",null,"M","?","$","?","M","E","M","R","T","R","E","M","E","M","R","B",null,"R","$","E","B",null],"character_chosen":"REMILIA","items_purchased":["GuppysCollar","Lee\u0027s Waffle","GuppysPaw","Habit","AT_SpeedBoots"],"campfire_rested":0,"item_purchase_floors":[17,20,34,37,53],"current_hp_per_floor":[67,67,67,67,67,68,68,71,71,77,77,77,77,73,73,77,64,64,61,71,71,71,71,71,71,71,71,71,71,71,71,71,52,59,61,61,61,58,58,58,58,58,58,58,58,58,58,54,54,55,57,57,57,58,54],"gold":195,"neow_bonus":"TEN_PERCENT_HP_BONUS","is_daily":false,"chose_seed":false,"campfire_upgraded":9,"win_rate":0.0,"timestamp":1610464813,"path_taken":["M","?","?","M","M","E","R","E","T","E","?","COS","R","M","R","BOSS","M","M","$","M","?","E","R","?","T","E","R","M","E","?","R","BOSS","M","?","$","?","M","E","M","R","T","R","E","M","E","M","R","BOSS","R","$","E","BOSS"],"items_purchased_type":["Relic","Relic","Relic","Relic","Relic"],"build_version":"2020-12-22","purchased_purges":3,"victory":true,"max_hp_per_floor":[77,77,77,77,77,77,77,77,77,77,77,77,77,77,77,77,64,64,64,71,71,71,71,71,71,71,71,71,71,71,71,71,71,61,61,61,61,58,58,58,58,58,58,58,58,58,58,58,58,58,58,58,58,58,58],"card_choices":[{"not_picked":["Ultimatum","ScarletGensokyo"],"picked":"DiffusionOfMisfortune","floor":1.0},{"not_picked":["BloodyHallows","CharismaGuard"],"picked":"BloodAndWine","floor":4.0},{"not_picked":["ForbiddenFruit","MiserableFate"],"picked":"StarOfDavid","floor":5.0},{"not_picked":["ForbiddenFruit","CharismaGuard","BadLadyScramble"],"picked":"SKIP","floor":6.0},{"not_picked":["VampireClaw","EmergencyRegeneration"],"picked":"ScarletDream","floor":8.0},{"not_picked":["UnstableMagic","DiffusionOfMisfortune"],"picked":"BloodRain","floor":10.0},{"not_picked":["ScarletNetherworld","RedMagic"],"picked":"NightDance","floor":14.0},{"not_picked":["EquivalentExchange","BloodyHallows"],"picked":"ScarletCoffin","floor":16.0},{"not_picked":["BloodHunter+1","RedRainbow"],"picked":"Ultimatum","floor":18.0},{"not_picked":["FitfulNightmare","Septette"],"picked":"MastersStateliness","floor":19.0},{"not_picked":["UnderTheZenith","AfternoonTea","ForbiddenFruit"],"picked":"SKIP","floor":21.0},{"not_picked":["ScarletMeister","ReincarnationDial"],"picked":"ChainGang","floor":23.0},{"not_picked":["ForbiddenFruit+1","StarOfDavid"],"picked":"UnstableMagic","floor":27.0},{"not_picked":["ScarletDevil","CharismaGuard","VampireClaw"],"picked":"SKIP","floor":29.0},{"not_picked":["HunterOfTheNight","BlasphemousPunishment"],"picked":"ForecastOfChange","floor":30.0},{"not_picked":["BloodySeventeenLaser","KillingBlow"],"picked":"CeilingFear","floor":33.0},{"not_picked":["ScarletSymphony","BadLadyScramble+1","StarOfDavid"],"picked":"SKIP","floor":35.0},{"not_picked":["DiffusionOfMisfortune+1","CharismaGuard+1","UnstableMagic+1"],"picked":"SKIP","floor":39.0},{"not_picked":["ScarletMeister","GlobalNightmare","HunterOfTheNight+1"],"picked":"SKIP","floor":40.0},{"not_picked":["CharismaGuard","Maim"],"picked":"MastersStateliness","floor":41.0},{"not_picked":["EndlessAdversity","ScarletGensokyo+1","ScarletDevil+1"],"picked":"SKIP","floor":45.0},{"not_picked":["VampirishNight","ScarletGensokyo+1","StarOfDavid","EndlessAdversity+1"],"picked":"SKIP","floor":46.0},{"not_picked":["UltimateOffering","EndlessAdversity","CharismaGuard","ScarletDevil"],"picked":"SKIP","floor":47.0},{"not_picked":["VampireKiss+1","TransientEternity","SuperhumanBloodyKnife"],"picked":"MastersStateliness+1","floor":48},{"not_picked":["FitfulNightmare+1","CharismaGuard","QueenOfMidnight"],"picked":"TwelveNightmare+1","floor":54}],"player_experience":443788,"relics_obtained":[{"floor":6.0,"key":"Bird Faced Urn"},{"floor":8.0,"key":"AnarchistCookbook"},{"floor":9.0,"key":"TypeBBloodRedTea"},{"floor":10.0,"key":"AT_SunfireAegis"},{"floor":23.0,"key":"AT_BladeRuinedKing"},{"floor":26.0,"key":"Kunai"},{"floor":27.0,"key":"Mercury Hourglass"},{"floor":30.0,"key":"TuHaoJin"},{"floor":36.0,"key":"PunchingBag"},{"floor":40.0,"key":"Dota2Spire:AghanimScepter"},{"floor":45.0,"key":"Question Card"},{"floor":47.0,"key":"DeadEye"},{"floor":54,"key":"Dota2Spire:MonkeyKingBar"}],"event_choices":[{"damage_healed":0.0,"max_hp_gain":0.0,"max_hp_loss":0.0,"gold_gain":0.0,"event_name":"MindBloom","player_choice":"Fight","floor":36.0,"gold_loss":0.0,"damage_taken":0.0},{"damage_healed":0.0,"max_hp_gain":0.0,"max_hp_loss":3.0,"gold_gain":0.0,"event_name":"Winding Halls","player_choice":"Max HP","floor":38.0,"gold_loss":0.0,"damage_taken":0.0}],"is_beta":false,"boss_relics":[{"not_picked":["ChampionBelt","Sozu"],"picked":"APieceOfRedMist"},{"not_picked":[]},{"not_picked":["SacredBark","Empty Cage"],"picked":"AT_TrinityForce"},{"not_picked":[]}],"items_purged_floors":[20,37,53],"is_endless":false,"potions_floor_spawned":[4,10,19,27,29,33,36,39,40,41,54],"ascension_level":16}}