{"host":"otf1z5955ddlv5pq","time":1610425722,"event":{"mods":["BaseMod","Beaked The Cultist","Better Altar","Better Match","Better Note","Better Sensory Stone","Better Skull","Better Third Choice","Colored Map","Colored Powertips","Downfall","Minty Spire (QoL Compilation)","Rare Cards Sparkle","Replay The Spire","StSLib","The Dragon Tamer"],"gold_per_floor":[99,114,126,126,226,236,288,288,288,308,308,320,320,349,363,461,461,461,476,488,498,498,531,531,531,543,148,148,148,163,197,212,308,308,308,320,42,53,53,67,67,67,67,67,67],"floor_reached":43,"playtime":4565,"items_purged":["hexamod:Strike","hexamod:Sear"],"score":470,"play_id":"702dab58-4e63-4fc5-9452-55fb6b753d21","local_time":"20210111202842","is_ascension_mode":false,"campfire_choices":[{"data":"hexamod:Float","floor":1.0,"key":"SMITH"},{"floor":8.0,"key":"REST"},{"floor":11.0,"key":"REST"},{"data":"hexamod:GhostOfSpireFuture","floor":13.0,"key":"SMITH"},{"data":"hexamod:GhostflameBarrier","floor":18.0,"key":"SMITH"},{"data":"hexamod:TimeOfNeed","floor":25.0,"key":"SMITH"},{"floor":29.0,"key":"REST"},{"data":"hexamod:SearingWound","floor":35.0,"key":"SMITH"},{"floor":42,"key":"REST"}],"circlet_count":0,"master_deck":["hexamod:Defend+1","hexamod:Defend","hexamod:Defend","hexamod:Float+1","hexamod:Hexaguard+1","hexamod:StepThrough+1","hexamod:TimeOfNeed+1","hexamod:ChargedBarrage+1","hexamod:BurningTouch","hexamod:GhostOfSpireFuture+1","hexamod:GhostflameBarrier+1","hexamod:HeatMetal","hexamod:GhostflameInferno+1","Dark Echo","hexamod:GhostShield+1","Footwork+1","hexamod:Incineration+1","hexamod:RainOfEmbers+1","hexamod:ThermalTransfer+1","hexamod:SearingWound+1","hexamod:SoulSteal","hexamod:FlamesFromBeyond+1","hexamod:VolcanoVisage","hexamod:EtherealExpedition+1"],"relics":["hexamod:SpiritBrand","Blood Vial","downfall:ShatteredFragment","ReplayTheSpireMod:TigerMarble","Omamori","beaked:SacredDeck","Molten Egg 2","Meat on the Bone","Guide Book","Oddly Smooth Stone","Akabeko","Empty Cage","Orichalcum"],"acts_visited":["Exordium","TheCity","TheBeyond"],"potions_floor_usage":[43],"damage_taken":[{"damage":0.0,"enemies":"Cultist","floor":2.0,"turns":4.0},{"damage":0.0,"enemies":"Jaw Worm","floor":3.0,"turns":4.0},{"damage":31.0,"enemies":"downfall:Heads","floor":5.0,"turns":7.0},{"damage":0.0,"enemies":"Small Slimes","floor":6.0,"turns":3.0},{"damage":7.0,"enemies":"Exordium Wildlife","floor":10.0,"turns":3.0},{"damage":0.0,"enemies":"Large Slime","floor":12.0,"turns":5.0},{"damage":0.0,"enemies":"Replay:BlueRogue","floor":14.0,"turns":3.0},{"damage":6.0,"enemies":"3 Louse","floor":15.0,"turns":2.0},{"damage":5.0,"enemies":"downfall:Ironclad","floor":16.0,"turns":6.0},{"damage":0.0,"enemies":"Chosen","floor":19.0,"turns":3.0},{"damage":0.0,"enemies":"Shell Parasite","floor":20.0,"turns":3.0},{"damage":1.0,"enemies":"Centurion and Healer","floor":21.0,"turns":3.0},{"damage":19.0,"enemies":"Book of Stabbing","floor":23.0,"turns":6.0},{"damage":0.0,"enemies":"Snecko","floor":26.0,"turns":4.0},{"damage":0.0,"enemies":"downfall:FleeingMerchant","floor":27.0,"turns":4.0},{"damage":0.0,"enemies":"Snake Plant","floor":30.0,"turns":2.0},{"damage":11.0,"enemies":"Slavers","floor":31.0,"turns":5.0},{"damage":3.0,"enemies":"Centurion and Healer","floor":32.0,"turns":4.0},{"damage":12.0,"enemies":"downfall:Watcher","floor":33.0,"turns":7.0},{"damage":0.0,"enemies":"3 Darklings","floor":36.0,"turns":1.0},{"damage":0.0,"enemies":"downfall:FleeingMerchant","floor":37.0,"turns":4.0},{"damage":20.0,"enemies":"3 Shapes","floor":38.0,"turns":3.0},{"damage":35,"enemies":"Transient","floor":40,"turns":5},{"damage":45,"enemies":"Reptomancer","floor":43,"turns":2}],"seed_played":"3307793425563345034","potions_obtained":[{"floor":5.0,"key":"BlessingOfTheForge"},{"floor":6.0,"key":"hexamod:DoubleChargePotion"},{"floor":10.0,"key":"Elixir"},{"floor":40,"key":"CultistPotion"}],"is_trial":false,"path_per_floor":["R","M","M","?","?","M","T","R","?","M","R","M","R","E","M","B",null,"R","M","M","M","?","E","T","R","M","$","?","R","M","E","M","B",null,"R","M","$","M","?","M","T","R","E"],"character_chosen":"THE_SPIRIT","items_purchased":["Guide Book","Oddly Smooth Stone","hexamod:VolcanoVisage"],"campfire_rested":4,"item_purchase_floors":[27,27,37],"current_hp_per_floor":[70,70,70,49,20,22,22,43,43,38,59,61,61,63,59,56,70,70,70,70,69,69,51,51,51,53,55,55,70,70,59,58,48,70,70,70,70,50,42,21,21,42,0,0,0],"gold":67,"neow_bonus":"RANDOM_COMMON_RELIC","is_daily":false,"chose_seed":false,"campfire_upgraded":5,"win_rate":0.0,"timestamp":1610425722,"path_taken":["R","M","?","?","?","M","T","R","?","M","R","?","R","E","M","BOSS","R","M","M","M","?","E","T","R","M","$","?","R","M","E","M","BOSS","R","?","$","M","?","M","T","R","E"],"items_purchased_type":["Relic","Relic","Card"],"build_version":"2020-12-22","purchased_purges":2,"victory":false,"max_hp_per_floor":[70,70,70,70,70,70,70,70,70,70,70,70,70,70,70,70,70,70,70,70,70,70,70,70,70,70,70,70,70,70,70,70,70,70,70,70,70,70,70,70,70,70,70,70,70],"card_choices":[{"not_picked":["hexamod:PhantomCloak","hexamod:SecondSeal"],"picked":"hexamod:Hexaguard","floor":2.0},{"not_picked":["hexamod:ThermalTransfer","hexamod:NightmareStrike"],"picked":"hexamod:StepThrough","floor":3.0},{"not_picked":["hexamod:ShieldOfDarkness","hexamod:ThermalTransfer"],"picked":"hexamod:ChargedBarrage","floor":5.0},{"not_picked":["hexamod:RetreatToShadows","hexamod:HauntingEcho"],"picked":"hexamod:BurningTouch","floor":6.0},{"not_picked":["hexamod:HexaLevel","hexamod:Hexaguard","hexamod:NightmareGuise"],"picked":"SKIP","floor":10.0},{"not_picked":["hexamod:InspiringFlames","hexamod:BacktrackSmack"],"picked":"hexamod:GhostOfSpireFuture","floor":12.0},{"not_picked":["hexamod:ThirdSeal","hexamod:ThermalTransfer"],"picked":"hexamod:GhostflameBarrier","floor":14.0},{"not_picked":["hexamod:AdvancingGuard","hexamod:NightmareGuise"],"picked":"hexamod:HeatMetal","floor":15.0},{"not_picked":["hexamod:CrushingStance","hexamod:EmpoweringStance"],"picked":"hexamod:GhostflameInferno","floor":16.0},{"not_picked":["hexamod:Hexaguard","hexamod:RainOfEmbers","hexamod:SkipABeat+1"],"picked":"SKIP","floor":19.0},{"not_picked":["hexamod:BacktrackSmack","hexamod:SwordOfDarkness+1"],"picked":"hexamod:GhostShield+1","floor":20.0},{"not_picked":["hexamod:GhostLash","hexamod:RainOfEmbers","hexamod:GhostShield"],"picked":"SKIP","floor":21.0},{"not_picked":["hexamod:CatchUp+1","hexamod:EmpoweredFlame+1","hexamod:NightmareGuise"],"picked":"SKIP","floor":23.0},{"not_picked":["hexamod:Hexaguard","hexamod:ThirdSeal"],"picked":"hexamod:Incineration+1","floor":26.0},{"not_picked":["hexamod:SwordOfDarkness+1","hexamod:NightmareGuise","hexamod:SpectralAdrenaline"],"picked":"SKIP","floor":27.0},{"not_picked":["hexamod:GhostflameBarrier","hexamod:Again"],"picked":"hexamod:RainOfEmbers+1","floor":30.0},{"not_picked":["hexamod:InspiringFlames","hexamod:GhostflameBarrier"],"picked":"hexamod:ThermalTransfer+1","floor":31.0},{"not_picked":["hexamod:GhostflameInferno","hexamod:NecessarySacrifice","hexamod:EmpoweredFlame"],"picked":"SKIP","floor":32.0},{"not_picked":["hexamod:GiftsFromTheDead","hexamod:TimeOfNeed"],"picked":"hexamod:SearingWound","floor":33.0},{"not_picked":["hexamod:GhostLash+1","hexamod:Haunt"],"picked":"hexamod:SoulSteal","floor":36.0},{"not_picked":["hexamod:Incineration+1","hexamod:AdvancingGuard+1"],"picked":"hexamod:FlamesFromBeyond","floor":37.0},{"not_picked":["hexamod:NightmareGuise","hexamod:BacktrackSmack+1"],"picked":"hexamod:EtherealExpedition+1","floor":38.0},{"not_picked":["hexamod:RainOfEmbers+1","hexamod:BacktrackSmack+1","hexamod:HeatMetal+1"],"picked":"SKIP","floor":40}],"player_experience":1175514,"relics_obtained":[{"floor":7.0,"key":"ReplayTheSpireMod:TigerMarble"},{"floor":14.0,"key":"Omamori"},{"floor":23.0,"key":"Molten Egg 2"},{"floor":24.0,"key":"Meat on the Bone"},{"floor":31.0,"key":"Akabeko"},{"floor":41,"key":"Orichalcum"}],"event_choices":[{"cards_removed":["Dark Echo"],"damage_healed":0.0,"max_hp_gain":0.0,"max_hp_loss":0.0,"gold_gain":0.0,"event_name":"betterNote:BetterNote","player_choice":"Take \u0026 Give","floor":22.0,"gold_loss":0.0,"damage_taken":0.0,"cards_obtained":["Footwork"]}],"is_beta":false,"boss_relics":[{"not_picked":["Replay:Drink Me","Ring of Chaos"],"picked":"beaked:SacredDeck"},{"not_picked":["Replay:Bronze Core","Philosopher\u0027s Stone"],"picked":"Empty Cage"}],"items_purged_floors":[27,37],"is_endless":false,"potions_floor_spawned":[5,6,10,14,19,21,23,31,40],"killed_by":"Reptomancer","ascension_level":0}}