{"host":"w9yruvs4bqht6bhw","time":1610425493,"event":{"mods":["BaseMod","Colored Powertips","Minty Spire (QoL Compilation)"],"gold_per_floor":[113,130,205,215,215,231,258,258,258,287,298,298,152,167,167,269,319,338,348,248,248,248,248],"floor_reached":22,"playtime":870,"items_purged":["Bash"],"score":309,"play_id":"d178963c-e3c0-4675-be97-90711f326170","local_time":"20210111232453","is_ascension_mode":true,"campfire_choices":[{"floor":8,"key":"REST"},{"floor":15,"key":"REST"}],"circlet_count":0,"master_deck":["Strike_R+1","Strike_R+1","Strike_R+1","Strike_R+1","Strike_R+1","Defend_R+1","Defend_R+1","Defend_R+1","Defend_R+1","Uppercut","Shockwave","Anger","Sentinel","Spot Weakness","Limit Break","True Grit","Headbutt","Feel No Pain","Pommel Strike+1"],"relics":["Burning Blood","NeowsBlessing","Pear","Ornamental Fan","Darkstone Periapt","Paper Frog","Tiny House"],"acts_visited":["Exordium","TheCity"],"potions_floor_usage":[16,16,16,22,22],"damage_taken":[{"damage":0,"enemies":"Jaw Worm","floor":1,"turns":1},{"damage":0,"enemies":"Small Slimes","floor":2,"turns":1},{"damage":0,"enemies":"Cultist","floor":4,"turns":1},{"damage":28,"enemies":"Large Slime","floor":6,"turns":7},{"damage":36,"enemies":"Lagavulin","floor":7,"turns":8},{"damage":32,"enemies":"Gremlin Nob","floor":10,"turns":5},{"damage":9,"enemies":"2 Fungi Beasts","floor":11,"turns":2},{"damage":8,"enemies":"Blue Slaver","floor":14,"turns":3},{"damage":49,"enemies":"Hexaghost","floor":16,"turns":11},{"damage":27,"enemies":"Chosen","floor":18,"turns":7},{"damage":50,"enemies":"Spheric Guardian","floor":19,"turns":6},{"damage":50,"enemies":"Shelled Parasite and Fungi","floor":22,"turns":5}],"seed_played":"-8225444674328591372","potions_obtained":[{"floor":4,"key":"ColorlessPotion"},{"floor":10,"key":"Block Potion"},{"floor":11,"key":"DistilledChaos"},{"floor":17,"key":"FairyPotion"}],"is_trial":false,"path_per_floor":["M","M","?","M","?","M","E","R","T","E","M","?","$","M","R","B",null,"M","M","$","?","M"],"character_chosen":"IRONCLAD","items_purchased":["True Grit","BlessingOfTheForge","Strength Potion","Dexterity Potion"],"campfire_rested":2,"item_purchase_floors":[13,13,20,20],"current_hp_per_floor":[78,80,69,75,85,63,33,60,60,34,31,61,61,59,86,43,83,62,18,18,18,0,0],"gold":248,"neow_bonus":"THREE_ENEMY_KILL","is_daily":false,"chose_seed":false,"campfire_upgraded":0,"win_rate":0.0,"timestamp":1610425493,"path_taken":["M","M","?","M","?","M","E","R","T","E","?","?","$","M","R","BOSS","M","M","$","?","M"],"items_purchased_type":["Card","Potion","Potion","Potion"],"build_version":"2020-12-22","purchased_purges":1,"victory":false,"max_hp_per_floor":[80,80,80,80,90,90,90,90,90,90,90,90,90,90,90,90,95,95,95,95,95,95,95],"card_choices":[{"not_picked":["Armaments","Dark Embrace"],"picked":"Uppercut","floor":1},{"not_picked":["Intimidate","Cleave"],"picked":"Shockwave","floor":2},{"not_picked":["Intimidate","Flex"],"picked":"Anger","floor":4},{"not_picked":["Pummel","Dual Wield"],"picked":"Sentinel","floor":6},{"not_picked":["Cleave","Demon Form","Reckless Charge"],"picked":"SKIP","floor":7},{"not_picked":["Anger","Warcry"],"picked":"Spot Weakness","floor":10},{"not_picked":["Spot Weakness","Iron Wave"],"picked":"Limit Break","floor":11},{"not_picked":["Spot Weakness","Combust"],"picked":"Headbutt","floor":14},{"not_picked":["Warcry","Armaments"],"picked":"Feel No Pain","floor":17},{"not_picked":["Thunderclap","Flex"],"picked":"Pommel Strike+1","floor":18},{"not_picked":["Thunderclap","Whirlwind","Clash"],"picked":"SKIP","floor":19}],"player_experience":382947,"relics_obtained":[{"floor":7,"key":"Ornamental Fan"},{"floor":9,"key":"Darkstone Periapt"},{"floor":10,"key":"Paper Frog"}],"event_choices":[{"damage_healed":0,"gold_gain":75,"player_choice":"Gather Gold","damage_taken":11,"max_hp_gain":0,"max_hp_loss":0,"event_name":"World of Goop","floor":3,"gold_loss":0},{"damage_healed":0,"gold_gain":0,"player_choice":"Gave Potion","damage_taken":0,"relics_obtained":["Pear"],"max_hp_gain":0,"max_hp_loss":0,"event_name":"WeMeetAgain","floor":5,"gold_loss":0},{"damage_healed":30,"gold_gain":0,"player_choice":"Banana","damage_taken":0,"max_hp_gain":0,"max_hp_loss":0,"event_name":"Big Fish","floor":12,"gold_loss":0},{"damage_healed":0,"gold_gain":0,"player_choice":"Simplicity","damage_taken":0,"max_hp_gain":0,"max_hp_loss":0,"event_name":"Back to Basics","floor":21,"gold_loss":0,"cards_upgraded":["Strike_R","Strike_R","Strike_R","Strike_R","Defend_R","Defend_R","Defend_R","Defend_R"]}],"is_beta":false,"boss_relics":[{"not_picked":["Mark of Pain","Cursed Key"],"picked":"Tiny House"}],"items_purged_floors":[13],"is_endless":false,"potions_floor_spawned":[4,10,11,14],"killed_by":"Shelled Parasite and Fungi","ascension_level":9}}