{"host":"bf9sa99gaumonoeu","time":1610463105,"event":{"mods":["AchievementEnabler","Act Like it!","BaseMod","Better Sensory Stone","Colored Map","Colored Powertips","Fox Events","Friendly Minions","Gensokyo","GifTheSpireLib","Googly Eyes","Hallownest","Hermit","Hubris","Jorbs\u0027s Wanderer Trilogy","KinomotoSakuraMod(????)","Koishi","Lobotomy","Marisa????????","Minty Spire (QoL Compilation)","Rare Cards Sparkle","Reimu??????","Relic Stats","Remilia??????","Replay The Spire","StSLib","The Administrix","The Animator","The Bug Knight","The Construct","The Cursed","The Disciple","The Hierophant","The Mystic","The Necromancer","The Poker Player","The Runesmith","The Senshi","The Servant 0.9.4","TheLocksmith","Yakumo Yukari mod","thorton"],"gold_per_floor":[115,127,140,140,150,150,177,196,220,245,245,260,278,278,278,349,349,363,373,392,407,407,437,258,269,269,269,277,327,337,348,348,419,419,430,430,447,459,459,459,487,504,528,528,528,555,33,33,33,33],"floor_reached":51,"playtime":2784,"items_purged":["Bash","Strike_R+1"],"score":1202,"play_id":"152bf8d6-4d03-490c-a142-f8323449893a","local_time":"20210112125145","is_ascension_mode":true,"campfire_choices":[{"data":"Inflame","floor":6.0,"key":"SMITH"},{"data":"Cleave","floor":11.0,"key":"SMITH"},{"data":"Twin Strike","floor":15.0,"key":"SMITH"},{"floor":32.0,"key":"REST"},{"floor":40,"key":"RECALL"},{"floor":44,"key":"REST"},{"floor":49,"key":"REST"}],"circlet_count":0,"master_deck":["AscendersBane","Strike_R+1","Strike_R+1","Strike_R+1","Strike_R+1","Defend_R","Defend_R","Defend_R","Defend_R","hubris:Insight","Spot Weakness","Armaments","Inflame+1","Cleave+1","Perfected Strike","Twin Strike+1","Battle Trance","Armaments","Limit Break","Thunderclap","Shockwave","Berserk","Feel No Pain","ReplayTheSpireMod:Corrosion Curse+1","Burning Pact","Havoc","Defy Death","Reaper","Shrug It Off","Wraith","Battle Trance+1","Intimidate","Whirlwind","Corruption","Mayhem","Shockwave","Evolve"],"relics":["Burning Blood","Replay:Bottled Eggs","ReplayTheSpireMod:Lightbulb","Dream Catcher","Runesmith:UraniumAnvil","Juzu Bracelet","AntiCross","Pantograph","Fusion Hammer","Nunchaku","CeramicFish","TheAbacus","Turnip"],"acts_visited":["Exordium","TheCity","TheBeyond"],"potions_floor_usage":[50,50,50,50],"damage_taken":[{"damage":5.0,"enemies":"Cultist","floor":1.0,"turns":5.0},{"damage":8.0,"enemies":"2 Louse","floor":2.0,"turns":3.0},{"damage":3.0,"enemies":"Jaw Worm","floor":3.0,"turns":4.0},{"damage":6.0,"enemies":"Blue Slaver","floor":5.0,"turns":6.0},{"damage":15.0,"enemies":"3 Sentries","floor":7.0,"turns":7.0},{"damage":8.0,"enemies":"Red Slaver","floor":8.0,"turns":4.0},{"damage":9.0,"enemies":"Replay:BlueRogue","floor":10.0,"turns":5.0},{"damage":16.0,"enemies":"Gremlin Gang","floor":12.0,"turns":4.0},{"damage":23.0,"enemies":"Exordium Thugs","floor":13.0,"turns":4.0},{"damage":12.0,"enemies":"Slime Boss","floor":16.0,"turns":7.0},{"damage":0.0,"enemies":"Chosen","floor":18.0,"turns":3.0},{"damage":2.0,"enemies":"Shell Parasite","floor":19.0,"turns":3.0},{"damage":8.0,"enemies":"Chosen and Byrds","floor":20.0,"turns":4.0},{"damage":18.0,"enemies":"Snake Plant","floor":21.0,"turns":3.0},{"damage":39.0,"enemies":"Gremlin Leader","floor":23.0,"turns":7.0},{"damage":19.0,"enemies":"Sentry and Sphere","floor":25.0,"turns":5.0},{"damage":29.0,"enemies":"Replay:Snechameleon","floor":28.0,"turns":5.0},{"damage":7.0,"enemies":"Cultist and Chosen","floor":30.0,"turns":4.0},{"damage":18.0,"enemies":"Snake Plant","floor":31.0,"turns":3.0},{"damage":19.0,"enemies":"Collector","floor":33.0,"turns":5.0},{"damage":0.0,"enemies":"3 Shapes","floor":35.0,"turns":3.0},{"damage":0.0,"enemies":"Orb Walker","floor":37.0,"turns":3.0},{"damage":35.0,"enemies":"Jaw Worm Horde","floor":38.0,"turns":4.0},{"damage":41,"enemies":"Reptomancer","floor":41,"turns":4},{"damage":30,"enemies":"4 Shapes","floor":42,"turns":4},{"damage":24,"enemies":"Writhing Mass","floor":46,"turns":5},{"damage":65,"enemies":"Donu and Deca","floor":50,"turns":6}],"seed_played":"-915657678883277201","potions_obtained":[{"floor":1.0,"key":"SpeedPotion"},{"floor":5.0,"key":"SkillPotion"},{"floor":8.0,"key":"PowerPotion"},{"floor":12.0,"key":"Venom Potion"},{"floor":19.0,"key":"Weak Potion"},{"floor":21.0,"key":"PowerPotion"},{"floor":30.0,"key":"BloodPotion"},{"floor":31.0,"key":"MagicPotion:ReiMu"},{"floor":33.0,"key":"EntropicBrew"}],"is_trial":false,"path_per_floor":["M","M","M","?","M","R","E","M","T","E","R","M","M","?","R","B",null,"M","M","M","M","?","E","$","M","T","?","E","?","M","M","R","B",null,"M","?","M","M","?","R","E","M","T","R","?","M","$","T","R","B",null],"character_chosen":"IRONCLAD","items_purchased":["Flashbang","Mayhem","Shockwave","Evolve","TheAbacus"],"campfire_rested":3,"item_purchase_floors":[24,47,47,47,47],"current_hp_per_floor":[73,71,74,74,74,74,65,63,63,60,60,50,33,33,33,27,67,73,77,75,63,78,45,45,32,32,32,9,9,8,15,43,55,85,91,91,95,95,95,95,95,74,74,95,95,77,77,77,95,36],"gold":33,"neow_bonus":"RANDOM_COLORLESS","is_daily":false,"chose_seed":false,"campfire_upgraded":3,"win_rate":0.0,"timestamp":1610463105,"path_taken":["M","M","M","?","M","R","E","M","T","E","R","M","M","?","R","BOSS","M","M","M","M","?","E","$","M","T","?","E","?","M","M","R","BOSS","M","?","M","M","?","R","E","M","T","R","?","M","$","?","R","BOSS"],"items_purchased_type":["Potion","Card","Card","Card","Relic"],"build_version":"2020-12-22","purchased_purges":2,"victory":true,"max_hp_per_floor":[80,80,80,80,80,80,80,80,80,80,80,80,80,80,80,80,80,80,80,80,80,95,95,95,95,95,95,95,95,95,95,95,95,95,95,95,95,95,95,95,95,95,95,95,95,95,95,95,95,95],"relic_stats":{"Dream Catcher":3,"Nunchaku":[2],"TheAbacus":[6],"counters":[27,120],"Pantograph":25,"CeramicFish":36,"Turnip":[1],"Juzu Bracelet":2,"obtain_stats":[{"CeramicFish":43,"Juzu Bracelet":23,"Burning Blood":0,"Dream Catcher":10,"Nunchaku":41,"TheAbacus":47,"Pantograph":28,"Runesmith:UraniumAnvil":17,"AntiCross":26,"Fusion Hammer":34,"Turnip":48,"Replay:Bottled Eggs":7,"ReplayTheSpireMod:Lightbulb":9},{"CeramicFish":25,"Juzu Bracelet":15,"Burning Blood":0,"Dream Catcher":7,"Nunchaku":24,"TheAbacus":26,"Pantograph":17,"Runesmith:UraniumAnvil":10,"AntiCross":16,"Fusion Hammer":20,"Turnip":26,"Replay:Bottled Eggs":5,"ReplayTheSpireMod:Lightbulb":6},{"CeramicFish":109,"Juzu Bracelet":69,"Burning Blood":0,"Dream Catcher":34,"Nunchaku":105,"TheAbacus":114,"Pantograph":79,"Runesmith:UraniumAnvil":49,"AntiCross":74,"Fusion Hammer":91,"Turnip":114,"Replay:Bottled Eggs":25,"ReplayTheSpireMod:Lightbulb":29}],"Burning Blood":152},"card_choices":[{"not_picked":["Forethought","Flash of Steel"],"picked":"hubris:Insight","floor":0.0},{"not_picked":["Clash","Sword Boomerang"],"picked":"Spot Weakness","floor":1.0},{"not_picked":["Havoc","ReplayTheSpireMod:Strike From Hell"],"picked":"Armaments","floor":2.0},{"not_picked":["Havoc","Perfected Strike"],"picked":"Inflame","floor":3.0},{"not_picked":["Run Through","hubris:SharpeningStone"],"picked":"Perfected Strike","floor":5.0},{"not_picked":["Twin Strike","Burning Pact","Blood for Blood"],"picked":"SKIP","floor":7.0},{"not_picked":["Burning Pact","Blood for Blood"],"picked":"Twin Strike","floor":7.0},{"not_picked":["Body Slam","hubris:StunningStrike","Wild Strike"],"picked":"SKIP","floor":8.0},{"not_picked":["Life Link","Run Through"],"picked":"Battle Trance","floor":10.0},{"not_picked":["Reckless Charge","ReplayTheSpireMod:Strike From Hell","hubris:CleavingFinish"],"picked":"SKIP","floor":12.0},{"not_picked":["Pommel Strike","Havoc"],"picked":"Armaments","floor":13.0},{"not_picked":["Exhume","Offering"],"picked":"Limit Break","floor":16.0},{"not_picked":["Replay:Undeath\u0027s Touch","Uppercut"],"picked":"Thunderclap","floor":18.0},{"not_picked":["Pommel Strike","Thunderclap"],"picked":"Shockwave","floor":19.0},{"not_picked":["Havoc","Wild Strike"],"picked":"Berserk","floor":20.0},{"not_picked":["ReplayTheSpireMod:Corrosion Curse","Twin Strike"],"picked":"Feel No Pain","floor":21.0},{"not_picked":["ReplayTheSpireMod:Strike From Hell","Twin Strike"],"picked":"ReplayTheSpireMod:Corrosion Curse+1","floor":23.0},{"not_picked":["Clash","Second Wind","Anger"],"picked":"SKIP","floor":25.0},{"not_picked":["Havoc","Warcry"],"picked":"Burning Pact","floor":28.0},{"not_picked":["ReplayTheSpireMod:Muscle Training","Life Link","Heavy Blade"],"picked":"SKIP","floor":30.0},{"not_picked":["Infernal Blade","Massacre"],"picked":"Havoc","floor":31.0},{"not_picked":["Headbutt","Twin Strike"],"picked":"Defy Death","floor":32.0},{"not_picked":["Offering","Replay:Many Hands"],"picked":"Reaper","floor":33.0},{"not_picked":["Warcry","Iron Wave"],"picked":"Shrug It Off","floor":35.0},{"not_picked":["Sever Soul","ReplayTheSpireMod:Strike From Hell"],"picked":"Battle Trance+1","floor":37.0},{"not_picked":["Reaper","Armaments"],"picked":"Intimidate","floor":38.0},{"not_picked":["Rupture","Shrug It Off"],"picked":"Whirlwind","floor":41},{"not_picked":["Pommel Strike","Headbutt+1","Warcry"],"picked":"SKIP","floor":42},{"not_picked":["Wild Strike","Anger"],"picked":"Corruption","floor":46}],"player_experience":914459,"relics_obtained":[{"floor":7.0,"key":"Replay:Bottled Eggs"},{"floor":9.0,"key":"ReplayTheSpireMod:Lightbulb"},{"floor":10.0,"key":"Dream Catcher"},{"floor":23.0,"key":"Juzu Bracelet"},{"floor":26.0,"key":"AntiCross"},{"floor":28.0,"key":"Pantograph"},{"floor":41,"key":"Nunchaku"},{"floor":43,"key":"CeramicFish"},{"floor":48,"key":"Turnip"}],"event_choices":[{"cards_removed":["Gluttony_TH"],"damage_healed":0.0,"max_hp_gain":0.0,"max_hp_loss":0.0,"gold_gain":0.0,"event_name":"Fountain of Cleansing","player_choice":"Removed Curses","floor":27.0,"gold_loss":0.0,"damage_taken":0.0},{"damage_healed":0.0,"max_hp_gain":0.0,"max_hp_loss":0.0,"gold_gain":100.0,"event_name":"The Joust","player_choice":"Bet on Murderer","floor":29.0,"gold_loss":50.0,"damage_taken":0.0},{"damage_healed":0.0,"max_hp_gain":0.0,"max_hp_loss":0.0,"gold_gain":0.0,"event_name":"OrinTheCat","player_choice":"Ignored","floor":36.0,"gold_loss":0.0,"damage_taken":0.0}],"is_beta":false,"boss_relics":[{"not_picked":["hubris:CrackedHourglass","Ooze Armor"],"picked":"Runesmith:UraniumAnvil"},{"not_picked":["hubris:HollowSoul","Tiny House"],"picked":"Fusion Hammer"}],"items_purged_floors":[24,47],"is_endless":false,"potions_floor_spawned":[1,5,8,12,19,21,30,31,33,37,46],"ascension_level":13}}