{"host":"sc0o2qwpf9j16a4i","time":1610459094,"event":{"mods":["AchievementEnabler","BaseMod","BetterRewards","Block Reminder","Colored Map","Colored Powertips","Custom Start","Highlight Path","Minty Spire (QoL Compilation)","Relic Stats"],"gold_per_floor":[369,388,44,44,44,74,39,39,39,39,53,53,67,95,95,95,95],"floor_reached":16,"playtime":384,"items_purged":[],"score":216,"play_id":"43cd4639-a158-4959-b98d-fd5f4d4fcba5","local_time":"20210112154454","is_ascension_mode":true,"campfire_choices":[{"data":"Lockon","floor":8,"key":"SMITH"},{"data":"Cold Snap","floor":10,"key":"SMITH"},{"floor":12,"key":"REST"},{"floor":15,"key":"REST"}],"circlet_count":0,"master_deck":["AscendersBane","Strike_B","Strike_B","Strike_B","Strike_B","Defend_B","Defend_B","Defend_B","Defend_B","Zap","Dualcast","Go for the Eyes","Lockon+1","Cold Snap+1","Fission","Sweeping Beam"],"relics":["Cracked Core","Dead Branch","Ancient Tea Set","Mummified Hand","Boot"],"acts_visited":["Exordium"],"potions_floor_usage":[6,13,16],"damage_taken":[{"damage":4,"enemies":"Small Slimes","floor":1,"turns":4},{"damage":6,"enemies":"Jaw Worm","floor":2,"turns":3},{"damage":22,"enemies":"3 Sentries","floor":6,"turns":5},{"damage":0,"enemies":"Cultist","floor":11,"turns":3},{"damage":19,"enemies":"Exordium Thugs","floor":13,"turns":3},{"damage":9,"enemies":"Lagavulin","floor":14,"turns":8},{"damage":45,"enemies":"Slime Boss","floor":16,"turns":6}],"seed_played":"706659848157066683","potions_obtained":[{"floor":1,"key":"LiquidBronze"},{"floor":6,"key":"Explosive Potion"},{"floor":14,"key":"SteroidPotion"}],"is_trial":false,"path_per_floor":["M","M","$","?","?","E","?","R","T","R","M","R","M","E","R","B"],"character_chosen":"DEFECT","items_purchased":["Dead Branch"],"campfire_rested":2,"item_purchase_floors":[3],"current_hp_per_floor":[42,36,36,36,36,14,31,31,31,31,31,52,33,24,45,0,0],"gold":95,"neow_bonus":"TWO_FIFTY_GOLD","is_daily":false,"chose_seed":false,"campfire_upgraded":2,"win_rate":0.0,"timestamp":1610459094,"path_taken":["M","M","$","?","?","E","?","R","T","R","M","R","M","E","R","BOSS"],"items_purchased_type":["Relic"],"build_version":"2020-12-22","purchased_purges":0,"victory":false,"max_hp_per_floor":[71,71,71,71,71,71,71,71,71,71,71,71,71,71,71,71,71],"relic_stats":{"counters":[7,32],"Mummified Hand":[0],"Dead Branch":[12],"Boot":[2],"obtain_stats":[{"Mummified Hand":9,"Dead Branch":3,"Cracked Core":0,"Ancient Tea Set":6,"Boot":14},{"Mummified Hand":3,"Dead Branch":2,"Cracked Core":0,"Ancient Tea Set":3,"Boot":6},{"Mummified Hand":12,"Dead Branch":7,"Cracked Core":0,"Ancient Tea Set":12,"Boot":26}]},"card_choices":[{"not_picked":["Heatsinks","Hologram"],"picked":"Go for the Eyes","floor":1},{"not_picked":["Gash","Double Energy"],"picked":"Lockon","floor":2},{"not_picked":["Ball Lightning","Glacier"],"picked":"Cold Snap","floor":6},{"not_picked":["Double Energy","Reprogram","Sunder"],"picked":"SKIP","floor":11},{"not_picked":["Consume","Beam Cell"],"picked":"Fission","floor":13},{"not_picked":["Glacier","Cold Snap"],"picked":"Sweeping Beam","floor":14}],"player_experience":598088,"relics_obtained":[{"floor":6,"key":"Ancient Tea Set"},{"floor":9,"key":"Mummified Hand"},{"floor":14,"key":"Boot"}],"event_choices":[{"damage_healed":0,"gold_gain":0,"player_choice":"Ignored","damage_taken":0,"max_hp_gain":0,"max_hp_loss":0,"event_name":"Golden Wing","floor":4,"gold_loss":0},{"damage_healed":0,"gold_gain":0,"player_choice":"Ignored","damage_taken":0,"max_hp_gain":0,"max_hp_loss":0,"event_name":"Liars Game","floor":5,"gold_loss":0},{"damage_healed":17,"gold_gain":0,"player_choice":"Healed","damage_taken":0,"max_hp_gain":0,"max_hp_loss":0,"event_name":"The Cleric","floor":7,"gold_loss":35}],"is_beta":false,"boss_relics":[],"items_purged_floors":[],"is_endless":false,"potions_floor_spawned":[1,6,14],"killed_by":"Slime Boss","ascension_level":20}}