{"host":"f0gpob8hq9vgebej","time":1610411860,"event":{"mods":["AchievementEnabler","BaseMod","Minty Spire (QoL Compilation)","Quick Restart","SuperFastMode"],"gold_per_floor":[117,67,67,86,105,105,105,105,105,126,150,166,20,45,45,169,169,184,207,226,141,162,195,195,220,246,260,14,14,14,27,27,147,147,162,178,201,201,76,112,31,62,62,62,105,168,168,183,183,183,183,183,33,72,72],"floor_reached":56,"playtime":3029,"items_purged":["Defend_G","Strike_G","Strike_G","Defend_G"],"score":1510,"play_id":"610a4d44-fd40-4c01-a3e1-74640894ec5c","local_time":"20210112093740","is_ascension_mode":true,"campfire_choices":[{"data":"Deadly Poison","floor":6.0,"key":"SMITH"},{"data":"Tactician","floor":8.0,"key":"SMITH"},{"data":"Catalyst","floor":15.0,"key":"SMITH"},{"data":"Adrenaline","floor":24,"key":"SMITH"},{"data":"Calculated Gamble","floor":29,"key":"SMITH"},{"data":"Acrobatics","floor":32,"key":"SMITH"},{"floor":44,"key":"RECALL"},{"data":"Burst","floor":49,"key":"SMITH"},{"data":"Tactician","floor":52,"key":"SMITH"}],"circlet_count":0,"master_deck":["Defend_G","Survivor","Neutralize","Tactician+1","Deadly Poison+1","Calculated Gamble+1","Catalyst+1","Backflip","Acrobatics+1","Crippling Poison+1","Reflex","Adrenaline+1","PiercingWail+1","Outmaneuver","Footwork","Burst+1","CurseOfTheBell","Prepared+1","Tactician+1","Acrobatics+1","Prepared+1"],"relics":["Ring of the Snake","Golden Idol","InkBottle","HoveringKite","Art of War","Blood Vial","Snake Skull","TwistedFunnel","Calling Bell","War Paint","Frozen Egg 2","Prayer Wheel","Meat on the Bone","Lantern","TungstenRod","Calipers","Anchor"],"acts_visited":["Exordium","TheCity","TheBeyond","TheEnding"],"potions_floor_usage":[23,23,37,55,55],"damage_taken":[{"damage":0.0,"enemies":"Small Slimes","floor":1.0,"turns":7.0},{"damage":0.0,"enemies":"2 Louse","floor":4.0,"turns":5.0},{"damage":0.0,"enemies":"Jaw Worm","floor":5.0,"turns":3.0},{"damage":8.0,"enemies":"Exordium Wildlife","floor":10.0,"turns":3.0},{"damage":3.0,"enemies":"Red Slaver","floor":11.0,"turns":3.0},{"damage":0.0,"enemies":"2 Fungi Beasts","floor":12.0,"turns":4.0},{"damage":0.0,"enemies":"Blue Slaver","floor":14.0,"turns":3.0},{"damage":31,"enemies":"Slime Boss","floor":16,"turns":9},{"damage":0,"enemies":"3 Byrds","floor":18,"turns":4},{"damage":3,"enemies":"2 Thieves","floor":19,"turns":3},{"damage":0,"enemies":"Centurion and Healer","floor":20,"turns":4},{"damage":0,"enemies":"Chosen and Byrds","floor":22,"turns":4},{"damage":0,"enemies":"Book of Stabbing","floor":23,"turns":4},{"damage":0,"enemies":"Shelled Parasite and Fungi","floor":25,"turns":4},{"damage":0,"enemies":"Centurion and Healer","floor":27,"turns":4},{"damage":1,"enemies":"Snecko","floor":31,"turns":3},{"damage":0,"enemies":"Automaton","floor":33,"turns":6},{"damage":0,"enemies":"3 Shapes","floor":35,"turns":2},{"damage":0,"enemies":"Orb Walker","floor":36,"turns":2},{"damage":14,"enemies":"4 Shapes","floor":37,"turns":3},{"damage":2,"enemies":"Nemesis","floor":40,"turns":5},{"damage":0,"enemies":"Reptomancer","floor":42,"turns":2},{"damage":0,"enemies":"Nemesis","floor":45,"turns":3},{"damage":0,"enemies":"Mind Bloom Boss Battle","floor":46,"turns":2},{"damage":0,"enemies":"Transient","floor":48,"turns":3},{"damage":0,"enemies":"Time Eater","floor":50,"turns":4},{"damage":0,"enemies":"Shield and Spear","floor":54,"turns":2},{"damage":26,"enemies":"The Heart","floor":55,"turns":6}],"seed_played":"4297027772630546095","potions_obtained":[{"floor":1.0,"key":"SteroidPotion"},{"floor":4.0,"key":"SneckoOil"},{"floor":11.0,"key":"EssenceOfSteel"},{"floor":16,"key":"GhostInAJar"},{"floor":25,"key":"Energy Potion"},{"floor":27,"key":"FearPotion"},{"floor":33,"key":"Poison Potion"},{"floor":37,"key":"FearPotion"},{"floor":42,"key":"Block Potion"}],"is_trial":false,"path_per_floor":["M","?","?","M","M","R","?","R","T","M","M","M","$","M","R","B",null,"M","M","M","?","M","E","R","M","T","M","$","R","?","M","R","B",null,"M","M","M","?","$","E","$","E","T","R","E","?","?","M","R","B",null,"R","$","E","B",null],"character_chosen":"THE_SILENT","items_purchased":["Crippling Poison","TwistedFunnel","Tactician"],"campfire_rested":0,"item_purchase_floors":[13,28,41],"current_hp_per_floor":[70,70,53,53,53,53,53,53,53,45,42,42,42,42,42,11,70,70,67,67,67,67,67,67,69,69,70,70,70,70,69,69,70,70,70,70,56,56,56,56,56,58,58,58,60,62,62,64,64,66,70,70,70,70,44],"gold":72,"neow_bonus":"REMOVE_CARD","is_daily":false,"chose_seed":false,"campfire_upgraded":8,"win_rate":0.0,"timestamp":1610411860,"path_taken":["M","?","?","M","?","R","?","R","T","M","M","M","$","M","R","BOSS","M","M","M","?","M","E","R","M","T","M","$","R","?","M","R","BOSS","M","M","M","?","$","E","$","E","T","R","E","?","?","M","R","BOSS","R","$","E","BOSS"],"items_purchased_type":["Card","Relic","Card"],"build_version":"2020-12-22","purchased_purges":4,"victory":true,"max_hp_per_floor":[70,70,70,70,70,70,70,70,70,70,70,70,70,70,70,70,70,70,70,70,70,70,70,70,70,70,70,70,70,70,70,70,70,70,70,70,70,70,70,70,70,70,70,70,70,70,70,70,70,70,70,70,70,70,70],"card_choices":[{"not_picked":["Masterful Stab","Blade Dance"],"picked":"Tactician","floor":1.0},{"not_picked":["Backflip","Predator"],"picked":"Poisoned Stab","floor":4.0},{"not_picked":["Dash","Dagger Throw"],"picked":"Deadly Poison","floor":5.0},{"not_picked":["Escape Plan","Poisoned Stab"],"picked":"Catalyst","floor":10.0},{"not_picked":["Quick Slash","Masterful Stab"],"picked":"Backflip","floor":11.0},{"not_picked":["Deadly Poison","Sucker Punch"],"picked":"Acrobatics","floor":12.0},{"not_picked":["Concentrate","Expertise"],"picked":"Reflex","floor":14.0},{"not_picked":["Burst","Wraith Form v2"],"picked":"Adrenaline","floor":16},{"not_picked":["Acrobatics","Quick Slash+1","Poisoned Stab"],"picked":"SKIP","floor":18},{"not_picked":["Outmaneuver","Deadly Poison","Bane"],"picked":"SKIP","floor":19},{"not_picked":["Underhanded Strike","Slice","Deflect"],"picked":"SKIP","floor":20},{"not_picked":["Blade Dance","Backflip","Infinite Blades"],"picked":"SKIP","floor":22},{"not_picked":["Finisher","Envenom"],"picked":"PiercingWail","floor":23},{"not_picked":["Deflect+1","Quick Slash","Underhanded Strike+1"],"picked":"SKIP","floor":25},{"not_picked":["Slice","Sucker Punch","Underhanded Strike"],"picked":"SKIP","floor":27},{"not_picked":["Blade Dance","Eviscerate+1","Dagger Throw+1"],"picked":"SKIP","floor":31},{"not_picked":["Night Terror","Phantasmal Killer"],"picked":"Burst","floor":33},{"not_picked":["Blade Dance","Dagger Throw+1","Deadly Poison"],"picked":"SKIP","floor":35},{"not_picked":["Deflect+1","Flying Knee+1","Backstab+1"],"picked":"SKIP","floor":35},{"not_picked":["Phantasmal Killer","Backflip","Caltrops+1"],"picked":"SKIP","floor":36},{"not_picked":["Reflex","Underhanded Strike","Expertise"],"picked":"SKIP","floor":36},{"not_picked":["Bane+1","Choke+1"],"picked":"Prepared+1","floor":37},{"not_picked":["Cloak And Dagger+1","Choke+1","Leg Sweep+1"],"picked":"SKIP","floor":37},{"not_picked":["Slice+1","All Out Attack","Poisoned Stab"],"picked":"SKIP","floor":40},{"not_picked":["Poisoned Stab+1","Blade Dance+1","Dagger Throw+1"],"picked":"SKIP","floor":42},{"not_picked":["Blade Dance","Storm of Steel","Predator"],"picked":"SKIP","floor":45},{"not_picked":["Blur+1","Dagger Throw+1"],"picked":"Acrobatics+1","floor":46},{"not_picked":["Quick Slash","Deflect+1"],"picked":"Prepared+1","floor":48},{"not_picked":["Sucker Punch+1","Accuracy+1","Dagger Spray"],"picked":"SKIP","floor":48},{"not_picked":["Deflect","Prepared","Underhanded Strike"],"picked":"SKIP","floor":54}],"player_experience":127205,"relics_obtained":[{"floor":9.0,"key":"InkBottle"},{"floor":23,"key":"Blood Vial"},{"floor":26,"key":"Snake Skull"},{"floor":34,"key":"War Paint"},{"floor":34,"key":"Frozen Egg 2"},{"floor":34,"key":"Prayer Wheel"},{"floor":40,"key":"Meat on the Bone"},{"floor":42,"key":"Lantern"},{"floor":45,"key":"TungstenRod"},{"floor":46,"key":"Calipers"},{"floor":54,"key":"Anchor"}],"event_choices":[{"cards_removed":["Strike_G"],"damage_healed":0.0,"max_hp_gain":0.0,"max_hp_loss":0.0,"gold_gain":0.0,"event_name":"The Cleric","player_choice":"Card Removal","floor":2.0,"gold_loss":50.0,"damage_taken":0.0},{"damage_healed":0.0,"max_hp_gain":0.0,"max_hp_loss":0.0,"gold_gain":0.0,"event_name":"Golden Idol","player_choice":"Take Damage","floor":3.0,"gold_loss":0.0,"damage_taken":17.0,"relics_obtained":["Golden Idol"]},{"damage_healed":0.0,"max_hp_gain":0.0,"max_hp_loss":0.0,"gold_gain":0.0,"cards_transformed":["Defend_G"],"event_name":"Transmorgrifier","player_choice":"Transformed","floor":7.0,"gold_loss":0.0,"damage_taken":0.0,"cards_obtained":["Calculated Gamble"]},{"damage_healed":0,"gold_gain":0,"player_choice":"Obtained Relic","damage_taken":0,"relics_obtained":["Art of War"],"max_hp_gain":0,"max_hp_loss":0,"event_name":"Addict","floor":21,"gold_loss":85},{"damage_healed":0,"gold_gain":0,"cards_transformed":["Strike_G","Defend_G"],"player_choice":"Became Test Subject","damage_taken":0,"max_hp_gain":0,"max_hp_loss":0,"event_name":"Drug Dealer","floor":30,"gold_loss":0,"cards_obtained":["Outmaneuver","Footwork"]},{"damage_healed":0,"gold_gain":0,"player_choice":"Ignored","damage_taken":0,"max_hp_gain":0,"max_hp_loss":0,"event_name":"Tomb of Lord Red Mask","floor":38,"gold_loss":0},{"damage_healed":0,"gold_gain":0,"player_choice":"Fight","damage_taken":0,"max_hp_gain":0,"max_hp_loss":0,"event_name":"MindBloom","floor":46,"gold_loss":0},{"cards_removed":["Poisoned Stab"],"damage_healed":0,"gold_gain":0,"player_choice":"Removed Attack","damage_taken":0,"max_hp_gain":0,"max_hp_loss":0,"event_name":"Falling","floor":47,"gold_loss":0}],"is_beta":false,"boss_relics":[{"not_picked":["Coffee Dripper","Runic Pyramid"],"picked":"HoveringKite"},{"not_picked":["Fusion Hammer","Pandora\u0027s Box"],"picked":"Calling Bell"}],"items_purged_floors":[13,28,39,53],"is_endless":false,"potions_floor_spawned":[1,4,11,16,18,22,25,27,33,35,37,42],"ascension_level":1}}