{"host":"upk85iu3rnh2l1yz","time":1610469965,"event":{"mods":["BaseMod","CapriCore","Downfall","Hermit","Minty Spire (QoL Compilation)","Replay The Spire","StSLib","The Cursed","The Immortal","The Marked","The Servant 0.9.4"],"gold_per_floor":[109,121,121,46,60,60,85,85,110,185,85,113,163,163,163,265,265,275,275,275,275,286,211,246,246,246,246,183,201,30,30,30,126,176,195,195,206,44,59,59,86,193,193,93,93,93,124,140,140,140],"floor_reached":51,"playtime":2290,"items_purged":["theMarked:CreepingChasm","theMarked:CreepingChasm","ReplayTheSpireMod:Splinters","theMarked:Reabsorb","Voices","Sickly"],"score":800,"play_id":"6127df27-c4d6-4762-a4b9-5d7a67b83401","local_time":"20210113004605","is_ascension_mode":false,"campfire_choices":[{"data":"theMarked:Abjuration","floor":6,"key":"SMITH"},{"data":"theMarked:BindingBlade","floor":8,"key":"SMITH"},{"floor":15,"key":"REST"},{"floor":25,"key":"REST"},{"floor":27,"key":"REST"},{"floor":32,"key":"REST"},{"floor":40,"key":"REST"},{"floor":45,"key":"REST"},{"floor":49,"key":"REST"}],"circlet_count":0,"master_deck":["theMarked:SoldierOfQuellstein+1","theMarked:StartUp+1","theMarked:Seal+1","theMarked:Abjuration+1","theMarked:MysticalArsenal+1","theMarked:SummonStrength+1","theMarked:RepellingDischarge","theMarked:BindingBlade+1","theMarked:DeterminationOfTheMarked+1","theMarked:HeritageOfTheMarked+1","theMarked:Challenge+1","CurseOfTheBell","RitualDagger+1","theMarked:BanishingWave+1","Apotheosis+1","theMarked:MysticalArsenal+1","theMarked:Overcharge","Panache+1","Pot Of Greed","Pot Of Greed"],"relics":["Pandora\u0027s Box","Darkstone Periapt","Gremlin Food","Mercury Hourglass","Ring of Searing","Ring of Greed","Membership Card","Golden Egg","Calling Bell","Quantum Egg","Thread and Needle","Pet Ghost","Bird Faced Urn","Happy Flower","Tiny House","Lee\u0027s Waffle","MealTicket","Grinning Jar","Calipers","Meat on the Bone"],"acts_visited":["Exordium","TheCity","TheBeyond"],"potions_floor_usage":[7,16,24,24,24,39,50,50],"damage_taken":[{"damage":8,"enemies":"Small Slimes","floor":1,"turns":3},{"damage":0,"enemies":"Cultist","floor":2,"turns":2},{"damage":0,"enemies":"2 Louse","floor":5,"turns":2},{"damage":11,"enemies":"Gremlin Nob","floor":7,"turns":4},{"damage":27,"enemies":"3 Sentries","floor":12,"turns":7},{"damage":33,"enemies":"The Guardian","floor":16,"turns":5},{"damage":31,"enemies":"Spheric Guardian","floor":18,"turns":5},{"damage":0,"enemies":"Chosen","floor":22,"turns":3},{"damage":22,"enemies":"Book of Stabbing","floor":24,"turns":5},{"damage":20,"enemies":"Centurion and Healer","floor":29,"turns":4},{"damage":33,"enemies":"Collector","floor":33,"turns":5},{"damage":34,"enemies":"3 Shapes","floor":35,"turns":4},{"damage":0,"enemies":"Orb Walker","floor":37,"turns":2},{"damage":37,"enemies":"Sphere and 2 Shapes","floor":39,"turns":4},{"damage":17,"enemies":"R_Hoarder","floor":41,"turns":5},{"damage":46,"enemies":"Reptomancer","floor":47,"turns":4},{"damage":7,"enemies":"Spire Growth","floor":48,"turns":3},{"damage":116,"enemies":"Awakened One","floor":50,"turns":6}],"seed_played":"-7343956714772127063","potions_obtained":[{"floor":1,"key":"Languid Potion"},{"floor":2,"key":"FearPotion"},{"floor":16,"key":"SkillPotion"},{"floor":18,"key":"Energy Potion"},{"floor":22,"key":"PowerPotion"},{"floor":34,"key":"Block Potion"},{"floor":47,"key":"SkillPotion"},{"floor":48,"key":"Block Potion"}],"is_trial":false,"path_per_floor":["M","M","?","$","M","R","E","R","T","?","$","E","?","?","R","B",null,"M","?","?","?","M","?","E","R","T","R","$","M","$","?","R","B",null,"M","?","M","$","M","R","E","?","T","$","R","?","E","M","R","B",null],"character_chosen":"THE_DEFAULT","items_purchased":["Apotheosis","Lee\u0027s Waffle"],"campfire_rested":7,"item_purchase_floors":[30,38],"current_hp_per_floor":[62,62,62,62,62,62,51,51,51,40,40,13,19,19,41,14,88,57,51,51,51,51,51,29,55,55,81,81,65,65,65,88,69,99,67,67,73,106,77,106,103,83,83,98,112,112,74,75,108,14],"gold":140,"neow_bonus":"BOSS_RELIC","is_daily":false,"chose_seed":false,"campfire_upgraded":2,"win_rate":0.0,"timestamp":1610469965,"path_taken":["M","M","?","$","?","R","E","R","T","?","$","E","?","?","R","BOSS","M","?","?","?","?","?","E","R","T","R","$","M","$","?","R","BOSS","M","?","M","$","M","R","E","?","T","$","R","?","E","?","R","BOSS"],"items_purchased_type":["Card","Relic"],"build_version":"2020-12-22","purchased_purges":6,"victory":true,"max_hp_per_floor":[70,70,70,70,70,70,70,70,70,70,70,70,76,76,76,82,88,88,88,88,88,88,88,88,88,88,88,88,88,88,88,88,94,99,99,99,99,106,106,106,106,112,112,112,112,112,112,112,112,112],"card_choices":[{"not_picked":["theMarked:RogueSparks","theMarked:MysticalArsenal","theMarked:StartUp"],"picked":"SKIP","floor":1},{"not_picked":["theMarked:ElectricStrings","theMarked:CreepingChasm","theMarked:EnhanceMovement"],"picked":"SKIP","floor":2},{"not_picked":["theMarked:ChainLightning","theMarked:ResourceFulStrike","theMarked:TunnelVision"],"picked":"SKIP","floor":5},{"not_picked":["theMarked:ComboAttacks","theMarked:KeepCalmAndFightOn"],"picked":"theMarked:DeterminationOfTheMarked","floor":7},{"not_picked":["theMarked:Generate","theMarked:ElementalBlade"],"picked":"theMarked:HeritageOfTheMarked","floor":12},{"not_picked":["theMarked:SuspiciousRaven","theMarked:Defy"],"picked":"theMarked:Challenge","floor":16},{"not_picked":["theMarked:WastefulAttack+1","theMarked:WardOff","theMarked:Frustration"],"picked":"SKIP","floor":18},{"not_picked":["theMarked:Parry","theMarked:WardOff","theMarked:Snap"],"picked":"SKIP","floor":22},{"not_picked":["theMarked:CreepingChasm+1","theMarked:EmpowerWeapon"],"picked":"theMarked:BanishingWave+1","floor":24},{"not_picked":["theMarked:KeepCalmAndFightOn","theMarked:ChainLightning","theMarked:ElectricStrings"],"picked":"SKIP","floor":29},{"not_picked":["theMarked:HeightenedSenses","theMarked:Generate+1"],"picked":"theMarked:MysticalArsenal+1","floor":34},{"not_picked":["theMarked:MaelstromOfLightning+1","theMarked:SwordAndMagic+1"],"picked":"theMarked:Overcharge","floor":35},{"not_picked":["Thinking Ahead","Replay:SS_hec_1"],"picked":"Panache","floor":36},{"not_picked":["theMarked:Parkour","theMarked:TakeCover","theMarked:HeightenedSenses"],"picked":"SKIP","floor":37},{"not_picked":["theMarked:StartUp","theMarked:EmpowerWeapon+1","theMarked:Parkour"],"picked":"SKIP","floor":39},{"not_picked":["theMarked:ElectricStrings+1","theMarked:Static+1","theMarked:WastefulAttack+1"],"picked":"SKIP","floor":41},{"not_picked":["theMarked:Static+1","theMarked:Parkour+1","theMarked:WardOff"],"picked":"SKIP","floor":47},{"not_picked":["theMarked:Overthink+1","theMarked:TwofoldDefense","theMarked:WastefulDefense+1"],"picked":"SKIP","floor":48}],"player_experience":159095,"relics_obtained":[{"floor":7,"key":"Darkstone Periapt"},{"floor":9,"key":"Gremlin Food"},{"floor":12,"key":"Mercury Hourglass"},{"floor":13,"key":"Ring of Searing"},{"floor":13,"key":"Ring of Greed"},{"floor":13,"key":"Membership Card"},{"floor":13,"key":"Golden Egg"},{"floor":17,"key":"Quantum Egg"},{"floor":17,"key":"Thread and Needle"},{"floor":17,"key":"Pet Ghost"},{"floor":24,"key":"Bird Faced Urn"},{"floor":26,"key":"Happy Flower"},{"floor":41,"key":"MealTicket"},{"floor":42,"key":"Grinning Jar"},{"floor":43,"key":"Calipers"},{"floor":47,"key":"Meat on the Bone"}],"event_choices":[{"damage_healed":0,"gold_gain":0,"player_choice":"2 cards matched","damage_taken":0,"max_hp_gain":0,"max_hp_loss":0,"event_name":"Match and Keep!","floor":3,"gold_loss":0,"cards_obtained":["theMarked:RepellingDischarge","theMarked:BindingBlade"]},{"damage_healed":0,"gold_gain":75,"player_choice":"Gather Gold","damage_taken":11,"max_hp_gain":0,"max_hp_loss":0,"event_name":"World of Goop","floor":10,"gold_loss":0},{"damage_healed":0,"gold_gain":0,"player_choice":"Joined the Cult","damage_taken":6,"max_hp_gain":0,"max_hp_loss":0,"event_name":"Nest","floor":19,"gold_loss":0,"cards_obtained":["RitualDagger"]},{"damage_healed":0,"gold_gain":0,"player_choice":"Ignored","damage_taken":0,"max_hp_gain":0,"max_hp_loss":0,"event_name":"Ghosts","floor":20,"gold_loss":0},{"damage_healed":0,"gold_gain":0,"player_choice":"Ignored","damage_taken":0,"max_hp_gain":0,"max_hp_loss":0,"event_name":"The Mausoleum","floor":21,"gold_loss":0},{"cards_removed":["Hallucinations"],"damage_healed":0,"gold_gain":0,"player_choice":"Gave Gold","damage_taken":0,"max_hp_gain":0,"max_hp_loss":0,"event_name":"Beggar","floor":23,"gold_loss":75},{"damage_healed":0,"gold_gain":0,"player_choice":"Ignored","damage_taken":0,"max_hp_gain":0,"max_hp_loss":0,"event_name":"Vampires","floor":31,"gold_loss":0},{"damage_healed":0,"gold_gain":0,"player_choice":"Memory 1","damage_taken":0,"max_hp_gain":0,"max_hp_loss":0,"event_name":"SensoryStone","floor":36,"gold_loss":0},{"cards_removed":["theMarked:GodGivenPower"],"damage_healed":0,"gold_gain":0,"player_choice":"Purged","damage_taken":0,"max_hp_gain":0,"max_hp_loss":0,"event_name":"Purifier","floor":46,"gold_loss":0}],"is_beta":false,"boss_relics":[{"not_picked":["Coffee Dripper","SacredBark"],"picked":"Calling Bell"},{"not_picked":["Replay:Bronze Core","Snecko Eye"],"picked":"Tiny House"}],"items_purged_floors":[4,11,28,30,38,44],"is_endless":false,"potions_floor_spawned":[1,2,16,18,22,47,48],"ascension_level":0}}