{"host":"a3oe3gstxz77c7qu","time":1610445379,"event":{"mods":["2.2 Compatiblity","Act Like it!","Astrologer","BaseMod","Bestiary","Better Altar","Better Match","Better Note","Better Skull","Better Third Choice","Block Reminder","Curses Come First","Custom Start","Dark Map","Downfall","Friendly Minions","GifTheSpireLib","Hermit","Jorbs\u0027s Wanderer Trilogy","Lobotomy","LobotomyExtend","Marisa????????","Minty Spire (QoL Compilation)","Permanent Neow","Quick Restart","Relic Stats","Replay The Spire","StSLib","The Bug Knight","The Cursed","The Disciple","Uncapped","Unknown Chances","Wandering Minibosses"],"gold_per_floor":[109,153,153,153,163,163,88,117,143,143,143,201,218,234,234,331,331,331,331,241,142,142,142,142,142,142,142,142,142,142,142,142,142,142,142,42,42,42,42,42,42,42,42,42,42,42,42,42,42,42,42],"floor_reached":52,"playtime":3760,"items_purged":["Doubt","TheCursedMod:Strike_TheCursed"],"score":910,"play_id":"53a50e01-9128-4e70-be9b-7c6df8154972","local_time":"20210112095619","is_ascension_mode":true,"campfire_choices":[{"floor":6.0,"key":"REST"},{"data":"TheCursedMod:AntiAging","floor":10.0,"key":"SMITH"},{"floor":15.0,"key":"REST"},{"data":"Seeing Red","floor":23.0,"key":"SMITH"},{"data":"DarkMatter","floor":25.0,"key":"SMITH"},{"data":"Seek","floor":29.0,"key":"SMITH"},{"floor":32.0,"key":"REST"},{"data":"Creative AI","floor":40,"key":"SMITH"},{"data":"TheCursedMod:ShockAndAwe","floor":42,"key":"SMITH"},{"floor":45,"key":"REST"},{"floor":49,"key":"REST"}],"circlet_count":0,"master_deck":["TheCursedMod:Strike_TheCursed+1","TheCursedMod:Strike_TheCursed","TheCursedMod:Strike_TheCursed","TheCursedMod:Defend_TheCursed","TheCursedMod:Defend_TheCursed+1","TheCursedMod:Defend_TheCursed","TheCursedMod:Defend_TheCursed","TheCursedMod:Dregs","TheCursedMod:AbyssShockwave","TheCursedMod:AntiAging+1","Finesse","TheCursedMod:ShockAndAwe+1","hermit:Virtue","Seeing Red+1","Seek+1","DarkMatter+1","TheCursedMod:CursedBlade","Echoward+1","Creative AI+1","LockedBlood+1","Funeral"],"relics":["TheCursedMod:BlackMagic101","CogitoBucket","RabbitCall","LetterFromLob","PrismaticShard","Gaze_r","LaetitiaHeart","Omamori","Boot","AspirationHeart","Ectoplasm","hexamod:TheBrokenSeal","Blood Vial","Theresia","Ancient Tea Set","WarpedTongs","TheCursedMod:FourLeafCloverCharm","AtMidnight","SkinProphecy","Smiling Mask","PreservedInsect"],"acts_visited":["Exordium","TheCity","TheBeyond"],"potions_floor_usage":[35,44,46,50],"damage_taken":[{"damage":0.0,"enemies":"Jaw Worm","floor":1.0,"turns":6.0},{"damage":5.0,"enemies":"2 Louse","floor":2.0,"turns":4.0},{"damage":41.0,"enemies":"2 Louse","floor":4.0,"turns":5.0},{"damage":4.0,"enemies":"Small Slimes","floor":5.0,"turns":5.0},{"damage":16.0,"enemies":"3 Sentries","floor":8.0,"turns":10.0},{"damage":32.0,"enemies":"Red Slaver","floor":12.0,"turns":10.0},{"damage":12.0,"enemies":"2 Fungi Beasts","floor":13.0,"turns":7.0},{"damage":4.0,"enemies":"3 Louse","floor":14.0,"turns":3.0},{"damage":32.0,"enemies":"Slime Boss","floor":16.0,"turns":11.0},{"damage":22.0,"enemies":"3 Byrds","floor":19.0,"turns":6.0},{"damage":31.0,"enemies":"2 Thieves","floor":20.0,"turns":5.0},{"damage":23.0,"enemies":"Centurion and Healer","floor":24.0,"turns":3.0},{"damage":7.0,"enemies":"Snecko","floor":28.0,"turns":7.0},{"damage":0.0,"enemies":"Cultist and Chosen","floor":30.0,"turns":4.0},{"damage":0.0,"enemies":"Chosen and Byrds","floor":31.0,"turns":7.0},{"damage":17.0,"enemies":"Pondfish","floor":33.0,"turns":20.0},{"damage":9,"enemies":"Orb Walker","floor":35,"turns":11},{"damage":0,"enemies":"3 Darklings","floor":37,"turns":4},{"damage":36,"enemies":"Spire Growth","floor":38,"turns":9},{"damage":22,"enemies":"Reptomancer","floor":41,"turns":7},{"damage":7,"enemies":"4 Shapes","floor":44,"turns":10},{"damage":26,"enemies":"Transient","floor":46,"turns":5},{"damage":3,"enemies":"Jaw Worm Horde","floor":47,"turns":4},{"damage":15,"enemies":"3 Darklings","floor":48,"turns":6},{"damage":44,"enemies":"Donu and Deca","floor":50,"turns":13}],"seed_played":"899108575508412998","potions_obtained":[{"floor":2.0,"key":"champ:CounterPotion"},{"floor":8.0,"key":"SteroidPotion"},{"floor":14.0,"key":"Death Potion"},{"floor":14.0,"key":"Fruit Juice"},{"floor":19.0,"key":"Elixir"},{"floor":19.0,"key":"BlessingOfTheForge"},{"floor":28.0,"key":"SkillPotion"},{"floor":35,"key":"SteroidPotion"},{"floor":41,"key":"Block Potion"},{"floor":44,"key":"Weak Potion"}],"is_trial":false,"path_per_floor":["M","M","?","?","M","R","?","E","T","R","?","M","M","M","R","B",null,"M","M","M","$","?","R","M","R","T","?","M","R","M","M","R","B",null,"M","$","M","M","?","R","E","R","T","M","R","M","M","M","R","B",null,null],"character_chosen":"THE_CURSED","items_purchased":["TheCursedMod:CursedBlade"],"campfire_rested":5,"item_purchase_floors":[21],"current_hp_per_floor":[75,70,70,31,29,52,52,38,38,38,65,36,41,37,65,33,94,94,82,53,53,39,39,23,23,23,23,26,26,31,36,57,45,73,67,67,65,30,73,73,52,52,52,46,70,45,43,38,67,34,34],"gold":42,"neow_bonus":"","is_daily":false,"chose_seed":false,"campfire_upgraded":6,"win_rate":0.0,"timestamp":1610445379,"path_taken":["M","M","?","?","M","R","?","E","T","R","?","M","M","M","R","BOSS","M","M","M","$","?","R","M","R","T","?","?","R","M","M","R","BOSS","M","$","M","?","?","R","E","R","T","M","R","M","M","M","R","BOSS"],"items_purchased_type":["Card"],"build_version":"2020-12-22","purchased_purges":2,"victory":true,"max_hp_per_floor":[75,75,75,77,79,79,79,81,81,81,81,84,94,94,94,94,94,94,97,53,53,53,53,56,56,56,56,64,64,67,70,70,73,73,76,76,78,83,73,73,78,78,78,83,83,88,93,98,98,105,105],"relic_stats":{"Blood Vial":30,"counters":[29,186],"Ectoplasm":388,"PreservedInsect":0,"Boot":[36],"Smiling Mask":0,"obtain_stats":[{"TheCursedMod:BlackMagic101":0,"RabbitCall":0,"TheCursedMod:FourLeafCloverCharm":34,"AspirationHeart":13,"hexamod:TheBrokenSeal":20,"PreservedInsect":43,"Omamori":8,"SkinProphecy":35,"PrismaticShard":3,"Boot":9,"Ancient Tea Set":26,"Smiling Mask":41,"Gaze_r":4,"WarpedTongs":27,"Blood Vial":22,"CogitoBucket":0,"LaetitiaHeart":4,"AtMidnight":35,"Ectoplasm":17,"LetterFromLob":1,"Theresia":24},{"TheCursedMod:BlackMagic101":0,"RabbitCall":0,"TheCursedMod:FourLeafCloverCharm":18,"AspirationHeart":8,"hexamod:TheBrokenSeal":12,"PreservedInsect":23,"Omamori":5,"SkinProphecy":20,"PrismaticShard":2,"Boot":5,"Ancient Tea Set":14,"Smiling Mask":23,"Gaze_r":3,"WarpedTongs":14,"Blood Vial":12,"CogitoBucket":0,"LaetitiaHeart":3,"AtMidnight":20,"Ectoplasm":10,"LetterFromLob":1,"Theresia":14},{"TheCursedMod:BlackMagic101":0,"RabbitCall":0,"TheCursedMod:FourLeafCloverCharm":115,"AspirationHeart":48,"hexamod:TheBrokenSeal":72,"PreservedInsect":147,"Omamori":30,"SkinProphecy":127,"PrismaticShard":10,"Boot":30,"Ancient Tea Set":77,"Smiling Mask":147,"Gaze_r":15,"WarpedTongs":77,"Blood Vial":73,"CogitoBucket":0,"LaetitiaHeart":15,"AtMidnight":127,"Ectoplasm":62,"LetterFromLob":6,"Theresia":77}],"WarpedTongs":[96]},"card_choices":[{"not_picked":["TheCursedMod:CursedMace","TheCursedMod:CursedShiv"],"picked":"TheCursedMod:AbyssShockwave","floor":1.0},{"not_picked":["Scorched","CrumblingArmor","MeatLantern"],"picked":"Singing Bowl","floor":1.0},{"not_picked":["TheCursedMod:Mangle","TheCursedMod:RapidMovement"],"picked":"TheCursedMod:AntiAging","floor":2.0},{"not_picked":["FairyFestival","Scorched","Wellcheers"],"picked":"Singing Bowl","floor":2.0},{"not_picked":["FieryBird","HappyTeddy"],"picked":"UniverseFragment","floor":5.0},{"not_picked":["Slimebound:GrowthPunch","Slimebound:GoopTackle","astrologer:SpaceDust"],"picked":"SKIP","floor":5.0},{"not_picked":["ReplayTheSpireMod:Trickstab","expansioncontent:Hexaburn"],"picked":"Finesse","floor":7.0},{"not_picked":["TheCursedMod:DarkBarrier","TheCursedMod:DemonSword"],"picked":"TheCursedMod:ShockAndAwe","floor":7.0},{"not_picked":["Guardian:Gem_Green","hexamod:AdvancingGuard"],"picked":"hexamod:FifthSeal","floor":8.0},{"not_picked":["SpiderBud","CherryBlossoms","MeatLantern"],"picked":"Singing Bowl","floor":8.0},{"not_picked":["Funeral","PunishingBird"],"picked":"MeatLantern","floor":8.0},{"not_picked":["Entrench","ReplayTheSpireMod:Exploit Weakness"],"picked":"hermit:Virtue","floor":12.0},{"not_picked":["hexamod:SixthSeal","hexamod:FourthSeal"],"picked":"hexamod:FirstSeal","floor":12.0},{"not_picked":["Scorched","PunishingBird","MeatLantern"],"picked":"Singing Bowl","floor":12.0},{"not_picked":["hexamod:SixthSeal","hexamod:FirstSeal"],"picked":"hexamod:FourthSeal","floor":13.0},{"not_picked":["Yin","OSAHOGD","Funeral"],"picked":"Singing Bowl","floor":13.0},{"not_picked":["hexamod:AdvancingGuard","sneckomod:UnknownClassCHRONO_GOLD","FollowUp"],"picked":"SKIP","floor":13.0},{"not_picked":["NakedNest","CherryBlossoms","WallGazer"],"picked":"Singing Bowl","floor":14.0},{"not_picked":["hexamod:FirstSeal","hexamod:FourthSeal"],"picked":"hexamod:SixthSeal","floor":14.0},{"not_picked":["ReplaySort","Sucker Punch"],"picked":"Seeing Red","floor":14.0},{"not_picked":["hexamod:SixthSeal","hexamod:FirstSeal"],"picked":"hexamod:SecondSeal","floor":16.0},{"not_picked":["LockedLightning","champ:StrikeOfGenius"],"picked":"Seek","floor":16.0},{"not_picked":["SpiderBud","MHz","BeautyBeast"],"picked":"Singing Bowl","floor":16.0},{"not_picked":["hexamod:SixthSeal","hexamod:FourthSeal"],"picked":"hexamod:ThirdSeal","floor":19.0},{"not_picked":["WhiteNight","Rudolta","BlackSwan"],"picked":"Singing Bowl","floor":19.0},{"not_picked":["Apotheosis","TheCursedMod:CircleOfCorruption"],"picked":"DarkMatter","floor":19.0},{"not_picked":["Porccubus","NakedNest","ShyLook"],"picked":"Singing Bowl","floor":20.0},{"not_picked":["hexamod:FourthSeal","hexamod:ThirdSeal","hexamod:FirstSeal"],"picked":"SKIP","floor":20.0},{"not_picked":["GravityBeat","Barricade","Leg Sweep"],"picked":"SKIP","floor":20.0},{"not_picked":["Scorched","Woodsman","Variant"],"picked":"Singing Bowl","floor":24.0},{"not_picked":["champ:BladeFlurry","BiteCommand","Guardian:TemporalShield"],"picked":"SKIP","floor":24.0},{"not_picked":["astrologer:TheHighPriestess","WristCuter"],"picked":"Echoward+1","floor":28.0},{"not_picked":["Porccubus","BeautyBeast","LittlePrince"],"picked":"Singing Bowl","floor":28.0},{"not_picked":["HeroicMonk","OSAHOGD","Bloodbath"],"picked":"Singing Bowl","floor":30.0},{"not_picked":["Time Bomb","expansioncontent:PrepareCrush","CrimsonScar+1"],"picked":"SKIP","floor":30.0},{"not_picked":["HeroicMonk","OSAHOGD","Porccubus"],"picked":"Singing Bowl","floor":31.0},{"not_picked":["Reckless Charge","stsjorbsmod:HedgeWizard","Cloak And Dagger"],"picked":"SKIP","floor":31.0},{"not_picked":["sneckomod:UnknownRareAttack","champ:DancingMaster"],"picked":"Creative AI","floor":33.0},{"not_picked":["FairyFestival","LittlePrince","SingingMachine"],"picked":"Singing Bowl","floor":33.0},{"not_picked":["BodiesMountain","BigBird","Murderer"],"picked":"Singing Bowl","floor":35},{"not_picked":["expansioncontent:FaceSlap","stsjorbsmod:Pyromancy","BowlingBash+1"],"picked":"SKIP","floor":35},{"not_picked":["NakedNest","BlackSwan","FieryBird"],"picked":"Singing Bowl","floor":37},{"not_picked":["Backstab","Penitence+1","stsjorbsmod:Firebolt"],"picked":"SKIP","floor":37},{"not_picked":["ShyLook","SpiderBud","OSAHOGD"],"picked":"Singing Bowl","floor":38},{"not_picked":["Deadly Poison+1","stsjorbsmod:Panic","Consecrate"],"picked":"SKIP","floor":38},{"not_picked":["DreamingCurrent","WhiteNight","NakedNest"],"picked":"Singing Bowl","floor":41},{"not_picked":["champ:RageSigil","ReplayTheSpireMod:Muscle Training+1","ReapSow+1"],"picked":"SKIP","floor":41},{"not_picked":["BigBird","RedShoes","CherryBlossoms"],"picked":"Singing Bowl","floor":44},{"not_picked":["Redo+1","hermit:Purgatory","sneckomod:UnknownStrike+1"],"picked":"SKIP","floor":44},{"not_picked":["BodiesMountain","Mercenary","BlueStar"],"picked":"Singing Bowl","floor":46},{"not_picked":["Rip and Tear+1","stsjorbsmod:Will+1","sneckomod:UnknownClassGREEN+1"],"picked":"SKIP","floor":46},{"not_picked":["ReachHeaven+1","PowerUp+1"],"picked":"LockedBlood+1","floor":47},{"not_picked":["NakedNest","SnowQueen","MeltingLove"],"picked":"Singing Bowl","floor":47},{"not_picked":["DreamingCurrent","LongBird","Alriune"],"picked":"Singing Bowl","floor":48},{"not_picked":["Alriune","BigBadWolf"],"picked":"Funeral","floor":48},{"not_picked":["Accuracy","HollowMod:FastStrike+1","PropBag"],"picked":"SKIP","floor":48}],"player_experience":984881,"relics_obtained":[{"floor":1.0,"key":"LetterFromLob"},{"floor":8.0,"key":"Omamori"},{"floor":9.0,"key":"Boot"},{"floor":26.0,"key":"Ancient Tea Set"},{"floor":35,"key":"AtMidnight"},{"floor":41,"key":"Smiling Mask"},{"floor":43,"key":"PreservedInsect"}],"event_choices":[{"damage_healed":0.0,"max_hp_gain":0.0,"max_hp_loss":0.0,"gold_gain":0.0,"event_name":"betterMatch:BetterMatch","player_choice":"1","floor":7.0,"gold_loss":0.0,"damage_taken":0.0,"cards_obtained":["betterMatch:ColorlessUncommonCard","betterMatch:RareCard"]},{"damage_healed":27.0,"max_hp_gain":0.0,"max_hp_loss":0.0,"gold_gain":0.0,"event_name":"Big Fish","player_choice":"Banana","floor":11.0,"gold_loss":0.0,"damage_taken":0.0},{"damage_healed":0.0,"max_hp_gain":53.0,"max_hp_loss":39.0,"gold_gain":0.0,"event_name":"betterAltar:BetterAltar","player_choice":" Vial ","floor":22.0,"potions_obtained":[],"relics_lost":[],"gold_loss":0.0,"damage_taken":14.0,"relics_obtained":["Blood Vial"]},{"damage_healed":0.0,"max_hp_gain":0.0,"max_hp_loss":0.0,"gold_gain":0.0,"event_name":"Accursed Blacksmith","player_choice":"Rummage","floor":27.0,"gold_loss":0.0,"damage_taken":0.0,"relics_obtained":["WarpedTongs"],"cards_obtained":["Pain"]},{"damage_healed":73,"gold_gain":0,"player_choice":"Heal","damage_taken":0,"max_hp_gain":0,"max_hp_loss":10,"event_name":"The Moai Head","floor":39,"gold_loss":0}],"is_beta":false,"boss_relics":[{"not_picked":["TheCursedMod:BlackMagicAdvanced","Kintsugi"],"picked":"Ectoplasm"},{"not_picked":["Snecko Eye","Sozu"],"picked":"TheCursedMod:FourLeafCloverCharm"}],"items_purged_floors":[21,36],"is_endless":false,"potions_floor_spawned":[2,4,8,14,19,28,33,35,37,41,44],"ascension_level":3}}