{"host":"j0pfm12paoskip8g","time":1610439255,"event":{"mods":["AchievementEnabler","BaseMod","Colored Map","Hermit","Marisa????????","Minty Spire (QoL Compilation)","Rare Cards Sparkle","Replay The Spire","StSLib","SuperFastMode","The Animator","The Bug Knight","The Cursed","The Necromancer","The Runesmith","The Servant 0.9.4"],"gold_per_floor":[118,118,43,43,43,76,90,90,141,141,157,182,182,195,195,195,195],"floor_reached":16,"playtime":578,"items_purged":["hermit:Defend_Hermit"],"score":133,"play_id":"35f27e04-c7be-46e6-8008-cc6d39fe9730","local_time":"20210112091415","is_ascension_mode":false,"campfire_choices":[{"floor":8,"key":"RECALL"},{"data":"hermit:TakeCover","floor":10,"key":"SMITH"},{"data":"hermit:Midnight","floor":15,"key":"SMITH"}],"circlet_count":0,"master_deck":["hermit:Strike_Hermit","hermit:Strike_Hermit","hermit:Strike_Hermit","hermit:Defend_Hermit","hermit:Defend_Hermit","hermit:Defend_Hermit","hermit:Snapshot","hermit:Covet+1","hermit:TakeCover+1","hermit:Midnight+1","Spreading Infection"],"relics":["hermit:Momento","NeowsBlessing","Replay:WaspNest","Mirror","Ring of Fury","Ring of Fangs"],"acts_visited":["Exordium"],"potions_floor_usage":[12],"damage_taken":[{"damage":0,"enemies":"Jaw Worm","floor":1,"turns":1},{"damage":0,"enemies":"Gremlin Nob","floor":6,"turns":1},{"damage":0,"enemies":"Cultist","floor":7,"turns":1},{"damage":0,"enemies":"Small Slimes","floor":11,"turns":5},{"damage":8,"enemies":"Lagavulin","floor":12,"turns":6},{"damage":17,"enemies":"Exordium Thugs","floor":14,"turns":4},{"damage":45,"enemies":"The Guardian","floor":16,"turns":9}],"seed_played":"-8408420237975205142","potions_obtained":[{"floor":7,"key":"AttackPotion"},{"floor":12,"key":"hermit:Eclipse"}],"is_trial":false,"path_per_floor":["M","?","$","?","$","E","M","R","T","R","M","E","?","M","R","B"],"character_chosen":"HERMIT","items_purchased":[],"campfire_rested":0,"item_purchase_floors":[],"current_hp_per_floor":[75,75,75,68,68,68,68,68,68,68,68,60,60,43,43,0,0],"gold":195,"neow_bonus":"THREE_ENEMY_KILL","is_daily":false,"chose_seed":false,"campfire_upgraded":2,"win_rate":0.0,"timestamp":1610439255,"path_taken":["M","?","?","?","$","E","?","R","T","R","M","E","?","M","R","BOSS"],"items_purchased_type":[],"build_version":"2020-12-22","purchased_purges":1,"victory":false,"max_hp_per_floor":[75,75,75,75,75,75,75,75,75,75,75,75,75,75,75,75,75],"card_choices":[{"not_picked":["hermit:Vantage","hermit:Snipe","hermit:Spite"],"picked":"SKIP","floor":1},{"not_picked":["hermit:Magnum","hermit:Snipe"],"picked":"hermit:TakeCover","floor":6},{"not_picked":["hermit:Maintenance","hermit:HoleUp","hermit:Spite"],"picked":"SKIP","floor":7},{"not_picked":["hermit:CalledShot","hermit:BodyArmor","hermit:Gestalt"],"picked":"SKIP","floor":11},{"not_picked":["hermit:Quickdraw","hermit:Horror"],"picked":"hermit:Midnight","floor":12},{"not_picked":["hermit:Midnight","hermit:HoleUp","hermit:LowProfile"],"picked":"SKIP","floor":14}],"player_experience":21416,"relics_obtained":[{"floor":6,"key":"Replay:WaspNest"},{"floor":12,"key":"Mirror"},{"floor":13,"key":"Ring of Fury"},{"floor":13,"key":"Ring of Fangs"}],"event_choices":[{"damage_healed":0,"gold_gain":0,"player_choice":"Forge","damage_taken":0,"max_hp_gain":0,"max_hp_loss":0,"event_name":"Accursed Blacksmith","floor":2,"gold_loss":0,"cards_upgraded":["hermit:Covet"]},{"cards_removed":["hermit:Strike_Hermit"],"damage_healed":0,"gold_gain":0,"player_choice":"Card Removal","damage_taken":7,"max_hp_gain":0,"max_hp_loss":0,"event_name":"Golden Wing","floor":4,"gold_loss":0}],"is_beta":false,"boss_relics":[],"items_purged_floors":[3],"is_endless":false,"potions_floor_spawned":[7,12],"killed_by":"The Guardian","ascension_level":0}}