{"host":"69vai7pma7zqkhbs","time":1610449490,"event":{"mods":["BaseMod","Duelist Mod","GifTheSpireLib","Hermit","Minty Spire (QoL Compilation)","Quick Restart","StSLib","The Judge","The Senshi"],"gold_per_floor":[111,124,124,138,63,63,80,80,80,80,155,180,197,40,40,145,145,161,173,189,89,89,89],"floor_reached":22,"playtime":901,"items_purged":["Strike_B","Strike_B"],"score":260,"play_id":"a57ec1c0-51a7-43df-9060-6d6fd93eb0cc","local_time":"20210112220450","is_ascension_mode":true,"campfire_choices":[{"data":"Zap","floor":6,"key":"SMITH"},{"data":"Dualcast","floor":8,"key":"SMITH"},{"data":"Streamline","floor":10,"key":"SMITH"},{"floor":15,"key":"REST"}],"circlet_count":0,"master_deck":["Strike_B","Defend_B","Defend_B","Defend_B","Defend_B","Zap+1","Dualcast+1","Streamline+1","Leap","Gash","All For One","Conserve Battery+1"],"relics":["Cracked Core","Du-Vu Doll","Pen Nib","Shuriken","Oddly Smooth Stone","SlaversCollar"],"acts_visited":["Exordium","TheCity"],"potions_floor_usage":[22],"damage_taken":[{"damage":0,"enemies":"2 Louse","floor":1,"turns":3},{"damage":0,"enemies":"Small Slimes","floor":2,"turns":3},{"damage":0,"enemies":"Cultist","floor":4,"turns":3},{"damage":1,"enemies":"Exordium Wildlife","floor":7,"turns":4},{"damage":26,"enemies":"3 Sentries","floor":12,"turns":8},{"damage":0,"enemies":"Gremlin Gang","floor":13,"turns":3},{"damage":4,"enemies":"Slime Boss","floor":16,"turns":6},{"damage":5,"enemies":"Spheric Guardian","floor":18,"turns":3},{"damage":14,"enemies":"Shell Parasite","floor":19,"turns":6},{"damage":36,"enemies":"Snake Plant","floor":20,"turns":3},{"damage":14,"enemies":"Sentry and Sphere","floor":22,"turns":3}],"seed_played":"-794241954125526950","potions_obtained":[{"floor":4,"key":"GamblersBrew"},{"floor":7,"key":"ColorlessPotion"},{"floor":18,"key":"LiquidBronze"}],"is_trial":false,"path_per_floor":["M","M","?","M","$","R","M","R","T","R","?","E","M","$","R","B",null,"M","M","M","$","M"],"character_chosen":"DEFECT","items_purchased":["Oddly Smooth Stone"],"campfire_rested":1,"item_purchase_floors":[14],"current_hp_per_floor":[68,68,61,61,61,61,60,60,60,60,54,28,28,28,48,44,62,57,43,7,7,0,0],"gold":89,"neow_bonus":"ONE_RARE_RELIC","is_daily":false,"chose_seed":false,"campfire_upgraded":3,"win_rate":0.0,"timestamp":1610449490,"path_taken":["M","M","?","M","$","R","M","R","T","R","?","E","M","$","R","BOSS","M","M","?","$","M"],"items_purchased_type":["Relic"],"build_version":"2020-12-22","purchased_purges":2,"victory":false,"max_hp_per_floor":[68,68,68,68,68,68,68,68,68,68,68,68,68,68,68,68,68,68,68,68,68,68,68],"card_choices":[{"not_picked":["Compile Driver","Sunder"],"picked":"Streamline","floor":1},{"not_picked":["Fusion","Beam Cell","Self Repair"],"picked":"SKIP","floor":2},{"not_picked":["Force Field","Go for the Eyes"],"picked":"Leap","floor":4},{"not_picked":["Leap","Steam"],"picked":"Gash","floor":7},{"not_picked":["Chill","Go for the Eyes","Compile Driver"],"picked":"SKIP","floor":12},{"not_picked":["Cold Snap","Go for the Eyes","Reinforced Body"],"picked":"SKIP","floor":13},{"not_picked":["Biased Cognition","Seek"],"picked":"All For One","floor":16},{"not_picked":["Ball Lightning","Force Field+1","Melter"],"picked":"SKIP","floor":18},{"not_picked":["Stack+1","Go for the Eyes","Auto Shields+1"],"picked":"SKIP","floor":19},{"not_picked":["Glacier+1","Barrage"],"picked":"Conserve Battery+1","floor":20}],"player_experience":1216104,"relics_obtained":[{"floor":9,"key":"Pen Nib"},{"floor":12,"key":"Shuriken"}],"event_choices":[{"cards_removed":["Strike_B"],"damage_healed":0,"gold_gain":0,"player_choice":"Card Removal","damage_taken":7,"max_hp_gain":0,"max_hp_loss":0,"event_name":"Golden Wing","floor":3,"gold_loss":0},{"damage_healed":0,"gold_gain":75,"player_choice":"Touch","damage_taken":6,"max_hp_gain":0,"max_hp_loss":0,"event_name":"FaceTrader","floor":11,"gold_loss":0}],"is_beta":false,"boss_relics":[{"not_picked":["Cursed Key","Calling Bell"],"picked":"SlaversCollar"}],"items_purged_floors":[5,21],"is_endless":false,"potions_floor_spawned":[4,7,18],"killed_by":"Sentry and Sphere","ascension_level":8}}