{"host":"2se5dq1do2gp0x9k","time":1610430690,"event":{"mods":["AchievementEnabler","BaseMod","Block Reminder","Colored Map","Colored Powertips","Minty Spire (QoL Compilation)","Relic Stats","StSLib","SuperFastMode"],"gold_per_floor":[109,56,72,72,85,111,111,111,137,164,185,209,209,134,134,208,208,226,235,235,55,105,105,145,145,145,165,180,180,230,59,59,146,155,178,133,133,144,160,160,174,174,183,183,183,183,214,232,232,232,232],"floor_reached":50,"playtime":1777,"items_purged":["Strike_P","Strike_P","Strike_P"],"score":1060,"play_id":"2ff62bee-4eab-41e1-b648-d40b6b7dfb7e","local_time":"20210111215130","is_ascension_mode":true,"campfire_choices":[{"data":"Scrawl","floor":7.0,"key":"SMITH"},{"data":"Wallop","floor":13.0,"key":"SMITH"},{"data":"PathToVictory","floor":15.0,"key":"SMITH"},{"data":"Eruption","floor":23.0,"key":"SMITH"},{"data":"Scrawl","floor":25.0,"key":"SMITH"},{"data":"PathToVictory","floor":29,"key":"SMITH"},{"floor":32,"key":"REST"},{"floor":40,"key":"REST"},{"data":"Wireheading","floor":42,"key":"SMITH"},{"floor":49,"key":"REST"}],"circlet_count":0,"master_deck":["AscendersBane","Defend_P","Defend_P","Defend_P","Eruption+1","Vigilance","PathToVictory+1","Evaluate","FollowUp+1","Scrawl+1","Consecrate","Wallop+1","PathToVictory+1","ThirdEye","Wireheading+1","Scrawl+1","Tantrum","FollowUp","DeusExMachina","CurseOfTheBell","Consecrate+1","PathToVictory+1","Pain","Trip","Thinking Ahead"],"relics":["PureWater","Potion Belt","Ancient Tea Set","CeramicFish","Cursed Key","CaptainsWheel","Prayer Wheel","Calling Bell","Centennial Puzzle","InkBottle","Lizard Tail","Molten Egg 2","Art of War"],"acts_visited":["Exordium","TheCity","TheBeyond"],"potions_floor_usage":[30,33,38,50,50],"damage_taken":[{"damage":2.0,"enemies":"Jaw Worm","floor":1.0,"turns":4.0},{"damage":0.0,"enemies":"2 Louse","floor":3.0,"turns":2.0},{"damage":1.0,"enemies":"Cultist","floor":5.0,"turns":3.0},{"damage":5.0,"enemies":"3 Sentries","floor":6.0,"turns":5.0},{"damage":16.0,"enemies":"Lagavulin","floor":10.0,"turns":7.0},{"damage":2.0,"enemies":"Large Slime","floor":11.0,"turns":3.0},{"damage":8.0,"enemies":"Blue Slaver","floor":12.0,"turns":2.0},{"damage":7.0,"enemies":"Hexaghost","floor":16.0,"turns":5.0},{"damage":2.0,"enemies":"3 Byrds","floor":18.0,"turns":4.0},{"damage":0.0,"enemies":"Gremlin Leader","floor":24.0,"turns":2.0},{"damage":0,"enemies":"Shell Parasite","floor":27,"turns":1},{"damage":11,"enemies":"Centurion and Healer","floor":28,"turns":5},{"damage":6,"enemies":"Book of Stabbing","floor":30,"turns":3},{"damage":18,"enemies":"Collector","floor":33,"turns":4},{"damage":12,"enemies":"3 Darklings","floor":35,"turns":2},{"damage":0,"enemies":"Orb Walker","floor":38,"turns":3},{"damage":20,"enemies":"Jaw Worm Horde","floor":39,"turns":2},{"damage":0,"enemies":"Transient","floor":41,"turns":5},{"damage":5,"enemies":"Giant Head","floor":47,"turns":5},{"damage":104,"enemies":"Donu and Deca","floor":50,"turns":6}],"seed_played":"8879550834776677619","potions_obtained":[{"floor":1.0,"key":"Block Potion"},{"floor":10.0,"key":"ColorlessPotion"},{"floor":16.0,"key":"Strength Potion"},{"floor":28,"key":"Swift Potion"},{"floor":30,"key":"Dexterity Potion"},{"floor":33,"key":"Energy Potion"},{"floor":35,"key":"StancePotion"},{"floor":41,"key":"Fire Potion"}],"is_trial":false,"path_per_floor":["M","$","M","?","M","E","R","?","T","E","M","M","R","$","R","B",null,"M","?","?","$","?","R","E","R","T","M","M","R","E","$","R","B",null,"M","$","?","M","M","R","M","R","T","?","?","T","E","?","R","B"],"character_chosen":"WATCHER","items_purchased":["BowlingBash","Wireheading","FollowUp","PathToVictory"],"campfire_rested":3,"item_purchase_floors":[2,21,31,36],"current_hp_per_floor":[59,59,59,59,58,53,53,53,53,37,35,27,27,27,27,20,52,50,50,50,50,50,50,50,50,50,50,39,39,33,33,51,33,55,43,43,43,43,23,41,41,41,41,41,41,41,36,26,43,0,0],"gold":232,"neow_bonus":"TRANSFORM_TWO_CARDS","is_daily":false,"chose_seed":false,"campfire_upgraded":7,"win_rate":0.0,"timestamp":1610430690,"path_taken":["M","$","M","?","M","E","R","?","T","E","M","M","R","$","R","BOSS","M","?","?","$","?","R","E","R","T","M","M","R","E","?","R","BOSS","M","$","?","M","M","R","?","R","T","?","?","?","E","?","R","BOSS"],"items_purchased_type":["Card","Card","Card","Card"],"build_version":"2020-12-22","purchased_purges":3,"victory":false,"max_hp_per_floor":[62,62,62,62,62,62,62,62,62,62,62,62,62,62,62,62,62,62,62,62,62,62,62,62,62,62,62,62,62,62,62,62,62,62,62,62,62,62,62,62,62,62,62,59,59,59,59,59,59,59,59],"relic_stats":{"Centennial Puzzle":[8],"Lizard Tail":29,"counters":[20,73],"CeramicFish":126,"Prayer Wheel":4,"Art of War":[0],"Cursed Key":1,"obtain_stats":[{"Potion Belt":6,"CeramicFish":10,"Ancient Tea Set":9,"Cursed Key":17,"Calling Bell":34,"CaptainsWheel":24,"Centennial Puzzle":34,"Lizard Tail":34,"Prayer Wheel":30,"Molten Egg 2":43,"Art of War":47,"PureWater":0,"InkBottle":34},{"Potion Belt":4,"CeramicFish":5,"Ancient Tea Set":4,"Cursed Key":8,"Calling Bell":14,"CaptainsWheel":10,"Centennial Puzzle":14,"Lizard Tail":14,"Prayer Wheel":13,"Molten Egg 2":18,"Art of War":19,"PureWater":0,"InkBottle":14},{"Potion Belt":14,"CeramicFish":21,"Ancient Tea Set":14,"Cursed Key":31,"Calling Bell":50,"CaptainsWheel":37,"Centennial Puzzle":50,"Lizard Tail":50,"Prayer Wheel":46,"Molten Egg 2":62,"Art of War":67,"PureWater":0,"InkBottle":50}],"InkBottle":[11]},"card_choices":[{"not_picked":["Pray","Evaluate"],"picked":"FollowUp","floor":1.0},{"not_picked":["BowlingBash","CrushJoints"],"picked":"Scrawl","floor":3.0},{"not_picked":["FlyingSleeves","ThirdEye"],"picked":"Consecrate","floor":5.0},{"not_picked":["SashWhip","Wish","Conclude"],"picked":"SKIP","floor":6.0},{"not_picked":["Conclude","Fasting2","Halt"],"picked":"SKIP","floor":10.0},{"not_picked":["WaveOfTheHand","Prostrate"],"picked":"Wallop","floor":11.0},{"not_picked":["WaveOfTheHand","CarveReality"],"picked":"PathToVictory","floor":12.0},{"not_picked":["ClearTheMind+1","FlurryOfBlows","EmptyBody"],"picked":"SKIP","floor":18.0},{"not_picked":["Fasting2+1","WheelKick"],"picked":"Scrawl","floor":24.0},{"not_picked":["Study","Crescendo"],"picked":"Tantrum","floor":27},{"not_picked":["Perseverance+1","FlyingSleeves+1","Swivel"],"picked":"SKIP","floor":28},{"not_picked":["FlurryOfBlows","Tantrum+1","Crescendo"],"picked":"SKIP","floor":30},{"not_picked":["SpiritShield","Omniscience"],"picked":"DeusExMachina","floor":33},{"not_picked":["Prostrate","FollowUp"],"picked":"Consecrate+1","floor":35},{"not_picked":["EmptyFist","Prostrate+1","Crescendo"],"picked":"SKIP","floor":35},{"not_picked":["ClearTheMind","Tantrum","Devotion"],"picked":"SKIP","floor":38},{"not_picked":["Perseverance","FlurryOfBlows","BowlingBash"],"picked":"SKIP","floor":38},{"not_picked":["EmptyFist","Prostrate","LessonLearned"],"picked":"SKIP","floor":39},{"not_picked":["Halt","Consecrate","Protect"],"picked":"SKIP","floor":39},{"not_picked":["Halt","Blasphemy","FlurryOfBlows"],"picked":"SKIP","floor":41},{"not_picked":["FlurryOfBlows","BowlingBash+1","Crescendo"],"picked":"SKIP","floor":41},{"not_picked":["EmptyFist+1","Protect","Blasphemy"],"picked":"SKIP","floor":47},{"not_picked":["Metamorphosis","Purity"],"picked":"Trip","floor":48},{"not_picked":["Secret Weapon","Impatience"],"picked":"Thinking Ahead","floor":48}],"player_experience":3839667,"relics_obtained":[{"floor":6.0,"key":"Potion Belt"},{"floor":9.0,"key":"Ancient Tea Set"},{"floor":10.0,"key":"CeramicFish"},{"floor":24.0,"key":"CaptainsWheel"},{"floor":30,"key":"Prayer Wheel"},{"floor":34,"key":"Centennial Puzzle"},{"floor":34,"key":"InkBottle"},{"floor":34,"key":"Lizard Tail"},{"floor":43,"key":"Molten Egg 2"},{"floor":47,"key":"Art of War"}],"event_choices":[{"damage_healed":0.0,"max_hp_gain":0.0,"max_hp_loss":0.0,"gold_gain":0.0,"event_name":"Living Wall","player_choice":"Grow","floor":4.0,"gold_loss":0.0,"damage_taken":0.0,"cards_upgraded":["FollowUp"]},{"damage_healed":0.0,"max_hp_gain":0.0,"max_hp_loss":0.0,"gold_gain":0.0,"event_name":"The Cleric","player_choice":"Leave","floor":8.0,"gold_loss":0.0,"damage_taken":0.0},{"damage_healed":0.0,"max_hp_gain":0.0,"max_hp_loss":0.0,"gold_gain":0.0,"event_name":"The Library","player_choice":"Read","floor":19.0,"gold_loss":0.0,"damage_taken":0.0,"cards_obtained":["ThirdEye"]},{"damage_healed":0.0,"max_hp_gain":0.0,"max_hp_loss":0.0,"gold_gain":0.0,"event_name":"The Mausoleum","player_choice":"Ignored","floor":20.0,"gold_loss":0.0,"damage_taken":0.0},{"damage_healed":0.0,"max_hp_gain":0.0,"max_hp_loss":0.0,"gold_gain":50.0,"event_name":"Nest","player_choice":"Stole From Cult","floor":22.0,"gold_loss":0.0,"damage_taken":0.0},{"damage_healed":0,"gold_gain":0,"player_choice":"Forge","damage_taken":0,"max_hp_gain":0,"max_hp_loss":0,"event_name":"Accursed Blacksmith","floor":37,"gold_loss":0,"cards_upgraded":["PathToVictory"]},{"damage_healed":0,"gold_gain":0,"player_choice":"Max HP","damage_taken":0,"max_hp_gain":0,"max_hp_loss":3,"event_name":"Winding Halls","floor":44,"gold_loss":0},{"cards_removed":["BowlingBash"],"damage_healed":0,"gold_gain":0,"player_choice":"Removed Attack","damage_taken":0,"max_hp_gain":0,"max_hp_loss":0,"event_name":"Falling","floor":45,"gold_loss":0},{"damage_healed":0,"gold_gain":0,"player_choice":"Memory 3","damage_taken":10,"max_hp_gain":0,"max_hp_loss":0,"event_name":"SensoryStone","floor":48,"gold_loss":0}],"is_beta":false,"boss_relics":[{"not_picked":["Busted Crown","Coffee Dripper"],"picked":"Cursed Key"},{"not_picked":["Philosopher\u0027s Stone","Pandora\u0027s Box"],"picked":"Calling Bell"}],"items_purged_floors":[14,21,31],"is_endless":false,"potions_floor_spawned":[1,10,16,28,30,33,35,41],"killed_by":"Donu and Deca","ascension_level":16}}