{"host":"ecaj4hn004xnnrw9","time":1610487098,"event":{"mods":["AchievementEnabler","BaseMod","Better Third Choice","Hermit","Hubris","Infinite Spire","Jorbs\u0027s Wanderer Trilogy","Minty Spire (QoL Compilation)","Quick Restart","Shop Mod","StSLib","The Construct","The Jungle","The Runesmith"],"gold_per_floor":[113,32,32,32,32,32,44,44,44,60,86,86,112,42,42,147,147,147,147,147,147,147,147,147,147,147,147,147,147,147],"floor_reached":29,"language":"ENG","playtime":1048,"items_purged":["Runesmith:Strike_RS"],"score":299,"play_id":"ef93d30d-62e3-4341-b1e9-50efbf910804","local_time":"20210112213138","is_ascension_mode":false,"campfire_choices":[{"data":"Runesmith:HeatedChisel","floor":6,"key":"SMITH"},{"data":"Runesmith:CraftFirestone","floor":8,"key":"SMITH"},{"data":"Runesmith:LithiumIon","floor":15,"key":"SMITH"},{"floor":23,"key":"REST"},{"data":"Runesmith:CraftIncendium","floor":25,"key":"SMITH"}],"circlet_count":0,"master_deck":["Runesmith:Strike_RS","Runesmith:Strike_RS","Runesmith:Defend_RS","Runesmith:Defend_RS","Runesmith:Defend_RS","Runesmith:Defend_RS","Runesmith:CraftFirestone+1","Runesmith:Fortify","Runesmith:HeatedChisel+1","Runesmith:LithiumIon+1","Runesmith:EnergizedChisel","Runesmith:HeatExchange","Iron Wave","Runesmith:CraftIncendium+1","Runesmith:LithiumIon+1","Runesmith:Duplicate","Runesmith:PerfectChisel","Runesmith:Grindstone","Runesmith:HammerThrow+1"],"relics":["Runic Pyramid","Boot","Bottled Tornado","WingedGreaves","Orichalcum","Ectoplasm","hubris:EmptyBottle","infinitespire:ShieldingShard"],"acts_visited":["Exordium","TheCity"],"potions_floor_usage":[16,16,18,24,24,29,29,29],"damage_taken":[{"damage":0,"enemies":"Jaw Worm","floor":1,"turns":6},{"damage":4,"enemies":"2 Louse","floor":7,"turns":4},{"damage":4,"enemies":"Small Slimes","floor":10,"turns":4},{"damage":12,"enemies":"3 Sentries","floor":11,"turns":7},{"damage":27,"enemies":"Gremlin Nob","floor":13,"turns":4},{"damage":0,"enemies":"Slime Boss","floor":16,"turns":5},{"damage":16,"enemies":"3 Byrds","floor":18,"turns":4},{"damage":13,"enemies":"Shell Parasite","floor":19,"turns":6},{"damage":26,"enemies":"Shelled Parasite and Fungi","floor":20,"turns":6},{"damage":24,"enemies":"Gremlin Leader","floor":24,"turns":5},{"damage":5,"enemies":"Centurion and Healer","floor":28,"turns":6},{"damage":12,"enemies":"Nightmare","floor":29,"turns":3}],"seed_played":"-2067539536379892354","potions_obtained":[{"floor":7,"key":"SmokeBomb"},{"floor":10,"key":"GamblersBrew"},{"floor":13,"key":"DistilledChaos"},{"floor":16,"key":"SneckoOil"},{"floor":19,"key":"Energy Potion"},{"floor":28,"key":"Strength Potion"}],"is_trial":false,"path_per_floor":["M","$","?","?","?","R","M","R","T","M","E","?","E","$","R","B",null,"M","M","M","AVR","?","R","E","R","T","?","M","NM"],"character_chosen":"RUNESMITH_CLASS","items_purchased":["Runesmith:LithiumIon","Runesmith:LithiumIon"],"campfire_rested":1,"item_purchase_floors":[2,14],"current_hp_per_floor":[70,70,70,67,67,67,63,63,63,59,47,47,20,20,20,20,70,54,41,15,15,15,36,12,12,12,12,7,0,0],"gold":147,"neow_bonus":"BOSS_RELIC","is_daily":false,"chose_seed":false,"campfire_upgraded":4,"win_rate":0.0,"timestamp":1610487098,"path_taken":["M","$","?","?","?","R","M","R","T","M","E","?","E","$","R","BOSS","M","M","?","AVR","?","R","E","R","T","?","?","NM"],"items_purchased_type":["Card","Card"],"build_version":"2020-12-22","purchased_purges":1,"victory":false,"max_hp_per_floor":[70,70,70,70,70,70,70,70,70,70,70,70,70,70,70,70,70,70,70,70,70,70,70,70,70,70,70,70,70,70],"card_choices":[{"not_picked":["Runesmith:StaticCage","Runesmith:CraftProtectio"],"picked":"Runesmith:HeatedChisel","floor":1},{"not_picked":["Runesmith:ChiselStab","Runesmith:Permafrost"],"picked":"Runesmith:EnergizedChisel","floor":7},{"not_picked":["Runesmith:CraftObretio","Runesmith:Prism","Runesmith:StaticCage"],"picked":"SKIP","floor":10},{"not_picked":["Runesmith:EarthShield","Runesmith:CraftMagma"],"picked":"Runesmith:HeatExchange","floor":11},{"not_picked":["Runesmith:PoweredAnvil","Runesmith:CreatorForm"],"picked":"Runesmith:CraftIncendium","floor":13},{"not_picked":["Runesmith:GrandSlam","Runesmith:CraftPrismatica"],"picked":"Runesmith:Duplicate","floor":16},{"not_picked":["Runesmith:Overpower","Runesmith:EnergizedChisel+1","Runesmith:StaticCage"],"picked":"SKIP","floor":18},{"not_picked":["Runesmith:CraftProtectio","Runesmith:Overpower"],"picked":"Runesmith:PerfectChisel","floor":19},{"not_picked":["Runesmith:WhiteBalance","Runesmith:OneForEveryone"],"picked":"Runesmith:Grindstone","floor":20},{"not_picked":["Runesmith:Terraform+1","Runesmith:CraftMagma"],"picked":"Runesmith:HammerThrow+1","floor":28}],"player_experience":292520,"relics_obtained":[{"floor":9,"key":"Bottled Tornado"},{"floor":11,"key":"WingedGreaves"},{"floor":13,"key":"Orichalcum"},{"floor":26,"key":"infinitespire:ShieldingShard"}],"event_choices":[{"damage_healed":0,"gold_gain":0,"player_choice":"Ignored","damage_taken":32,"max_hp_gain":0,"max_hp_loss":0,"event_name":"betterThird:BetterSerpent","floor":3,"gold_loss":0},{"damage_healed":0,"gold_gain":0,"player_choice":"Relic ","damage_taken":3,"max_hp_gain":0,"max_hp_loss":0,"event_name":"betterThird:BetterScrap","floor":4,"gold_loss":0,"cards_obtained":["Blasphemy"]},{"cards_removed":["Runesmith:Strike_RS"],"damage_healed":0,"gold_gain":0,"player_choice":"Took Card","damage_taken":0,"max_hp_gain":0,"max_hp_loss":0,"event_name":"NoteForYourself","floor":12,"gold_loss":0,"cards_obtained":["Iron Wave"]},{"damage_healed":0,"gold_gain":100,"player_choice":"Pray","damage_taken":0,"max_hp_gain":0,"max_hp_loss":0,"event_name":"Golden Shrine","floor":27,"gold_loss":0}],"is_beta":false,"boss_relics":[{"not_picked":["Runic Dome","hubris:BlackHole"],"picked":"Ectoplasm"}],"items_purged_floors":[21],"is_endless":false,"potions_floor_spawned":[7,10,13,16,19,24,28],"killed_by":"Nightmare","ascension_level":0}}