{"host":"m1168lp3vv5pgdep","time":1610466879,"event":{"mods":["Act Like it!","Arknights The Spire","Aspiration","BaseMod","Beaked The Cultist","Better Altar","Better Match","Better Sensory Stone","Better Skull","Better Third Choice","Block Reminder","CCEM","CatGirl Mod","Curses Come First","Elementarium","Gensokyo","Hallownest","Hubris","Menagerie","Minty Spire (QoL Compilation)","Pale of the Ancients","Permanent Neow","Quick Restart","Railgun Mod","Remilia??????","Shade Mod","Small Relic Pack","Spicy Shops","StSLib","The Bug Knight","The Death Knight","The Forsaken","The Marked","Waifu the Spire","Wandering Minibosses","????"],"gold_per_floor":[117,58,64,70,18,30,142,142,142,148,153,153,162,172,172,223,223,228,228,236,5,5,5,5,5],"floor_reached":24,"playtime":2246,"items_purged":["Shame"],"score":198,"play_id":"73216103-d0a6-4b8f-98b3-cbecf05bf618","local_time":"20210112155439","is_ascension_mode":false,"campfire_choices":[{"data":"DeathKnight:DancingRuneblade","floor":8,"key":"SMITH"},{"data":"DeathKnight:Runeguard","floor":15,"key":"SMITH"},{"floor":23,"key":"RECALL"}],"circlet_count":0,"master_deck":["DeathKnight:Strike_DeathKnight","DeathKnight:Strike_DeathKnight","DeathKnight:Strike_DeathKnight","DeathKnight:Strike_DeathKnight","DeathKnight:Strike_DeathKnight","DeathKnight:Defend_DeathKnight","DeathKnight:Defend_DeathKnight","DeathKnight:Defend_DeathKnight","DeathKnight:Defend_DeathKnight","DeathKnight:Defend_DeathKnight","DeathKnight:RuneTap","DeathKnight:RuneStrike","DeathKnight:Runeguard+1","DeathKnight:DancingRuneblade+1","DeathKnight:PlagueStrike","DeathKnight:Parry+1","DeathKnight:DeathCoil","DeathKnight:UnholyAssault","DeathKnight:Defile","Bandage Up+1"],"relics":["DeathKnight:BrokenRuneblade","NeowsBlessing","Menagerie:Aurumvore","CCEMRelics:SpiritsEdge","DeathKnight:Scourgestone","CCEMRelics:TransientCore"],"acts_visited":["Menagerie:Menagerie","Elementarium:Elementarium"],"potions_floor_usage":[6,6,16,16,20,20,24,24],"damage_taken":[{"damage":1,"enemies":"Menagerie:MonstrousExperiment","floor":1,"turns":1},{"damage":0,"enemies":"Menagerie:2_RABBITS","floor":3,"turns":1},{"damage":0,"enemies":"Menagerie:WhisperingWraith","floor":4,"turns":1},{"damage":18,"enemies":"Menagerie:Hydra","floor":6,"turns":4},{"damage":10,"enemies":"Menagerie:MENAGERIE_WILDLIFE","floor":10,"turns":3},{"damage":0,"enemies":"Menagerie:Hexasnake","floor":11,"turns":3},{"damage":5,"enemies":"Menagerie:BEAST_MAGE_AND_PROWLING_AMALGAM","floor":13,"turns":5},{"damage":2,"enemies":"Menagerie:MENAGERIE_WILDLIFE","floor":14,"turns":3},{"damage":12,"enemies":"Menagerie:Chimera","floor":16,"turns":8},{"damage":0,"enemies":"Elementarium:VoidCorruption","floor":18,"turns":3},{"damage":11,"enemies":"Elementarium:2_ELEMENTALS","floor":20,"turns":3},{"damage":55,"enemies":"Elementarium:ElementalPortal","floor":24,"turns":8}],"seed_played":"8498973815594707738","potions_obtained":[{"floor":4,"key":"DuplicationPotion"},{"floor":11,"key":"Weak Potion"},{"floor":13,"key":"AttackPotion"},{"floor":14,"key":"DuplicationPotion"},{"floor":16,"key":"ColorlessPotion"},{"floor":20,"key":"Fruit Juice"}],"is_trial":false,"path_per_floor":["M","?","M","M","$","E","?","R","T","M","M","?","M","M","R","B",null,"M","?","M","$","?","R","E"],"character_chosen":"DEATH_KNIGHT","items_purchased":["Fire Potion","Bandage Up","DeathKnight:PlagueVial"],"campfire_rested":0,"item_purchase_floors":[5,21,21],"current_hp_per_floor":[74,74,74,74,74,56,56,56,56,46,46,50,45,43,43,31,75,78,78,77,77,48,48,5,5],"gold":5,"neow_bonus":"THREE_ENEMY_KILL","is_daily":false,"chose_seed":false,"campfire_upgraded":2,"win_rate":0.0,"timestamp":1610466879,"path_taken":["M","?","?","M","$","E","?","R","T","?","M","?","M","M","R","BOSS","M","?","M","$","?","R","E"],"items_purchased_type":["Potion","Card","Potion"],"build_version":"2020-12-22","purchased_purges":1,"victory":false,"max_hp_per_floor":[75,75,75,75,75,75,75,75,75,75,75,75,75,75,75,75,75,78,78,86,86,86,86,85,85],"card_choices":[{"not_picked":["DeathKnight:MindFreeze","DeathKnight:AntiMagicShell"],"picked":"DeathKnight:Runeguard","floor":1},{"not_picked":["DeathKnight:HornOfWinter","DeathKnight:RunicCorruption"],"picked":"DeathKnight:DancingRuneblade","floor":3},{"not_picked":["DeathKnight:BludPresence","DeathKnight:BloodPact"],"picked":"DeathKnight:PlagueStrike","floor":4},{"not_picked":["DeathKnight:FrosPresence","DeathKnight:DeathsAdvance"],"picked":"DeathKnight:Parry","floor":6},{"not_picked":["DeathKnight:BloodBoil","DeathKnight:HornOfWinter"],"picked":"DeathKnight:DeathCoil","floor":10},{"not_picked":["DeathKnight:HartStrike","DeathKnight:Ossuary","DeathKnight:BloodBoil"],"picked":"SKIP","floor":11},{"not_picked":["DeathKnight:BloodTap","DeathKnight:BloodBoil","DeathKnight:ThirstingStrike"],"picked":"SKIP","floor":13},{"not_picked":["DeathKnight:IceboundArmor","DeathKnight:RaiseAlly"],"picked":"DeathKnight:UnholyAssault","floor":14},{"not_picked":["DeathKnight:Simulacrum","DeathKnight:Frostscythe"],"picked":"DeathKnight:Defile","floor":16},{"not_picked":["DeathKnight:BoneShield","DeathKnight:RunicCorruption","DeathKnight:BludPresence"],"picked":"SKIP","floor":18},{"not_picked":["DeathKnight:PathOfFrost+1","DeathKnight:Runeguard","DeathKnight:DeathRune"],"picked":"SKIP","floor":20}],"player_experience":172338,"relics_obtained":[{"floor":6,"key":"CCEMRelics:SpiritsEdge"},{"floor":9,"key":"DeathKnight:Scourgestone"}],"event_choices":[{"damage_healed":0,"gold_gain":0,"player_choice":"Pacify","damage_taken":0,"relics_obtained":["Menagerie:Aurumvore"],"max_hp_gain":0,"max_hp_loss":0,"event_name":"Menagerie:ScentOfGold","floor":2,"gold_loss":0},{"damage_healed":0,"gold_gain":225,"player_choice":"Raid","damage_taken":0,"max_hp_gain":0,"max_hp_loss":0,"event_name":"Menagerie:SpiderNest","floor":7,"gold_loss":0,"cards_obtained":["Shame"]},{"damage_healed":4,"gold_gain":0,"player_choice":"LEAVE ","damage_taken":0,"relics_obtained":[],"max_hp_gain":0,"max_hp_loss":0,"event_name":"betterSkull:BetterSkull","floor":12,"gold_loss":0,"cards_upgraded":[]},{"damage_healed":0,"gold_gain":0,"player_choice":"Ignored","damage_taken":0,"max_hp_gain":0,"max_hp_loss":0,"event_name":"Elementarium:ElementalBlades","floor":19,"gold_loss":0},{"damage_healed":0,"gold_gain":0,"player_choice":"UP UP ","damage_taken":33,"relics_obtained":[],"max_hp_gain":0,"max_hp_loss":0,"event_name":"betterSkull:BetterSkull","floor":22,"gold_loss":0,"cards_upgraded":["DeathKnight:Parry","Bandage Up"]}],"is_beta":false,"boss_relics":[{"not_picked":["beaked:SacredDeck","Calling Bell"],"picked":"CCEMRelics:TransientCore"}],"items_purged_floors":[21],"is_endless":false,"potions_floor_spawned":[4,11,13,14,16,20],"killed_by":"Elementarium:ElementalPortal","ascension_level":0}}