{"host":"qgrlfjrqk9z96gfi","time":1610493463,"event":{"mods":["BaseMod","Block Reminder","Colored Map","DeckTracker","Minty Spire (QoL Compilation)"],"gold_per_floor":[114,28,52,52,202,246,246,246,246,321,354,354,398,66,66,155,155,178,202,202,221,221,221,271,271,271,302,302,43,43,18,18,18,18],"floor_reached":33,"language":"ENG","playtime":1203,"items_purged":["Strike_G"],"score":646,"play_id":"83e81242-311d-4058-a563-b80fe8b5620e","local_time":"20210112131743","is_ascension_mode":true,"campfire_choices":[{"data":"All Out Attack","floor":7,"key":"SMITH"},{"data":"Dash","floor":15,"key":"SMITH"},{"data":"Malaise","floor":23,"key":"SMITH"},{"data":"After Image","floor":25,"key":"SMITH"},{"data":"Bullet Time","floor":30,"key":"SMITH"},{"data":"Calculated Gamble","floor":32,"key":"SMITH"}],"circlet_count":0,"master_deck":["AscendersBane","Strike_G","Strike_G","Strike_G","Strike_G","Defend_G","Defend_G","Defend_G","Defend_G","Defend_G","Survivor","Neutralize+1","All Out Attack+1","Dash+1","Dash+1","Underhanded Strike+1","Malaise+1","Underhanded Strike+1","Backflip","After Image+1","Acrobatics+1","Blade Dance","Blur+1","Bullet Time+1","Calculated Gamble+1","Prepared","Underhanded Strike+1","Dagger Spray+1"],"relics":["Ring of the Snake","NeowsBlessing","Juzu Bracelet","Golden Idol","Molten Egg 2","Calipers","Dead Branch","InkBottle","Sozu","Matryoshka","Akabeko","Singing Bowl","Smiling Mask","Membership Card"],"acts_visited":["Exordium","TheCity"],"potions_floor_usage":[27],"damage_taken":[{"damage":0,"enemies":"Cultist","floor":1,"turns":1},{"damage":0,"enemies":"3 Sentries","floor":6,"turns":1},{"damage":0,"enemies":"Gremlin Nob","floor":11,"turns":1},{"damage":2,"enemies":"3 Sentries","floor":13,"turns":5},{"damage":43,"enemies":"Slime Boss","floor":16,"turns":12},{"damage":9,"enemies":"3 Byrds","floor":18,"turns":7},{"damage":4,"enemies":"Shell Parasite","floor":19,"turns":6},{"damage":10,"enemies":"Cultist and Chosen","floor":21,"turns":9},{"damage":3,"enemies":"Gremlin Leader","floor":27,"turns":6},{"damage":66,"enemies":"Champ","floor":33,"turns":18}],"seed_played":"4972075750450693527","potions_obtained":[{"floor":1,"key":"SpeedPotion"},{"floor":16,"key":"Strength Potion"}],"is_trial":false,"path_per_floor":["M","$","T","?","?","E","R","?","T","?","E","?","E","$","R","B",null,"M","M","?","M","?","R","?","R","T","E","?","$","R","$","R","B"],"character_chosen":"THE_SILENT","items_purchased":["Dash","Malaise","Underhanded Strike+1","Backflip","Membership Card","Calculated Gamble","Prepared","Underhanded Strike+1","Dagger Spray+1"],"campfire_rested":0,"item_purchase_floors":[2,14,14,14,29,29,29,29,31],"current_hp_per_floor":[59,59,59,59,59,59,59,59,59,48,48,48,46,46,46,3,46,37,33,60,50,50,50,50,50,50,47,47,47,47,47,47,0,0],"gold":18,"neow_bonus":"THREE_ENEMY_KILL","is_daily":false,"chose_seed":false,"campfire_upgraded":6,"win_rate":0.0,"timestamp":1610493463,"path_taken":["M","$","?","?","?","E","R","?","T","?","E","?","E","?","R","BOSS","M","M","?","M","?","R","?","R","T","E","?","$","R","?","R","BOSS"],"items_purchased_type":["Card","Card","Card","Card","Relic","Card","Card","Card","Card"],"build_version":"2020-12-22","purchased_purges":1,"victory":false,"max_hp_per_floor":[66,66,66,60,60,60,60,60,60,60,60,60,60,60,60,60,60,60,60,60,60,60,60,60,60,60,60,60,60,60,60,60,60,60],"card_choices":[{"not_picked":["Heel Hook","Prepared"],"picked":"All Out Attack","floor":1},{"not_picked":["Heel Hook+1","Deflect"],"picked":"Dash+1","floor":6},{"not_picked":["Slice+1","Concentrate"],"picked":"Masterful Stab+1","floor":11},{"not_picked":["Riddle With Holes+1","Predator+1"],"picked":"Underhanded Strike+1","floor":13},{"not_picked":["Glass Knife+1","Storm of Steel"],"picked":"After Image","floor":16},{"not_picked":["Predator+1","Backflip"],"picked":"Acrobatics+1","floor":18},{"not_picked":["Masterful Stab+1","Bane+1"],"picked":"Blade Dance","floor":19},{"not_picked":["Dash+1","Blade Dance+1"],"picked":"Blur+1","floor":21},{"not_picked":["Bane+1","Outmaneuver"],"picked":"Bullet Time","floor":27}],"player_experience":1001585,"relics_obtained":[{"floor":3,"key":"Juzu Bracelet"},{"floor":6,"key":"Molten Egg 2"},{"floor":9,"key":"Calipers"},{"floor":11,"key":"Dead Branch"},{"floor":13,"key":"InkBottle"},{"floor":26,"key":"Akabeko"},{"floor":26,"key":"Singing Bowl"},{"floor":27,"key":"Smiling Mask"}],"event_choices":[{"damage_healed":0,"gold_gain":0,"player_choice":"Lose Max HP","damage_taken":0,"relics_obtained":["Golden Idol"],"max_hp_gain":0,"max_hp_loss":6,"event_name":"Golden Idol","floor":4,"gold_loss":0},{"damage_healed":0,"gold_gain":150,"player_choice":"AGREE","damage_taken":0,"max_hp_gain":0,"max_hp_loss":0,"event_name":"Liars Game","floor":5,"gold_loss":0,"cards_obtained":["Doubt"]},{"cards_removed":["Doubt"],"damage_healed":0,"gold_gain":0,"player_choice":"Removed Curses","damage_taken":0,"max_hp_gain":0,"max_hp_loss":0,"event_name":"Fountain of Cleansing","floor":8,"gold_loss":0},{"damage_healed":0,"gold_gain":75,"player_choice":"Gather Gold","damage_taken":11,"max_hp_gain":0,"max_hp_loss":0,"event_name":"World of Goop","floor":10,"gold_loss":0},{"damage_healed":0,"gold_gain":0,"player_choice":"Grow","damage_taken":0,"max_hp_gain":0,"max_hp_loss":0,"event_name":"Living Wall","floor":12,"gold_loss":0,"cards_upgraded":["Neutralize"]},{"cards_removed":["Masterful Stab"],"damage_healed":27,"gold_gain":0,"player_choice":"Offered Uncommon","damage_taken":0,"max_hp_gain":0,"max_hp_loss":0,"event_name":"Bonfire Elementals","floor":20,"gold_loss":0},{"damage_healed":0,"gold_gain":0,"player_choice":"Gave Potion","damage_taken":0,"relics_obtained":["Matryoshka"],"max_hp_gain":0,"max_hp_loss":0,"event_name":"WeMeetAgain","floor":22,"gold_loss":0},{"damage_healed":0,"gold_gain":50,"player_choice":"Stole From Cult","damage_taken":0,"max_hp_gain":0,"max_hp_loss":0,"event_name":"Nest","floor":24,"gold_loss":0},{"damage_healed":0,"gold_gain":0,"player_choice":"Got Potions","damage_taken":0,"max_hp_gain":0,"max_hp_loss":0,"event_name":"Lab","floor":28,"gold_loss":0}],"is_beta":false,"boss_relics":[{"not_picked":["Tiny House","WristBlade"],"picked":"Sozu"}],"items_purged_floors":[14],"is_endless":false,"potions_floor_spawned":[1,16,19,21],"killed_by":"Champ","ascension_level":20}}