{"host":"5waj3nq586zfb9qv","time":1610461301,"event":{"mods":["BaseMod","Better Vampires","Colored Map","Colored Powertips","GifTheSpireLib","Highlight Path","Minty Spire (QoL Compilation)","Quick Restart","Shop Mod","StSLib","SuperFastMode","Waifu the Spire"],"gold_per_floor":[119,44,54,70,84,118,118,131,131,166,4,20,46,63,63,165,165,176,101,101,50,50,83,83,99,124,155,155,73,88,104,104,209,209,224,224,224,235,235,261,261,287,287,49,49,68,96,125,137,149],"floor_reached":51,"playtime":2708,"items_purged":["Strike_G"],"score":1062,"play_id":"c131b8f9-f440-4fc7-ad32-b4219ec8547c","local_time":"20210112222141","is_ascension_mode":true,"campfire_choices":[{"data":"Blade Dance","floor":7.0,"key":"SMITH"},{"data":"Neutralize","floor":15.0,"key":"SMITH"},{"data":"Strike_G","floor":24.0,"key":"PURGE"},{"data":"Strike_G","floor":28.0,"key":"PURGE"},{"data":"Writhe","floor":32.0,"key":"PURGE"},{"data":"Strike_G","floor":41.0,"key":"PURGE"},{"data":"Defend_G","floor":45,"key":"PURGE"},{"data":"Defend_G","floor":49,"key":"PURGE"}],"circlet_count":0,"master_deck":["Defend_G","Defend_G","Defend_G","Survivor","Neutralize+1","Acrobatics","Terror","Blade Dance+1","Night Terror","Accuracy","Expertise","Panache","Outmaneuver","PiercingWail","Burst","Escape Plan","Blade Dance","Distraction","Acrobatics","Escape Plan","Accuracy","Heel Hook","After Image","Apotheosis","Finisher","Cloak And Dagger+1","Accuracy","Accuracy"],"relics":["Philosopher\u0027s Stone","Oddly Smooth Stone","Tough Bandages","Bottled Flame","Bird Faced Urn","Black Star","Anchor","Peace Pipe","Paper Crane","Potion Belt","Vajra","Blood Vial","Mummified Hand","Fusion Hammer","Bag of Marbles","Pantograph","Nunchaku","Orichalcum","CaptainsWheel","Kunai","MawBank","Snake Skull"],"acts_visited":["Exordium","TheCity","TheBeyond"],"potions_floor_usage":[47,50,50],"damage_taken":[{"damage":0.0,"enemies":"Cultist","floor":1.0,"turns":4.0},{"damage":0.0,"enemies":"Jaw Worm","floor":3.0,"turns":5.0},{"damage":0.0,"enemies":"2 Louse","floor":4.0,"turns":3.0},{"damage":0.0,"enemies":"Large Slime","floor":5.0,"turns":4.0},{"damage":12.0,"enemies":"Lagavulin","floor":6.0,"turns":6.0},{"damage":0.0,"enemies":"Exordium Wildlife","floor":8.0,"turns":3.0},{"damage":13.0,"enemies":"Gremlin Nob","floor":10.0,"turns":3.0},{"damage":0.0,"enemies":"3 Louse","floor":12.0,"turns":2.0},{"damage":10.0,"enemies":"3 Sentries","floor":13.0,"turns":7.0},{"damage":0.0,"enemies":"Large Slime","floor":14.0,"turns":4.0},{"damage":12.0,"enemies":"Hexaghost","floor":16.0,"turns":9.0},{"damage":6.0,"enemies":"Spheric Guardian","floor":18.0,"turns":3.0},{"damage":0.0,"enemies":"Gremlin Leader","floor":23.0,"turns":4.0},{"damage":0.0,"enemies":"Chosen","floor":25.0,"turns":4.0},{"damage":0.0,"enemies":"Slavers","floor":27.0,"turns":3.0},{"damage":0.0,"enemies":"Snake Plant","floor":30.0,"turns":3.0},{"damage":11.0,"enemies":"Centurion and Healer","floor":31.0,"turns":4.0},{"damage":0.0,"enemies":"Automaton","floor":33.0,"turns":6.0},{"damage":0.0,"enemies":"Orb Walker","floor":35.0,"turns":3.0},{"damage":3.0,"enemies":"3 Shapes","floor":38.0,"turns":3.0},{"damage":0.0,"enemies":"Reptomancer","floor":40.0,"turns":4.0},{"damage":0,"enemies":"Giant Head","floor":42,"turns":4},{"damage":0,"enemies":"3 Darklings","floor":46,"turns":2},{"damage":5,"enemies":"Reptomancer","floor":47,"turns":4},{"damage":0,"enemies":"Sphere and 2 Shapes","floor":48,"turns":4},{"damage":34,"enemies":"Awakened One","floor":50,"turns":10}],"seed_played":"-8213043935758474644","potions_obtained":[{"floor":3.0,"key":"BlessingOfTheForge"},{"floor":5.0,"key":"Energy Potion"},{"floor":8.0,"key":"SteroidPotion"},{"floor":13.0,"key":"PowerPotion"},{"floor":18.0,"key":"GamblersBrew"},{"floor":27.0,"key":"SteroidPotion"},{"floor":38.0,"key":"DistilledChaos"},{"floor":46,"key":"ColorlessPotion"},{"floor":47,"key":"Poison Potion"}],"is_trial":false,"path_per_floor":["M","$","M","M","M","E","R","M","T","E","$","M","E","M","R","B",null,"M","?","T","$","?","E","R","M","T","E","R","$","M","M","R","B",null,"M","?","?","M","?","E","R","E","T","$","R","M","E","M","R","B",null],"character_chosen":"THE_SILENT","items_purchased":["Panache","Blade Dance","Accuracy","Kunai"],"campfire_rested":0,"item_purchase_floors":[11,21,29,44],"current_hp_per_floor":[70,70,70,70,70,58,58,58,58,45,45,45,35,39,39,31,70,64,64,64,64,64,68,68,70,70,70,70,70,70,63,63,70,70,70,60,60,65,65,70,70,70,70,70,70,70,67,70,70,44],"gold":161,"neow_bonus":"BOSS_RELIC","is_daily":false,"chose_seed":false,"campfire_upgraded":2,"win_rate":0.0,"timestamp":1610461301,"path_taken":["M","$","M","M","M","E","R","M","T","E","$","M","E","M","R","BOSS","M","?","?","$","?","E","R","M","T","E","R","$","M","M","R","BOSS","M","?","?","M","?","E","R","E","T","$","R","M","E","M","R","BOSS"],"items_purchased_type":["Card","Card","Card","Relic"],"build_version":"2020-12-22","purchased_purges":1,"victory":true,"max_hp_per_floor":[70,70,70,70,70,70,70,70,70,70,70,70,70,70,70,70,70,70,70,70,70,70,70,70,70,70,70,70,70,70,70,70,70,70,70,70,70,70,70,70,70,70,70,70,70,70,70,70,70,70],"card_choices":[{"not_picked":["Prepared","PiercingWail"],"picked":"Acrobatics","floor":1.0},{"not_picked":["Poisoned Stab","Slice"],"picked":"Quick Slash","floor":3.0},{"not_picked":["Footwork","Skewer"],"picked":"Terror","floor":4.0},{"not_picked":["Dagger Throw","Sucker Punch"],"picked":"Blade Dance","floor":5.0},{"not_picked":["Masterful Stab","Bane"],"picked":"Night Terror","floor":6.0},{"not_picked":["Dagger Throw","Sucker Punch"],"picked":"Accuracy","floor":8.0},{"not_picked":["Dagger Throw","Slice"],"picked":"Expertise","floor":10.0},{"not_picked":["Sucker Punch","Dodge and Roll"],"picked":"Outmaneuver","floor":12.0},{"not_picked":["Dodge and Roll","Malaise"],"picked":"PiercingWail","floor":13.0},{"not_picked":["Bane","Sucker Punch","Deflect"],"picked":"SKIP","floor":14.0},{"not_picked":["Doppelganger","Die Die Die"],"picked":"Burst","floor":16.0},{"not_picked":["Bane+1","Noxious Fumes"],"picked":"Escape Plan","floor":18.0},{"not_picked":["Flechettes","Dagger Throw"],"picked":"Distraction","floor":23.0},{"not_picked":["Caltrops","Deadly Poison"],"picked":"Acrobatics","floor":25.0},{"not_picked":["Catalyst+1","Deflect"],"picked":"Escape Plan","floor":27.0},{"not_picked":["PiercingWail+1","Storm of Steel"],"picked":"Heel Hook","floor":30.0},{"not_picked":["Skewer","Poisoned Stab","Terror"],"picked":"SKIP","floor":31.0},{"not_picked":["Glass Knife","Night Terror"],"picked":"After Image","floor":33.0},{"not_picked":["Outmaneuver","Slice","Expertise"],"picked":"SKIP","floor":35.0},{"not_picked":["Trip","Purity"],"picked":"Apotheosis","floor":36.0},{"not_picked":["Flying Knee+1","Flechettes+1","Slice+1"],"picked":"SKIP","floor":38.0},{"not_picked":["Setup","PiercingWail+1"],"picked":"Finisher","floor":40.0},{"not_picked":["Underhanded Strike","Expertise","Bane"],"picked":"SKIP","floor":42},{"not_picked":["Expertise+1","Outmaneuver+1"],"picked":"Cloak And Dagger+1","floor":46},{"not_picked":["Outmaneuver","Cloak And Dagger+1"],"picked":"Accuracy","floor":47},{"not_picked":["Deadly Poison+1","Sucker Punch+1"],"picked":"Accuracy","floor":48}],"player_experience":31768,"relics_obtained":[{"floor":6.0,"key":"Oddly Smooth Stone"},{"floor":9.0,"key":"Tough Bandages"},{"floor":10.0,"key":"Bottled Flame"},{"floor":13.0,"key":"Bird Faced Urn"},{"floor":20.0,"key":"Anchor"},{"floor":23.0,"key":"Paper Crane"},{"floor":23.0,"key":"Potion Belt"},{"floor":26.0,"key":"Vajra"},{"floor":27.0,"key":"Blood Vial"},{"floor":27.0,"key":"Mummified Hand"},{"floor":40.0,"key":"Bag of Marbles"},{"floor":40.0,"key":"Pantograph"},{"floor":42,"key":"Nunchaku"},{"floor":42,"key":"Orichalcum"},{"floor":43,"key":"CaptainsWheel"},{"floor":47,"key":"MawBank"},{"floor":47,"key":"Snake Skull"}],"event_choices":[{"cards_removed":["Strike_G"],"damage_healed":0.0,"max_hp_gain":0.0,"max_hp_loss":0.0,"gold_gain":0.0,"event_name":"Beggar","player_choice":"Gave Gold","floor":19.0,"gold_loss":75.0,"damage_taken":0.0},{"damage_healed":0.0,"max_hp_gain":0.0,"max_hp_loss":0.0,"gold_gain":0.0,"event_name":"The Mausoleum","player_choice":"Opened","floor":22.0,"gold_loss":0.0,"damage_taken":0.0,"relics_obtained":["Peace Pipe"],"cards_obtained":["Writhe"]},{"damage_healed":0.0,"max_hp_gain":0.0,"max_hp_loss":0.0,"gold_gain":0.0,"event_name":"SensoryStone","player_choice":"Memory 3","floor":36.0,"gold_loss":0.0,"damage_taken":10.0},{"cards_removed":["Quick Slash"],"damage_healed":0.0,"max_hp_gain":0.0,"max_hp_loss":0.0,"gold_gain":0.0,"event_name":"Falling","player_choice":"Removed Attack","floor":37.0,"gold_loss":0.0,"damage_taken":0.0},{"damage_healed":0.0,"max_hp_gain":0.0,"max_hp_loss":0.0,"gold_gain":0.0,"event_name":"Tomb of Lord Red Mask","player_choice":"Ignored","floor":39.0,"gold_loss":0.0,"damage_taken":0.0}],"is_beta":false,"boss_relics":[{"not_picked":["Runic Dome","Velvet Choker"],"picked":"Black Star"},{"not_picked":["Tiny House","Pandora\u0027s Box"],"picked":"Fusion Hammer"}],"items_purged_floors":[2],"is_endless":false,"potions_floor_spawned":[3,5,8,13,14,18,27,38,46,47],"ascension_level":2}}