{"host":"ypphcgdomtfqpc2w","time":1610450978,"event":{"mods":["BaseMod","Minty Spire (QoL Compilation)","StSLib"],"gold_per_floor":[116,128,147,166,166,166,194,206,218,230,242,329,341,377,389,401,401],"floor_reached":16,"playtime":522,"items_purged":[],"score":200,"play_id":"42f25b81-5c55-4823-88a0-208212ef901d","local_time":"20210112202938","is_ascension_mode":true,"campfire_choices":[{"data":"Bash","floor":6,"key":"SMITH"},{"floor":11,"key":"REST"},{"data":"Combust","floor":13,"key":"SMITH"},{"floor":15,"key":"REST"}],"circlet_count":0,"master_deck":["AscendersBane","Strike_R+1","Strike_R","Strike_R","Strike_R","Defend_R+1","Defend_R","Defend_R","Defend_R","Bash+1","Wild Strike","Power Through","Twin Strike","Battle Trance","Combust+1","Blood for Blood","Headbutt"],"relics":["Burning Blood","Juzu Bracelet","MawBank","CeramicFish"],"acts_visited":["Exordium"],"potions_floor_usage":[7],"damage_taken":[{"damage":6,"enemies":"Jaw Worm","floor":1,"turns":5},{"damage":12,"enemies":"Small Slimes","floor":2,"turns":4},{"damage":1,"enemies":"Cultist","floor":3,"turns":4},{"damage":6,"enemies":"2 Fungi Beasts","floor":4,"turns":4},{"damage":37,"enemies":"3 Sentries","floor":7,"turns":11},{"damage":10,"enemies":"Large Slime","floor":14,"turns":4},{"damage":42,"enemies":"The Guardian","floor":16,"turns":6}],"seed_played":"-1492594870158584042","potions_obtained":[{"floor":2,"key":"Ancient Potion"},{"floor":4,"key":"DistilledChaos"}],"is_trial":false,"path_per_floor":["M","M","M","M","?","R","E","?","T","$","R","?","R","M","R","B"],"character_chosen":"IRONCLAD","items_purchased":[],"campfire_rested":2,"item_purchase_floors":[],"current_hp_per_floor":[68,62,67,67,44,44,13,13,13,13,35,24,24,20,42,0,0],"gold":401,"neow_bonus":"RANDOM_COMMON_RELIC","is_daily":false,"chose_seed":false,"campfire_upgraded":2,"win_rate":0.0,"timestamp":1610450978,"path_taken":["M","M","M","M","?","R","E","?","T","$","R","?","R","M","R","BOSS"],"items_purchased_type":[],"build_version":"2020-12-22","purchased_purges":0,"victory":false,"max_hp_per_floor":[75,75,75,75,75,75,75,75,75,75,75,75,75,75,75,75,75],"card_choices":[{"not_picked":["Havoc","Shrug It Off"],"picked":"Wild Strike","floor":1},{"not_picked":["Heavy Blade","Clothesline"],"picked":"Power Through","floor":2},{"not_picked":["Clothesline","Heavy Blade"],"picked":"Twin Strike","floor":3},{"not_picked":["Inflame","Disarm"],"picked":"Battle Trance","floor":4},{"not_picked":["Brutality","Sword Boomerang"],"picked":"Combust","floor":7},{"not_picked":["Warcry","Infernal Blade"],"picked":"Headbutt","floor":14}],"player_experience":2027103,"relics_obtained":[{"floor":7,"key":"MawBank"},{"floor":9,"key":"CeramicFish"}],"event_choices":[{"damage_healed":0,"gold_gain":0,"player_choice":"Entered Light","damage_taken":23,"max_hp_gain":0,"max_hp_loss":0,"event_name":"Shining Light","floor":5,"gold_loss":0,"cards_upgraded":["Strike_R","Defend_R"]},{"damage_healed":0,"gold_gain":0,"cards_transformed":["Strike_R"],"player_choice":"Transformed","damage_taken":0,"max_hp_gain":0,"max_hp_loss":0,"event_name":"Transmorgrifier","floor":8,"gold_loss":0,"cards_obtained":["Blood for Blood"]},{"damage_healed":0,"gold_gain":75,"player_choice":"Gather Gold","damage_taken":11,"max_hp_gain":0,"max_hp_loss":0,"event_name":"World of Goop","floor":12,"gold_loss":0}],"is_beta":false,"boss_relics":[],"items_purged_floors":[],"is_endless":false,"potions_floor_spawned":[2,4],"killed_by":"The Guardian","ascension_level":20}}