{"host":"k85tjwrh7mjrrc9a","time":1610485597,"event":{"mods":["AchievementEnabler","BaseMod","Colored Powertips","Highlight Path","Minty Spire (QoL Compilation)","Rare Cards Sparkle","StSLib"],"gold_per_floor":[114,133,107,121,121,150,150,164,164,175,122,152,102,120,120,120,120],"floor_reached":16,"language":"ENG","playtime":581,"items_purged":[],"score":168,"play_id":"b3bd639a-871e-453c-a840-b6044d4f6813","local_time":"20210112160637","is_ascension_mode":true,"campfire_choices":[{"floor":7,"key":"REST"},{"floor":15,"key":"REST"}],"circlet_count":0,"master_deck":["AscendersBane","Strike_R","Strike_R","Strike_R","Strike_R","Strike_R","Defend_R","Defend_R","Defend_R","Defend_R","Bash","Flame Barrier","Wild Strike","Body Slam","Headbutt","Pommel Strike"],"relics":["Busted Crown","Paper Frog","Blue Candle","Smiling Mask"],"acts_visited":["Exordium"],"potions_floor_usage":[6,12],"damage_taken":[{"damage":4,"enemies":"Small Slimes","floor":1,"turns":3},{"damage":6,"enemies":"Cultist","floor":2,"turns":3},{"damage":0,"enemies":"2 Louse","floor":4,"turns":2},{"damage":23,"enemies":"Lagavulin","floor":6,"turns":6},{"damage":5,"enemies":"Gremlin Gang","floor":8,"turns":4},{"damage":11,"enemies":"Looter","floor":10,"turns":3},{"damage":18,"enemies":"3 Sentries","floor":12,"turns":9},{"damage":7,"enemies":"Exordium Wildlife","floor":14,"turns":4},{"damage":50,"enemies":"The Guardian","floor":16,"turns":9}],"seed_played":"6976484779139490592","potions_obtained":[{"floor":1,"key":"LiquidMemories"},{"floor":10,"key":"Block Potion"},{"floor":14,"key":"DuplicationPotion"}],"is_trial":false,"path_per_floor":["M","M","$","M","?","E","R","M","T","M","$","E","$","M","R","B"],"character_chosen":"IRONCLAD","items_purchased":["Wild Strike","Headbutt","Pommel Strike"],"campfire_rested":2,"item_purchase_floors":[3,11,13],"current_hp_per_floor":[68,62,62,62,62,39,63,58,58,47,47,29,29,22,46,0,0],"gold":120,"neow_bonus":"BOSS_RELIC","is_daily":false,"chose_seed":false,"campfire_upgraded":0,"win_rate":0.0,"timestamp":1610485597,"path_taken":["M","M","$","M","?","E","R","M","T","M","$","E","?","?","R","BOSS"],"items_purchased_type":["Card","Card","Card"],"build_version":"2020-12-22","purchased_purges":0,"victory":false,"max_hp_per_floor":[80,80,80,80,80,80,80,80,80,80,80,80,80,80,80,80,80],"card_choices":[{"not_picked":[],"picked":"Flame Barrier","floor":1},{"not_picked":["Warcry"],"picked":"SKIP","floor":2},{"not_picked":[],"picked":"Body Slam","floor":4},{"not_picked":["Hemokinesis"],"picked":"SKIP","floor":6},{"not_picked":["Sentinel"],"picked":"SKIP","floor":8},{"not_picked":["Warcry"],"picked":"SKIP","floor":10},{"not_picked":["Bloodletting"],"picked":"SKIP","floor":12},{"not_picked":["Seeing Red"],"picked":"SKIP","floor":14}],"player_experience":185999,"relics_obtained":[{"floor":6,"key":"Paper Frog"},{"floor":9,"key":"Blue Candle"},{"floor":12,"key":"Smiling Mask"}],"event_choices":[{"damage_healed":0,"gold_gain":0,"player_choice":"Bought 0 Potions","damage_taken":0,"max_hp_gain":0,"max_hp_loss":0,"event_name":"The Woman in Blue","floor":5,"gold_loss":0}],"is_beta":false,"boss_relics":[],"items_purged_floors":[],"is_endless":false,"potions_floor_spawned":[1,10,14],"killed_by":"The Guardian","ascension_level":10}}