{"host":"o5or1zybx7au40zl","time":1610478999,"event":{"mods":["Act Like it!","Aspiration","BaseMod","Better Third Choice","Conspire","Dota2Spire","GungeonMod","Halation","Hubris","Minty Spire (QoL Compilation)","Replay The Spire","StSLib","The Jungle","Yuri Mod","vexMod"],"gold_per_floor":[110,129,145,156,167,167,201,201,201,214,214,228,228,255,255,355,355,371,371,388,405,416,416,77,77,103,136,136,136,164,183,183,287,287,304,315,315,330,346,358,388,400,400,413,413,413,447,462,462,462,462,462,1,29,29],"floor_reached":56,"playtime":1172,"items_purged":["Defend_R","Defend_R"],"score":1240,"play_id":"b5f436d0-9a92-4103-bf90-244ec2f515ef","local_time":"20210112201639","is_ascension_mode":false,"campfire_choices":[{"floor":6,"key":"RECALL"},{"data":"Bash","floor":8,"key":"SMITH"},{"data":"Cleave","floor":15,"key":"SMITH"},{"floor":23,"key":"REST"},{"data":"Feed","floor":25,"key":"SMITH"},{"data":"Pummel","floor":29,"key":"SMITH"},{"data":"Clothesline","floor":32,"key":"SMITH"},{"data":"ReplayTheSpireMod:Limb From Limb","floor":45,"key":"SMITH"},{"data":"ReplayTheSpireMod:Omega Cannon","floor":49,"key":"SMITH"},{"data":"Twin Strike","floor":52,"key":"SMITH"}],"circlet_count":0,"master_deck":["Strike_R","Strike_R","Strike_R","Strike_R","Defend_R","Bash+1","Run Through+1","Twin Strike+1","Clash","Cleave+1","Feed+1","Pummel+1","Run Through+1","Run Through+1","ReplayTheSpireMod:Limb From Limb+1","Clothesline+1","Blood for Blood+1","Cleave+1","Reaper","Massacre+1","Pummel+1","Cleave+1","ReplayTheSpireMod:Omega Cannon+1","Poisoned Strike","Replay:Many Hands"],"relics":["Burning Blood","ReplayTheSpireMod:Lightbulb","Singing Bowl","halation:RedSoulGem","Replay:Bottled Eggs","SlaversCollar","Onion Ring","DemoMod:ClearGuonStone","vexMod:CardConverter","DemoMod:Metronome","Sundial","hubris:VirtuousBlindfold","vexMod:MemoryStick","Pen Nib","hubris:MysteriousPyramids","Lantern"],"acts_visited":["Exordium","Exordium","TheBeyond","TheEnding"],"potions_floor_usage":[7,55,55,55],"damage_taken":[{"damage":1,"enemies":"Cultist","floor":1,"turns":3},{"damage":1,"enemies":"2 Louse","floor":2,"turns":2},{"damage":0,"enemies":"Small Slimes","floor":3,"turns":3},{"damage":12,"enemies":"3 Louse","floor":4,"turns":4},{"damage":16,"enemies":"Red Slaver","floor":5,"turns":3},{"damage":0,"enemies":"3 Sentries","floor":7,"turns":11},{"damage":8,"enemies":"Blue Slaver","floor":10,"turns":3},{"damage":0,"enemies":"Lots of Slimes","floor":12,"turns":2},{"damage":18,"enemies":"Lagavulin","floor":14,"turns":3},{"damage":26,"enemies":"Slime Boss","floor":16,"turns":6},{"damage":0,"enemies":"theJungle:MUSHROOMGANG","floor":18,"turns":3},{"damage":22,"enemies":"theJungle:Flameango_and_Byrd","floor":20,"turns":4},{"damage":33,"enemies":"theJungle:2_Flameangoes","floor":21,"turns":4},{"damage":16,"enemies":"theJungle:Snecko_Cultist_And_Trap","floor":22,"turns":2},{"damage":0,"enemies":"theJungle:MamaSnecko","floor":27,"turns":3},{"damage":0,"enemies":"theJungle:Cassacara","floor":30,"turns":2},{"damage":0,"enemies":"theJungle:SlimyTreeVines","floor":31,"turns":2},{"damage":15,"enemies":"theJungle:FunGuy","floor":33,"turns":4},{"damage":8,"enemies":"Orb Walker","floor":35,"turns":3},{"damage":4,"enemies":"3 Darklings","floor":36,"turns":2},{"damage":29,"enemies":"Maw","floor":38,"turns":5},{"damage":0,"enemies":"4 Shapes","floor":39,"turns":1},{"damage":12,"enemies":"Jaw Worm Horde","floor":40,"turns":2},{"damage":9,"enemies":"Nemesis","floor":41,"turns":3},{"damage":18,"enemies":"Writhing Mass","floor":42,"turns":3},{"damage":30,"enemies":"Spire Growth","floor":44,"turns":3},{"damage":0,"enemies":"Reptomancer","floor":47,"turns":2},{"damage":0,"enemies":"Sphere and 2 Shapes","floor":48,"turns":1},{"damage":73,"enemies":"Replay:Hell Engine","floor":50,"turns":6},{"damage":0,"enemies":"Shield and Spear","floor":54,"turns":1},{"damage":127,"enemies":"The Heart","floor":55,"turns":6}],"seed_played":"-5254966307566694472","potions_obtained":[{"floor":5,"key":"DemoMod:LeadSkinPotion"},{"floor":7,"key":"Dexterity Potion"},{"floor":12,"key":"ElixirPotion"},{"floor":14,"key":"LiquidBronze"},{"floor":16,"key":"EssenceOfSteel"},{"floor":27,"key":"PowerPotion"}],"is_trial":false,"path_per_floor":["M","M","M","M","M","R","E","R","T","M","?","M","?","E","R","B",null,"M","?","M","M","M","R","$","R","T","E","?","R","E","M","R","B",null,"M","M","?","M","M","M","E","M","T","M","R","?","E","M","R","B",null,"R","$","E","B",null],"character_chosen":"IRONCLAD","items_purchased":["Onion Ring","Clothesline","Poisoned Strike","Replay:Many Hands"],"campfire_rested":1,"item_purchase_floors":[24,24,53,53],"current_hp_per_floor":[80,80,80,74,64,64,72,72,72,72,72,78,78,68,68,48,86,89,89,73,46,36,62,62,62,62,70,70,70,78,86,86,83,101,101,109,109,88,96,109,109,105,105,100,100,102,129,131,131,84,131,131,135,137,38],"gold":29,"neow_bonus":"RANDOM_COMMON_RELIC","is_daily":false,"chose_seed":false,"campfire_upgraded":8,"win_rate":0.0,"timestamp":1610478999,"path_taken":["M","M","M","M","M","R","E","R","T","?","?","M","?","E","R","BOSS","M","?","M","?","M","R","$","R","T","E","?","R","E","?","R","BOSS","M","M","?","M","M","M","E","?","T","M","R","?","E","M","R","BOSS","R","$","E","BOSS"],"items_purchased_type":["Relic","Card","Card","Card"],"build_version":"2020-12-22","purchased_purges":2,"victory":true,"max_hp_per_floor":[80,80,80,80,80,80,82,82,82,84,84,84,84,86,86,86,86,89,89,89,89,89,89,89,89,89,91,91,91,93,95,95,101,101,103,109,109,111,113,115,117,119,119,125,125,127,129,131,131,131,131,131,135,137,137],"card_choices":[{"not_picked":["Armaments","Replay:Undeath\u0027s Touch"],"picked":"Run Through","floor":1},{"not_picked":["hubris:ReadiedAction","True Grit"],"picked":"Twin Strike","floor":2},{"not_picked":["Searing Blow","Armaments","Anger"],"picked":"SKIP","floor":3},{"not_picked":["Bloodletting","Replay:Undeath\u0027s Touch"],"picked":"Clash","floor":4},{"not_picked":["Replay:Undeath\u0027s Touch","Power Through"],"picked":"ReplayTheSpireMod:Stacked","floor":5},{"not_picked":["Wild Strike","Life Link","Body Slam"],"picked":"Singing Bowl","floor":7},{"not_picked":["Searing Blow","Warcry","Iron Wave"],"picked":"Singing Bowl","floor":10},{"not_picked":["Exhume","Run Through"],"picked":"Cleave","floor":12},{"not_picked":["Massacre","Reckless Charge","Shrug It Off"],"picked":"Singing Bowl","floor":14},{"not_picked":["Corruption","Demon Form"],"picked":"Feed","floor":16},{"not_picked":["hubris:ReadiedAction","Anger"],"picked":"Pummel","floor":18},{"not_picked":["Headbutt","Evolve"],"picked":"Run Through+1","floor":20},{"not_picked":["Sever Soul","Feel No Pain"],"picked":"Run Through","floor":21},{"not_picked":["Clothesline","conspire:HitWhereItHurts"],"picked":"ReplayTheSpireMod:Limb From Limb","floor":22},{"not_picked":["Infernal Blade","Body Slam"],"picked":"Blood for Blood+1","floor":27},{"not_picked":["Flex","Life Link"],"picked":"Cleave+1","floor":30},{"not_picked":["Wild Strike+1","Metallicize","Heavy Blade"],"picked":"Singing Bowl","floor":31},{"not_picked":["Barricade","Exhume"],"picked":"Reaper","floor":33},{"not_picked":["Headbutt","Evolve+1"],"picked":"Massacre+1","floor":35},{"not_picked":["Iron Wave+1","Perfected Strike","hubris:SharpeningStone"],"picked":"Singing Bowl","floor":36},{"not_picked":["Evolve+1","conspire:ExplosiveBarrier"],"picked":"Pummel+1","floor":38},{"not_picked":["Intimidate+1","Shrug It Off"],"picked":"Cleave+1","floor":39},{"not_picked":["Infernal Blade","conspire:Purge","hubris:SharpeningStone"],"picked":"Singing Bowl","floor":40},{"not_picked":["Combust","ReplayTheSpireMod:Corrosion Curse","ReplayTheSpireMod:Strike From Hell+1"],"picked":"Singing Bowl","floor":41},{"not_picked":["Disarm+1","Run Through","Power Through+1"],"picked":"Singing Bowl","floor":42},{"not_picked":["ReplayTheSpireMod:Limb From Limb","Body Slam+1","Sentinel+1"],"picked":"Singing Bowl","floor":44},{"not_picked":["DemoMod:WhiteBlade","Anger+1","Power Through+1"],"picked":"Singing Bowl","floor":47},{"not_picked":["Armaments+1","Entrench+1","Headbutt+1"],"picked":"Singing Bowl","floor":48},{"not_picked":["Body Slam","Replay:Undeath\u0027s Touch","True Grit"],"picked":"Singing Bowl","floor":54}],"player_experience":956926,"relics_obtained":[{"floor":7,"key":"Singing Bowl"},{"floor":14,"key":"Replay:Bottled Eggs"},{"floor":26,"key":"DemoMod:ClearGuonStone"},{"floor":27,"key":"vexMod:CardConverter"},{"floor":28,"key":"DemoMod:Metronome"},{"floor":30,"key":"Sundial"},{"floor":41,"key":"vexMod:MemoryStick"},{"floor":43,"key":"Pen Nib"},{"floor":47,"key":"hubris:MysteriousPyramids"},{"floor":54,"key":"Lantern"}],"event_choices":[{"damage_healed":0,"gold_gain":0,"player_choice":"Bought 0 Potions","damage_taken":0,"max_hp_gain":0,"max_hp_loss":0,"event_name":"The Woman in Blue","floor":19,"gold_loss":0},{"damage_healed":0,"gold_gain":0,"player_choice":"Relic","damage_taken":0,"max_hp_gain":0,"max_hp_loss":0,"event_name":"Wheel of Change","floor":28,"gold_loss":0},{"cards_removed":["Defend_R"],"damage_healed":0,"gold_gain":0,"player_choice":"Purged","damage_taken":0,"max_hp_gain":0,"max_hp_loss":0,"event_name":"Purifier","floor":37,"gold_loss":0},{"cards_removed":["ReplayTheSpireMod:Stacked"],"damage_healed":0,"gold_gain":0,"player_choice":"Took Card","damage_taken":0,"max_hp_gain":0,"max_hp_loss":0,"event_name":"NoteForYourself","floor":46,"gold_loss":0,"cards_obtained":["ReplayTheSpireMod:Omega Cannon"]}],"is_beta":false,"boss_relics":[{"not_picked":["aspiration:WatcherSkillbook","Kintsugi"],"picked":"SlaversCollar"},{"not_picked":["Astrolabe","halation:SmartPhone"],"picked":"hubris:VirtuousBlindfold"}],"items_purged_floors":[24,53],"is_endless":false,"potions_floor_spawned":[5,7,12,14,16,27,30,35,39,40,41,54],"ascension_level":0}}