{"host":"h2gxemxa99wv6yfu","time":1610410834,"event":{"mods":["BaseMod","Block Reminder","Colored Powertips","Highlight Path","Minty Spire (QoL Compilation)","Permanent Neow","Quick Restart","Relic Stats"],"gold_per_floor":[13,26,301,145,160,160,177,177,201,217,217,229,261,272,272,377,377,388,388,368,368,368],"floor_reached":21,"playtime":755,"items_purged":["Regret"],"score":183,"play_id":"4a3da879-b7e5-44ed-a4ac-cb88d48430d3","local_time":"20210111182034","is_ascension_mode":false,"campfire_choices":[{"data":"Zap","floor":6,"key":"SMITH"},{"data":"Capacitor","floor":8,"key":"SMITH"},{"data":"Go for the Eyes","floor":11,"key":"SMITH"},{"floor":15,"key":"REST"}],"circlet_count":0,"master_deck":["Strike_B","Strike_B","Strike_B","Strike_B","Defend_B","Defend_B","Defend_B","Defend_B","Zap+1","Dualcast","Go for the Eyes+1","Capacitor+1","Cold Snap","Tempest","Ball Lightning","Melter","Machine Learning","Pain"],"relics":["Cracked Core","Mango","Nunchaku","Vajra","Inserter","WarpedTongs"],"acts_visited":["Exordium","TheCity"],"potions_floor_usage":[21],"damage_taken":[{"damage":0,"enemies":"Small Slimes","floor":1,"turns":3},{"damage":1,"enemies":"Cultist","floor":2,"turns":4},{"damage":11,"enemies":"Jaw Worm","floor":5,"turns":2},{"damage":24,"enemies":"Exordium Thugs","floor":7,"turns":4},{"damage":6,"enemies":"2 Fungi Beasts","floor":10,"turns":3},{"damage":1,"enemies":"Exordium Wildlife","floor":12,"turns":3},{"damage":25,"enemies":"Lagavulin","floor":13,"turns":6},{"damage":6,"enemies":"Exordium Thugs","floor":14,"turns":4},{"damage":29,"enemies":"Hexaghost","floor":16,"turns":8},{"damage":7,"enemies":"Chosen","floor":18,"turns":4},{"damage":20,"enemies":"2 Thieves","floor":20,"turns":4},{"damage":20,"enemies":"3 Cultists","floor":21,"turns":4}],"seed_played":"7041548717007815306","potions_obtained":[{"floor":1,"key":"DuplicationPotion"},{"floor":7,"key":"FearPotion"},{"floor":10,"key":"SmokeBomb"},{"floor":16,"key":"Energy Potion"},{"floor":20,"key":"SkillPotion"}],"is_trial":false,"path_per_floor":["M","M","?","$","M","R","M","R","T","M","R","M","E","M","R","B",null,"M","?","M","M"],"character_chosen":"DEFECT","items_purchased":["Capacitor"],"campfire_rested":1,"item_purchase_floors":[4],"current_hp_per_floor":[89,88,88,88,77,77,53,53,53,47,47,46,21,15,41,12,89,82,82,62,42,42],"gold":368,"neow_bonus":"ONE_RARE_RELIC","is_daily":false,"chose_seed":false,"campfire_upgraded":3,"win_rate":0.0,"timestamp":1610410834,"path_taken":["M","M","?","$","M","R","M","R","T","M","R","M","E","?","R","BOSS","M","?","M","?"],"items_purchased_type":["Card"],"build_version":"2020-12-22","purchased_purges":1,"victory":false,"max_hp_per_floor":[89,89,89,89,89,89,89,89,89,89,89,89,89,89,89,89,89,89,89,89,89,89],"relic_stats":{"Nunchaku":[6],"Inserter":[6],"counters":[12,49],"obtain_stats":[{"Nunchaku":9,"Inserter":17,"Vajra":13,"Mango":0,"Cracked Core":0,"WarpedTongs":19},{"Nunchaku":4,"Inserter":9,"Vajra":7,"Mango":0,"Cracked Core":0,"WarpedTongs":10},{"Nunchaku":13,"Inserter":37,"Vajra":25,"Mango":0,"Cracked Core":0,"WarpedTongs":41}],"WarpedTongs":[8]},"card_choices":[{"not_picked":["Force Field","Compile Driver","Scrape"],"picked":"SKIP","floor":1},{"not_picked":["Streamline","Stack"],"picked":"Go for the Eyes","floor":2},{"not_picked":["Conserve Battery","Barrage","Steam Power"],"picked":"SKIP","floor":5},{"not_picked":["Stack","Streamline"],"picked":"Cold Snap","floor":7},{"not_picked":["Fusion","Gash"],"picked":"Tempest","floor":10},{"not_picked":["Fusion","Streamline"],"picked":"Ball Lightning","floor":12},{"not_picked":["Hologram","Conserve Battery","Sweeping Beam"],"picked":"SKIP","floor":13},{"not_picked":["Cold Snap","Steam Power"],"picked":"Melter","floor":14},{"not_picked":["All For One","Biased Cognition"],"picked":"Machine Learning","floor":16},{"not_picked":["Barrage","Rebound+1","Gash"],"picked":"SKIP","floor":18},{"not_picked":["White Noise+1","Compile Driver+1","Beam Cell"],"picked":"SKIP","floor":20}],"player_experience":4492,"relics_obtained":[{"floor":9,"key":"Nunchaku"},{"floor":13,"key":"Vajra"}],"event_choices":[{"damage_healed":0,"gold_gain":275,"player_choice":"Desecrate","damage_taken":0,"max_hp_gain":0,"max_hp_loss":0,"event_name":"Golden Shrine","floor":3,"gold_loss":0,"cards_obtained":["Regret"]},{"damage_healed":0,"gold_gain":0,"player_choice":"Rummage","damage_taken":0,"relics_obtained":["WarpedTongs"],"max_hp_gain":0,"max_hp_loss":0,"event_name":"Accursed Blacksmith","floor":19,"gold_loss":0,"cards_obtained":["Pain"]}],"is_beta":false,"boss_relics":[{"not_picked":["Fusion Hammer","Busted Crown"],"picked":"Inserter"}],"items_purged_floors":[4],"is_endless":false,"potions_floor_spawned":[1,7,10,16,20],"killed_by":"3 Cultists","ascension_level":0}}