{"host":"ecaj4hn004xnnrw9","time":1610487535,"event":{"mods":["AchievementEnabler","BaseMod","Better Third Choice","Hermit","Hubris","Infinite Spire","Jorbs\u0027s Wanderer Trilogy","Minty Spire (QoL Compilation)","Quick Restart","Shop Mod","StSLib","The Construct","The Jungle","The Runesmith"],"gold_per_floor":[11,11,0,12,23,48,48,76,76,76,95,95,112,128,128,128,128],"floor_reached":16,"language":"ENG","playtime":414,"items_purged":[],"score":112,"play_id":"8997b116-a362-498d-973a-b3326c64c388","local_time":"20210112213855","is_ascension_mode":false,"campfire_choices":[{"data":"Eruption","floor":7,"key":"SMITH"},{"floor":12,"key":"REST"},{"data":"Wallop","floor":15,"key":"SMITH"}],"circlet_count":0,"master_deck":["Strike_P","Strike_P","Strike_P","Strike_P","Defend_P","Defend_P","Eruption+1","Vigilance","CrushJoints","Enlightenment","Wallop+1","Adaptation","BowlingBash","FlurryOfBlows+1","Reboot","EmptyFist+1","CrushJoints+1"],"relics":["PureWater","Happy Flower","Molten Egg 2","infinitespire:Satchel","Bag of Preparation"],"acts_visited":["Exordium"],"potions_floor_usage":[6,8,16],"damage_taken":[{"damage":0,"enemies":"Cultist","floor":1,"turns":3},{"damage":0,"enemies":"2 Louse","floor":4,"turns":1},{"damage":0,"enemies":"Small Slimes","floor":5,"turns":3},{"damage":28,"enemies":"Gremlin Nob","floor":6,"turns":3},{"damage":14,"enemies":"3 Sentries","floor":8,"turns":5},{"damage":0,"enemies":"3 Louse","floor":11,"turns":1},{"damage":0,"enemies":"Exordium Wildlife","floor":13,"turns":1},{"damage":5,"enemies":"Red Slaver","floor":14,"turns":2},{"damage":36,"enemies":"The Guardian","floor":16,"turns":6}],"seed_played":"2360189781171009360","potions_obtained":[{"floor":4,"key":"LiquidMemories"},{"floor":6,"key":"StancePotion"},{"floor":14,"key":"Ambrosia"}],"is_trial":false,"path_per_floor":["M","$","?","M","M","E","R","E","T","?","M","R","M","M","R","B"],"character_chosen":"WATCHER","items_purchased":[],"campfire_rested":1,"item_purchase_floors":[],"current_hp_per_floor":[72,72,78,78,78,50,50,36,36,10,10,33,33,28,28,0,0],"gold":128,"neow_bonus":"REMOVE_TWO","is_daily":false,"chose_seed":false,"campfire_upgraded":2,"win_rate":0.0,"timestamp":1610487535,"path_taken":["M","?","?","M","M","E","R","E","T","?","?","R","M","M","R","BOSS"],"items_purchased_type":[],"build_version":"2020-12-22","purchased_purges":0,"victory":false,"max_hp_per_floor":[72,72,78,78,78,78,78,78,78,78,78,78,78,78,78,78,78],"card_choices":[{"not_picked":["Protect","ThirdEye"],"picked":"CrushJoints","floor":1},{"not_picked":["Pray","Protect"],"picked":"Wallop","floor":4},{"not_picked":["FollowUp","FlurryOfBlows"],"picked":"Adaptation","floor":5},{"not_picked":["Protect","FlyingSleeves"],"picked":"BowlingBash","floor":6},{"not_picked":["CutThroughFate+1","EmptyBody"],"picked":"FlurryOfBlows+1","floor":8},{"not_picked":["Pray","SandsOfTime+1","Protect"],"picked":"SKIP","floor":11},{"not_picked":["Sanctity","Crescendo"],"picked":"EmptyFist+1","floor":13},{"not_picked":["Study","FollowUp+1"],"picked":"CrushJoints+1","floor":14}],"player_experience":297361,"relics_obtained":[{"floor":6,"key":"Happy Flower"},{"floor":8,"key":"Molten Egg 2"},{"floor":9,"key":"infinitespire:Satchel"}],"event_choices":[{"damage_healed":0,"gold_gain":0,"player_choice":"RENOUNCE","damage_taken":11,"max_hp_gain":0,"max_hp_loss":0,"event_name":"betterThird:BetterSerpent","floor":3,"gold_loss":11,"cards_obtained":["Enlightenment"]}],"is_beta":false,"boss_relics":[],"items_purged_floors":[],"is_endless":false,"potions_floor_spawned":[4,6,14],"killed_by":"The Guardian","ascension_level":0}}