{"host":"2zw05eexjythz74b","time":1610413418,"event":{"mods":["AchievementEnabler","BaseMod","Better Altar","Colored Map","Minty Spire (QoL Compilation)","StSLib","everything is the same but u backflip on backflip"],"gold_per_floor":[113,132,207,220,234,234,409,438,464,464,478,510,531,94,94,208,208,236,265,310,325,18,18,18,18],"floor_reached":24,"playtime":1420,"items_purged":["Doubt","Warcry"],"score":254,"play_id":"2fac7f6d-e49a-4ce7-a2ec-dc72e7aed814","local_time":"20210111190338","is_ascension_mode":true,"campfire_choices":[{"data":"Sword Boomerang","floor":6,"key":"SMITH"},{"data":"Spot Weakness","floor":10,"key":"SMITH"},{"data":"Sword Boomerang","floor":15,"key":"SMITH"},{"data":"Infernal Blade","floor":23,"key":"SMITH"}],"circlet_count":0,"master_deck":["Defend_R","Defend_R","Defend_R","Defend_R","Bash","Sword Boomerang+1","Spot Weakness+1","Iron Wave","Rage","Shrug It Off","Sword Boomerang+1","Exhume","Uppercut","Infernal Blade+1","Bite","Bite","Bite","Bite","Bite","Infernal Blade"],"relics":["Burning Blood","Bag of Marbles","Pen Nib","CeramicFish","Matryoshka","Runic Pyramid","Bronze Scales"],"acts_visited":["Exordium","TheCity"],"potions_floor_usage":[8,11,16,16,18],"damage_taken":[{"damage":0,"enemies":"Small Slimes","floor":1,"turns":3},{"damage":12,"enemies":"Jaw Worm","floor":2,"turns":3},{"damage":0,"enemies":"Cultist","floor":4,"turns":2},{"damage":17,"enemies":"2 Fungi Beasts","floor":5,"turns":3},{"damage":24,"enemies":"Lagavulin","floor":8,"turns":6},{"damage":6,"enemies":"Exordium Wildlife","floor":11,"turns":3},{"damage":16,"enemies":"3 Sentries","floor":12,"turns":4},{"damage":4,"enemies":"Large Slime","floor":13,"turns":5},{"damage":34,"enemies":"Slime Boss","floor":16,"turns":6},{"damage":0,"enemies":"Chosen","floor":18,"turns":3},{"damage":20,"enemies":"Spheric Guardian","floor":19,"turns":4},{"damage":65,"enemies":"3 Cultists","floor":21,"turns":6},{"damage":24,"enemies":"Gremlin Leader","floor":24,"turns":5}],"seed_played":"-4950322402138721192","potions_obtained":[{"floor":1,"key":"ElixirPotion"},{"floor":4,"key":"BlessingOfTheForge"},{"floor":12,"key":"SkillPotion"},{"floor":13,"key":"SkillPotion"},{"floor":19,"key":"SpeedPotion"}],"is_trial":false,"path_per_floor":["M","M","?","M","M","R","?","E","T","R","M","E","M","$","R","B",null,"M","M","?","M","$","R","E"],"character_chosen":"IRONCLAD","items_purchased":["Sword Boomerang","Matryoshka","DistilledChaos","Infernal Blade","Bronze Scales"],"campfire_rested":0,"item_purchase_floors":[14,14,14,22,22],"current_hp_per_floor":[88,82,71,77,66,66,66,48,48,48,48,38,40,40,40,12,88,88,74,61,16,16,16,0,0],"gold":18,"neow_bonus":"TEN_PERCENT_HP_BONUS","is_daily":false,"chose_seed":false,"campfire_upgraded":4,"win_rate":0.0,"timestamp":1610413418,"path_taken":["M","M","?","M","M","R","?","E","T","R","?","E","M","$","R","BOSS","M","?","?","M","$","R","E"],"items_purchased_type":["Card","Relic","Potion","Card","Relic"],"build_version":"2020-12-22","purchased_purges":2,"victory":false,"max_hp_per_floor":[88,88,88,88,88,88,88,88,88,88,88,88,88,88,88,88,88,88,88,61,61,61,61,61,61],"card_choices":[{"not_picked":["Evolve","Body Slam"],"picked":"Sword Boomerang","floor":1},{"not_picked":["Shrug It Off","Armaments"],"picked":"Spot Weakness","floor":2},{"not_picked":["Pommel Strike","True Grit","Havoc"],"picked":"SKIP","floor":4},{"not_picked":["Feel No Pain","Perfected Strike"],"picked":"Iron Wave","floor":5},{"not_picked":["Heavy Blade","Sever Soul"],"picked":"Rage","floor":8},{"not_picked":["Sever Soul","Clash"],"picked":"Shrug It Off","floor":11},{"not_picked":["Wild Strike","Corruption","Flame Barrier"],"picked":"SKIP","floor":12},{"not_picked":["Shrug It Off","True Grit"],"picked":"Warcry","floor":13},{"not_picked":["Impervious","Bludgeon"],"picked":"Exhume","floor":16},{"not_picked":["Thunderclap","Headbutt"],"picked":"Uppercut","floor":18},{"not_picked":["Flex","Clothesline+1"],"picked":"Infernal Blade","floor":19},{"not_picked":["Feel No Pain","True Grit","Shrug It Off"],"picked":"SKIP","floor":21}],"player_experience":210905,"relics_obtained":[{"floor":8,"key":"Bag of Marbles"},{"floor":9,"key":"Pen Nib"},{"floor":12,"key":"CeramicFish"}],"event_choices":[{"damage_healed":0,"gold_gain":75,"player_choice":"Gather Gold","damage_taken":11,"max_hp_gain":0,"max_hp_loss":0,"event_name":"World of Goop","floor":3,"gold_loss":0},{"damage_healed":0,"gold_gain":175,"player_choice":"AGREE","damage_taken":0,"max_hp_gain":0,"max_hp_loss":0,"event_name":"Liars Game","floor":7,"gold_loss":0,"cards_obtained":["Doubt"]},{"damage_healed":0,"gold_gain":0,"player_choice":"Became a vampire","damage_taken":0,"max_hp_gain":0,"max_hp_loss":27,"event_name":"Vampires","floor":20,"gold_loss":0,"cards_obtained":["Bite","Bite","Bite","Bite","Bite"]}],"is_beta":false,"boss_relics":[{"not_picked":["Fusion Hammer","SacredBark"],"picked":"Runic Pyramid"}],"items_purged_floors":[14,22],"is_endless":false,"potions_floor_spawned":[1,4,12,13,19],"killed_by":"Gremlin Leader","ascension_level":2}}