{"host":"344lv32hnei0mdhu","time":1610428382,"event":{"mods":["Act Like it!","BaseMod","Better Match","Better Sensory Stone","Better Skull","Better Third Choice","Better Vampires","Colored Powertips","Highlight Path","Minty Spire (QoL Compilation)","Quick Restart","Random Character Button","Rare Cards Sparkle","StSLib"],"gold_per_floor":[111,124,124,124,124,167,167,200,274,297,297,317,337,39,39,170,170,191,191,204,71,96,131,131,131,131],"floor_reached":25,"playtime":1939,"items_purged":[],"score":384,"play_id":"bd851921-8c34-4185-9bad-e82261552aac","local_time":"20210111231302","is_ascension_mode":true,"campfire_choices":[{"floor":7,"key":"REST"},{"floor":15,"key":"REST"},{"floor":24,"key":"REST"}],"circlet_count":0,"master_deck":["AscendersBane","Eruption","Vigilance","ForeignInfluence","FollowUp","Evaluate","CarveReality","WaveOfTheHand","ReachHeaven+1","Devotion","MentalFortress","FearNoEvil+1","FearNoEvil+1","DevaForm","DevaForm","Wallop+1","Swivel","Meditate","TalkToTheHand+1","ClearTheMind","Sanctity","BattleHymn","Fasting2+1"],"relics":["PureWater","NeowsBlessing","Golden Idol","Centennial Puzzle","Mummified Hand","TeardropLocket","Molten Egg 2","Membership Card","Regal Pillow","Pen Nib","Pandora\u0027s Box","Omamori","Gremlin Horn"],"acts_visited":["Exordium","TheCity"],"potions_floor_usage":[8,16,22,22,25],"damage_taken":[{"damage":0,"enemies":"Cultist","floor":1,"turns":1},{"damage":0,"enemies":"Small Slimes","floor":2,"turns":1},{"damage":0,"enemies":"Gremlin Nob","floor":6,"turns":1},{"damage":22,"enemies":"Lagavulin","floor":8,"turns":5},{"damage":1,"enemies":"Jaw Worm","floor":10,"turns":3},{"damage":5,"enemies":"3 Louse","floor":12,"turns":3},{"damage":14,"enemies":"Red Slaver","floor":13,"turns":3},{"damage":31,"enemies":"The Guardian","floor":16,"turns":10},{"damage":8,"enemies":"2 Thieves","floor":18,"turns":4},{"damage":0,"enemies":"Spheric Guardian","floor":20,"turns":1},{"damage":24,"enemies":"Centurion and Healer","floor":22,"turns":5},{"damage":21,"enemies":"Gremlin Leader","floor":23,"turns":8},{"damage":45,"enemies":"Book of Stabbing","floor":25,"turns":7}],"seed_played":"8523240419007726090","potions_obtained":[{"floor":1,"key":"AttackPotion"},{"floor":10,"key":"PowerPotion"},{"floor":12,"key":"BottledMiracle"},{"floor":16,"key":"SpeedPotion"},{"floor":20,"key":"Energy Potion"},{"floor":23,"key":"AttackPotion"}],"is_trial":false,"path_per_floor":["M","M","?","?","$","E","R","E","T","M","T","M","M","$","R","B",null,"M","?","M","$","M","E","R","E"],"character_chosen":"WATCHER","items_purchased":["Membership Card","Regal Pillow","Pen Nib","Sanctity","BattleHymn","Omamori"],"campfire_rested":3,"item_purchase_floors":[14,14,14,21,21,21],"current_hp_per_floor":[65,65,65,47,47,47,68,46,46,45,45,40,26,26,62,31,62,54,54,54,54,30,9,45,0,0],"gold":131,"neow_bonus":"THREE_ENEMY_KILL","is_daily":false,"chose_seed":false,"campfire_upgraded":0,"win_rate":0.0,"timestamp":1610428382,"path_taken":["M","?","?","?","$","E","R","E","T","M","?","M","M","$","R","BOSS","M","?","M","$","?","E","R","E"],"items_purchased_type":["Relic","Relic","Relic","Card","Card","Relic"],"build_version":"2020-12-22","purchased_purges":0,"victory":false,"max_hp_per_floor":[72,72,72,72,72,72,72,72,72,72,72,72,72,72,72,72,72,72,72,72,72,72,72,72,72,72],"card_choices":[{"not_picked":["Weave","Prostrate"],"picked":"ForeignInfluence","floor":1},{"not_picked":["CutThroughFate","PathToVictory"],"picked":"FollowUp","floor":2},{"not_picked":["EmptyBody","FlyingSleeves","EmptyMind"],"picked":"SKIP","floor":6},{"not_picked":["FlyingSleeves","Adaptation"],"picked":"Evaluate","floor":8},{"not_picked":["FlurryOfBlows","WaveOfTheHand"],"picked":"CarveReality","floor":10},{"not_picked":["WreathOfFlame","EmptyBody"],"picked":"WaveOfTheHand","floor":12},{"not_picked":["EmptyMind","FollowUp+1"],"picked":"ReachHeaven+1","floor":13},{"not_picked":["Brilliance+1","MasterReality"],"picked":"Devotion","floor":16},{"not_picked":["Evaluate","Worship"],"picked":"TalkToTheHand+1","floor":18},{"not_picked":["EmptyFist+1","Swivel"],"picked":"ClearTheMind","floor":20},{"not_picked":["BowlingBash+1","JustLucky+1"],"picked":"Fasting2+1","floor":22},{"not_picked":["PathToVictory","WindmillStrike+1","ReachHeaven+1"],"picked":"SKIP","floor":23}],"player_experience":328041,"relics_obtained":[{"floor":6,"key":"Centennial Puzzle"},{"floor":8,"key":"Mummified Hand"},{"floor":9,"key":"TeardropLocket"},{"floor":11,"key":"Molten Egg 2"},{"floor":23,"key":"Gremlin Horn"}],"event_choices":[{"damage_healed":0,"gold_gain":0,"player_choice":"Ignored","damage_taken":0,"max_hp_gain":0,"max_hp_loss":0,"event_name":"Golden Wing","floor":3,"gold_loss":0},{"damage_healed":0,"gold_gain":0,"player_choice":"Take Damage","damage_taken":18,"relics_obtained":["Golden Idol"],"max_hp_gain":0,"max_hp_loss":0,"event_name":"Golden Idol","floor":4,"gold_loss":0},{"damage_healed":0,"gold_gain":0,"player_choice":"Bought 0 Potions","damage_taken":0,"max_hp_gain":0,"max_hp_loss":0,"event_name":"The Woman in Blue","floor":19,"gold_loss":0}],"is_beta":false,"boss_relics":[{"not_picked":["Sozu","Busted Crown"],"picked":"Pandora\u0027s Box"}],"items_purged_floors":[],"is_endless":false,"potions_floor_spawned":[1,10,12,16,20,23],"killed_by":"Book of Stabbing","ascension_level":10}}