{"host":"25fn74ijs2305xd4","time":1610472303,"event":{"mods":["AchievementEnabler","BaseMod","Colored Map","Colored Powertips","Dark Map","Minty Spire (QoL Compilation)","Relic Stats","StSLib"],"gold_per_floor":[111,61,72,89,106,140,140,160,160,179,179,212,225,295,295,398,398,413,413,427,445,459,490,62,73,96,96,124,124,46,64,64,169,169,184,184,184,3,17,17,17,17,17,17,45,45,75,87,87,87,87,87,12,41,41,41],"floor_reached":55,"playtime":2333,"items_purged":["Bandage Up"],"score":957,"play_id":"fb9ec847-22a7-44a2-b592-a29f47276bf0","local_time":"20210112182503","is_ascension_mode":true,"campfire_choices":[{"data":"Neutralize","floor":7,"key":"SMITH"},{"data":"Quick Slash","floor":11,"key":"SMITH"},{"data":"Cloak And Dagger","floor":15,"key":"SMITH"},{"data":"Cloak And Dagger","floor":27,"key":"SMITH"},{"data":"1","floor":32,"key":"LIFT"},{"data":"2","floor":40,"key":"LIFT"},{"data":"3","floor":41,"key":"LIFT"},{"floor":42,"key":"REST"},{"floor":44,"key":"RECALL"},{"floor":46,"key":"REST"},{"data":"Accuracy","floor":49,"key":"SMITH"},{"data":"A Thousand Cuts","floor":52,"key":"SMITH"}],"circlet_count":0,"master_deck":["Survivor","Neutralize+1","Quick Slash+1","Dagger Spray","Footwork","Dodge and Roll","Endless Agony","Flying Knee","Terror","Slice","Footwork","Cloak And Dagger+1","A Thousand Cuts","Burst","Bane","Outmaneuver","Venomology","Slice","Dagger Throw","Venomology","Night Terror","PiercingWail","Dagger Spray+1","Dagger Spray+1","Cloak And Dagger+1","Cloak And Dagger+1","Prepared","Noxious Fumes","Well Laid Plans+1","Dodge and Roll","Blade Dance","Dramatic Entrance","Deflect","Infinite Blades","Cloak And Dagger","Blade Dance+1","Noxious Fumes","Masterful Stab","Deflect+1","A Thousand Cuts+1","Noxious Fumes+1","Cloak And Dagger+1","Accuracy+1","Deflect+1","Endless Agony+1","Blade Dance+1","Backstab"],"relics":["WristBlade","TungstenRod","Prayer Wheel","Girya","Kunai","Pandora\u0027s Box","Mango","Potion Belt","Lee\u0027s Waffle","Vajra","Ancient Tea Set","Runic Pyramid","WingedGreaves","Nunchaku","Letter Opener","Calipers","Blood Vial"],"acts_visited":["Exordium","TheCity","TheBeyond","TheEnding"],"potions_floor_usage":[12,20,20,22,23,23,28,31,33,33,35,35,47,50,54,54,54,55,55,55],"damage_taken":[{"damage":0,"enemies":"2 Louse","floor":1,"turns":4},{"damage":0,"enemies":"Jaw Worm","floor":3,"turns":4},{"damage":0,"enemies":"Cultist","floor":4,"turns":3},{"damage":10,"enemies":"Looter","floor":5,"turns":4},{"damage":11,"enemies":"3 Sentries","floor":6,"turns":10},{"damage":3,"enemies":"Red Slaver","floor":8,"turns":6},{"damage":1,"enemies":"Blue Slaver","floor":10,"turns":4},{"damage":5,"enemies":"Gremlin Nob","floor":12,"turns":3},{"damage":0,"enemies":"3 Louse","floor":13,"turns":4},{"damage":0,"enemies":"Slime Boss","floor":16,"turns":6},{"damage":3,"enemies":"Chosen","floor":18,"turns":3},{"damage":0,"enemies":"3 Byrds","floor":20,"turns":2},{"damage":26,"enemies":"Shelled Parasite and Fungi","floor":21,"turns":4},{"damage":6,"enemies":"Centurion and Healer","floor":22,"turns":6},{"damage":18,"enemies":"Slavers","floor":23,"turns":4},{"damage":6,"enemies":"Chosen and Byrds","floor":25,"turns":5},{"damage":9,"enemies":"Book of Stabbing","floor":28,"turns":4},{"damage":4,"enemies":"Snake Plant","floor":31,"turns":3},{"damage":39,"enemies":"Automaton","floor":33,"turns":7},{"damage":13,"enemies":"3 Darklings","floor":35,"turns":3},{"damage":26,"enemies":"3 Shapes","floor":39,"turns":2},{"damage":17,"enemies":"Nemesis","floor":45,"turns":5},{"damage":0,"enemies":"Reptomancer","floor":47,"turns":3},{"damage":0,"enemies":"Jaw Worm Horde","floor":48,"turns":2},{"damage":43,"enemies":"Awakened One","floor":50,"turns":9},{"damage":34,"enemies":"Shield and Spear","floor":54,"turns":4},{"damage":71,"enemies":"The Heart","floor":55,"turns":3}],"seed_played":"-6258553664723307683","potions_obtained":[{"floor":3,"key":"BlessingOfTheForge"},{"floor":10,"key":"DistilledChaos"},{"floor":13,"key":"Energy Potion"},{"floor":16,"key":"LiquidMemories"},{"floor":21,"key":"Block Potion"},{"floor":22,"key":"Poison Potion"},{"floor":23,"key":"SkillPotion"},{"floor":25,"key":"Weak Potion"},{"floor":29,"key":"DistilledChaos"},{"floor":29,"key":"DuplicationPotion"},{"floor":33,"key":"FearPotion"},{"floor":45,"key":"Dexterity Potion"},{"floor":48,"key":"LiquidMemories"}],"is_trial":false,"path_per_floor":["M","?","M","M","M","E","R","M","T","M","R","E","M","T","R","B",null,"M","?","M","M","M","E","$","M","T","R","E","?","$","M","R","B",null,"M","?","?","$","M","R","R","R","T","R","E","R","E","M","R","B",null,"R","$","E","B"],"character_chosen":"THE_SILENT","items_purchased":["Dramatic Entrance","Deflect","Potion Belt","Lee\u0027s Waffle","Noxious Fumes","Accuracy","Nunchaku"],"campfire_rested":2,"item_purchase_floors":[24,24,24,24,30,38,38],"current_hp_per_floor":[70,70,70,70,60,49,49,46,46,45,45,40,40,40,40,40,70,67,67,67,41,35,31,91,85,85,85,76,76,76,72,72,33,91,78,69,69,69,43,43,43,70,70,70,57,84,84,84,84,45,91,91,91,57,0,0],"gold":41,"neow_bonus":"BOSS_RELIC","is_daily":false,"chose_seed":false,"campfire_upgraded":6,"win_rate":0.0,"timestamp":1610472303,"path_taken":["M","?","M","M","M","E","R","M","T","M","R","E","M","?","R","BOSS","M","?","M","M","M","E","$","?","T","R","E","?","$","?","R","BOSS","M","?","?","$","?","R","R","R","T","R","E","R","E","M","R","BOSS","R","$","E","BOSS"],"items_purchased_type":["Card","Card","Relic","Relic","Card","Card","Relic"],"build_version":"2020-12-22","purchased_purges":1,"victory":false,"max_hp_per_floor":[70,70,70,70,70,70,70,70,70,70,70,70,70,70,70,70,70,70,70,70,70,70,84,91,91,91,91,91,91,91,91,91,91,91,91,91,91,91,91,91,91,91,91,91,91,91,91,91,91,91,91,91,91,91,91,91],"relic_stats":{"Blood Vial":2,"Lee\u0027s Waffle":60,"Nunchaku":[10],"counters":[27,117],"Prayer Wheel":11,"Pandora\u0027s Box":["Burst","Bane","Outmaneuver","Venomology","Slice","Dagger Throw","Venomology","Night Terror","PiercingWail"],"Kunai":[50],"Letter Opener":[26],"obtain_stats":[{"Potion Belt":24,"Girya":12,"Lee\u0027s Waffle":24,"Calipers":47,"Vajra":26,"Mango":23,"Letter Opener":45,"Ancient Tea Set":28,"Blood Vial":54,"Nunchaku":38,"WristBlade":0,"Prayer Wheel":9,"Pandora\u0027s Box":17,"WingedGreaves":37,"Kunai":14,"TungstenRod":6,"Ring of the Snake":0,"Runic Pyramid":34},{"Potion Belt":15,"Girya":8,"Lee\u0027s Waffle":15,"Calipers":23,"Vajra":16,"Mango":15,"Letter Opener":22,"Ancient Tea Set":17,"Blood Vial":26,"Nunchaku":20,"WristBlade":0,"Prayer Wheel":6,"Pandora\u0027s Box":10,"WingedGreaves":20,"Kunai":9,"TungstenRod":5,"Ring of the Snake":0,"Runic Pyramid":19},{"Potion Belt":67,"Girya":38,"Lee\u0027s Waffle":67,"Calipers":99,"Vajra":72,"Mango":67,"Letter Opener":96,"Ancient Tea Set":76,"Blood Vial":114,"Nunchaku":89,"WristBlade":0,"Prayer Wheel":31,"Pandora\u0027s Box":48,"WingedGreaves":89,"Kunai":42,"TungstenRod":25,"Ring of the Snake":0,"Runic Pyramid":86}],"TungstenRod":63},"card_choices":[{"not_picked":["Flying Knee","Sucker Punch"],"picked":"Quick Slash","floor":1},{"not_picked":["Underhanded Strike","Acrobatics"],"picked":"Dagger Spray","floor":3},{"not_picked":["Outmaneuver","Dodge and Roll"],"picked":"Footwork","floor":4},{"not_picked":["Sucker Punch","Bane"],"picked":"Dodge and Roll","floor":5},{"not_picked":["Acrobatics","Die Die Die"],"picked":"Endless Agony","floor":6},{"not_picked":["All Out Attack","Dagger Throw"],"picked":"Flying Knee","floor":8},{"not_picked":["Bouncing Flask","Backflip"],"picked":"Terror","floor":10},{"not_picked":["Slice","Quick Slash","Escape Plan"],"picked":"SKIP","floor":10},{"not_picked":["Quick Slash","Escape Plan"],"picked":"Slice","floor":10},{"not_picked":["Reflex","Dagger Spray"],"picked":"Footwork","floor":12},{"not_picked":["All Out Attack","Dodge and Roll"],"picked":"Cloak And Dagger","floor":13},{"not_picked":["Flechettes","Deadly Poison","Flying Knee"],"picked":"SKIP","floor":13},{"not_picked":["Envenom","Malaise"],"picked":"A Thousand Cuts","floor":16},{"not_picked":["Adrenaline","Expertise+1"],"picked":"Dagger Spray+1","floor":18},{"not_picked":["Quick Slash","Poisoned Stab"],"picked":"Dagger Spray+1","floor":18},{"not_picked":["Flying Knee","Dagger Spray"],"picked":"Cloak And Dagger","floor":20},{"not_picked":["Sucker Punch","Catalyst","Prepared"],"picked":"SKIP","floor":20},{"not_picked":["Sucker Punch","Catalyst"],"picked":"Prepared","floor":20},{"not_picked":["Catalyst+1","Deflect"],"picked":"Noxious Fumes","floor":21},{"not_picked":["Expertise","Poisoned Stab"],"picked":"Well Laid Plans+1","floor":21},{"not_picked":["Expertise+1","Backflip"],"picked":"Dodge and Roll","floor":22},{"not_picked":["Dagger Throw","Terror","Distraction"],"picked":"SKIP","floor":22},{"not_picked":["Calculated Gamble","Acrobatics+1"],"picked":"Blade Dance","floor":23},{"not_picked":["Flying Knee+1","Noxious Fumes"],"picked":"Infinite Blades","floor":25},{"not_picked":["Unload","Bane"],"picked":"Cloak And Dagger","floor":25},{"not_picked":["Distraction","Reflex"],"picked":"Blade Dance+1","floor":28},{"not_picked":["Riddle With Holes+1","Deadly Poison"],"picked":"Masterful Stab","floor":31},{"not_picked":["Sucker Punch","Poisoned Stab"],"picked":"Deflect+1","floor":31},{"not_picked":["Burst","Bullet Time"],"picked":"A Thousand Cuts","floor":33},{"not_picked":["Poisoned Stab","Cloak And Dagger+1"],"picked":"Noxious Fumes+1","floor":35},{"not_picked":["Dagger Spray","Dagger Throw","Cloak And Dagger+1"],"picked":"SKIP","floor":35},{"not_picked":["Dagger Spray","Dagger Throw"],"picked":"Cloak And Dagger+1","floor":35},{"not_picked":["Secret Weapon","PanicButton"],"picked":"Bandage Up","floor":36},{"not_picked":["Finisher+1","Outmaneuver+1"],"picked":"Deflect+1","floor":39},{"not_picked":["Poisoned Stab","Bane","Catalyst"],"picked":"SKIP","floor":39},{"not_picked":["Deadly Poison","Sucker Punch+1","Dodge and Roll"],"picked":"SKIP","floor":45},{"not_picked":["Poisoned Stab+1","Predator+1","Well Laid Plans"],"picked":"SKIP","floor":47},{"not_picked":["Die Die Die","Deadly Poison+1"],"picked":"Endless Agony+1","floor":48},{"not_picked":["Heel Hook","Blur+1"],"picked":"Blade Dance+1","floor":48},{"not_picked":["Dagger Spray+1","Choke"],"picked":"Backstab","floor":54}],"player_experience":53011,"relics_obtained":[{"floor":6,"key":"TungstenRod"},{"floor":9,"key":"Prayer Wheel"},{"floor":12,"key":"Girya"},{"floor":14,"key":"Kunai"},{"floor":23,"key":"Mango"},{"floor":26,"key":"Vajra"},{"floor":28,"key":"Ancient Tea Set"},{"floor":45,"key":"Letter Opener"},{"floor":47,"key":"Calipers"},{"floor":54,"key":"Blood Vial"}],"event_choices":[{"cards_removed":["Strike_G"],"damage_healed":0,"gold_gain":0,"player_choice":"Card Removal","damage_taken":0,"max_hp_gain":0,"max_hp_loss":0,"event_name":"The Cleric","floor":2,"gold_loss":50},{"damage_healed":0,"gold_gain":0,"player_choice":"Copied","damage_taken":0,"max_hp_gain":0,"max_hp_loss":0,"event_name":"Duplicator","floor":19,"gold_loss":0,"cards_obtained":["Cloak And Dagger"]},{"damage_healed":0,"gold_gain":0,"player_choice":"Got Potions","damage_taken":0,"max_hp_gain":0,"max_hp_loss":0,"event_name":"Lab","floor":29,"gold_loss":0},{"damage_healed":0,"gold_gain":0,"player_choice":"Memory 3","damage_taken":10,"max_hp_gain":0,"max_hp_loss":0,"event_name":"SensoryStone","floor":36,"gold_loss":0},{"damage_healed":0,"gold_gain":0,"player_choice":"Gave Potion","damage_taken":0,"relics_obtained":["WingedGreaves"],"max_hp_gain":0,"max_hp_loss":0,"event_name":"WeMeetAgain","floor":37,"gold_loss":0}],"is_beta":false,"boss_relics":[{"not_picked":["SacredBark","Tiny House"],"picked":"Pandora\u0027s Box"},{"not_picked":["Velvet Choker","Fusion Hammer"],"picked":"Runic Pyramid"}],"items_purged_floors":[53],"is_endless":false,"potions_floor_spawned":[3,10,13,16,21,22,23,25,33,45,48],"killed_by":"The Heart","ascension_level":2}}