{"host":"hve1dyh1ly81yl9f","time":1610457830,"event":{"mods":["BaseMod","Colored Map","DeckTracker","Highlight Path","Keyboard Shortcuts","Minty Spire (QoL Compilation)","Permanent Neow","Quick Restart","StSLib","SuperFastMode"],"gold_per_floor":[116,135,135,155,330,330,356,356,380,410,424,424,165,191,191,290,290,310,322,322,322],"floor_reached":20,"playtime":580,"items_purged":["Doubt"],"score":269,"play_id":"8b0b4286-0f92-4ad8-8a50-206aa60e58d4","local_time":"20210112222350","is_ascension_mode":true,"campfire_choices":[{"data":"Whirlwind","floor":6,"key":"SMITH"},{"floor":8,"key":"DIG"},{"floor":12,"key":"REST"},{"floor":15,"key":"REST"}],"circlet_count":0,"master_deck":["Strike_R","Strike_R","Strike_R","Strike_R","Strike_R","Defend_R","Defend_R","Defend_R","Defend_R","Bash","Whirlwind+1","Heavy Blade","Inflame","Berserk"],"relics":["Burning Blood","Shovel","Vajra","Bottled Tornado","Strawberry","Girya","Membership Card","PreservedInsect","Omamori","Philosopher\u0027s Stone"],"acts_visited":["Exordium","TheCity"],"potions_floor_usage":[16,20,20],"damage_taken":[{"damage":2,"enemies":"2 Louse","floor":1,"turns":3},{"damage":0,"enemies":"Small Slimes","floor":2,"turns":3},{"damage":19,"enemies":"Jaw Worm","floor":4,"turns":3},{"damage":20,"enemies":"Gremlin Nob","floor":7,"turns":4},{"damage":40,"enemies":"Lagavulin","floor":10,"turns":6},{"damage":21,"enemies":"Blue Slaver","floor":11,"turns":3},{"damage":8,"enemies":"Gremlin Nob","floor":14,"turns":3},{"damage":70,"enemies":"Hexaghost","floor":16,"turns":8},{"damage":54,"enemies":"Shell Parasite","floor":18,"turns":5},{"damage":12,"enemies":"Spheric Guardian","floor":19,"turns":3},{"damage":10,"enemies":"Shelled Parasite and Fungi","floor":20,"turns":2}],"seed_played":"-8918387914409951684","potions_obtained":[{"floor":4,"key":"FairyPotion"},{"floor":7,"key":"ElixirPotion"},{"floor":11,"key":"GamblersBrew"},{"floor":14,"key":"Explosive Potion"},{"floor":19,"key":"SkillPotion"}],"is_trial":false,"path_per_floor":["M","M","?","M","?","R","E","R","T","E","M","R","$","E","R","B",null,"M","M","M"],"character_chosen":"IRONCLAD","items_purchased":["Membership Card","PreservedInsect"],"campfire_rested":2,"item_purchase_floors":[13,13],"current_hp_per_floor":[72,72,77,64,64,64,50,50,57,23,8,33,33,31,56,23,69,21,15,5,5],"gold":322,"neow_bonus":"ONE_RARE_RELIC","is_daily":false,"chose_seed":false,"campfire_upgraded":1,"win_rate":0.0,"timestamp":1610457830,"path_taken":["M","M","?","M","?","R","E","R","T","E","M","R","$","E","R","BOSS","M","M","M"],"items_purchased_type":["Relic","Relic"],"build_version":"2020-12-22","purchased_purges":1,"victory":false,"max_hp_per_floor":[72,72,77,77,77,77,77,77,84,84,84,84,84,84,84,84,84,84,84,84,84],"card_choices":[{"not_picked":["Anger","Wild Strike"],"picked":"Whirlwind","floor":1},{"not_picked":["Clothesline","Burning Pact"],"picked":"Heavy Blade","floor":2},{"not_picked":["Blood for Blood","Pommel Strike"],"picked":"Inflame","floor":4},{"not_picked":["Headbutt","Anger","Pommel Strike"],"picked":"SKIP","floor":7},{"not_picked":["Hemokinesis","Body Slam","Double Tap"],"picked":"SKIP","floor":10},{"not_picked":["Havoc","Iron Wave","Clash"],"picked":"SKIP","floor":11},{"not_picked":["Shockwave","Flame Barrier","Warcry"],"picked":"SKIP","floor":14},{"not_picked":["Perfected Strike+1","Headbutt","Iron Wave"],"picked":"SKIP","floor":18},{"not_picked":["Anger","Shrug It Off+1"],"picked":"Berserk","floor":19}],"player_experience":312087,"relics_obtained":[{"floor":7,"key":"Vajra"},{"floor":8,"key":"Bottled Tornado"},{"floor":9,"key":"Strawberry"},{"floor":10,"key":"Girya"},{"floor":14,"key":"Omamori"}],"event_choices":[{"damage_healed":0,"gold_gain":0,"player_choice":"Donut","damage_taken":0,"max_hp_gain":5,"max_hp_loss":0,"event_name":"Big Fish","floor":3,"gold_loss":0},{"damage_healed":0,"gold_gain":175,"player_choice":"AGREE","damage_taken":0,"max_hp_gain":0,"max_hp_loss":0,"event_name":"Liars Game","floor":5,"gold_loss":0,"cards_obtained":["Doubt"]}],"is_beta":false,"boss_relics":[{"not_picked":["Coffee Dripper","Fusion Hammer"],"picked":"Philosopher\u0027s Stone"}],"items_purged_floors":[13],"is_endless":false,"potions_floor_spawned":[4,7,11,14,19],"killed_by":"Shelled Parasite and Fungi","ascension_level":8}}