{"host":"6i1e8tv3jhx3lrt3","time":1610494511,"event":{"mods":["Act Like it!","BaseMod","Colored Map","Downfall","Energized Spire","Gensokyo","Minty Spire (QoL Compilation)","Red Circlet Mod","Relic Stats","Replay The Spire","RumiaBox-露米娅的神秘盒子","StSLib","[IsaacMod]以撒尖塔","【功能Mod】混沌之环修复补丁"],"gold_per_floor":[115,115,132,151,170,170,200,200,200,47,74,74,74,35,35,131,131,500,425,425,439,457,457,467,467,491,503,532,77,110,110,110,214,214,232,232,248,248,259,288,307,318,345,345,417,417,435,446,446,446,446,446,271,298,298],"floor_reached":56,"language":"ZHS","playtime":3998,"items_purged":["Strike_R","Strike_R"],"score":1333,"play_id":"8c8d8f32-c4dc-46c4-93b0-12e2d0cd5b63","local_time":"20210113073511","is_ascension_mode":true,"campfire_choices":[{"data":"Iron Wave","floor":6.0,"key":"SMITH"},{"data":"Life Link","floor":8,"key":"SMITH"},{"data":"Dark Embrace","floor":13,"key":"SMITH"},{"data":"Sentinel","floor":15,"key":"SMITH"},{"data":"Reaper","floor":23,"key":"SMITH"},{"data":"Immolate","floor":25,"key":"SMITH"},{"data":"Rupture","floor":32,"key":"SMITH"},{"data":"Warcry","floor":44,"key":"SMITH"},{"data":"Havoc","floor":46,"key":"SMITH"},{"floor":49,"key":"RECALL"},{"data":"Fiend Fire","floor":52,"key":"SMITH"}],"circlet_count":0,"master_deck":["Strike_R","Strike_R","Defend_R","Defend_R","Defend_R","Sentinel+1","Life Link+1","Iron Wave+1","Offering","Dark Embrace+1","Immolate+1","Reaper+1","Exhume","Fire Breathing","Warcry+1","Metallicize+1","Rupture+1","Bloodletting","Fiend Fire+1","Shrug It Off+1","Havoc+1","Havoc+1","ReplayTheSpireMod:Splinters","Havoc+1","Apotheosis","Jack Of All Trades","Purity","Corruption"],"relics":["Burning Blood","HushsDoor","NeowsBlessing","TheBean","Gensokyo:Mercy","Nunchaku","Happy Flower","Omamori","Gensokyo:OccultBall","NineVolt","Habit","Coffee Dripper","Champion Belt","PreservedInsect","Replay:Mystery Machine","Torii","King of Hearts","Gremlin Food","Necronomicon","energizedSpire:SpiderWeb","Ring of Searing","ReplayTheSpireMod:Ring of Addiction","Potion Belt","Toy Ornithopter","Bronze Scales","Smiling Mask","ReplayTheSpireMod:ShopPack","Iron Hammer"],"acts_visited":["Exordium","TheCity","TheBeyond","TheEnding"],"potions_floor_usage":[30,41,42,42,50,55,55,55],"damage_taken":[{"damage":0.0,"enemies":"Gensokyo:2_Kodama","floor":1.0,"turns":2.0},{"damage":0.0,"enemies":"Gensokyo:3_Fairies","floor":3.0,"turns":2.0},{"damage":0.0,"enemies":"Gensokyo:Python","floor":4.0,"turns":1.0},{"damage":12.0,"enemies":"Gensokyo:Gryphon_and_Rabbit","floor":5.0,"turns":7.0},{"damage":6,"enemies":"Gensokyo:Aya","floor":7,"turns":7},{"damage":65,"enemies":"Gensokyo:Yukari","floor":16,"turns":13},{"damage":58,"enemies":"2 Thieves","floor":18,"turns":3},{"damage":17,"enemies":"Chosen","floor":21,"turns":4},{"damage":13,"enemies":"Snake Plant","floor":22,"turns":4},{"damage":23,"enemies":"3 Cultists","floor":24,"turns":4},{"damage":12,"enemies":"Centurion and Healer","floor":27,"turns":8},{"damage":2,"enemies":"Book of Stabbing","floor":28,"turns":5},{"damage":56,"enemies":"Slavers","floor":30,"turns":4},{"damage":12,"enemies":"Automaton","floor":33,"turns":6},{"damage":6,"enemies":"3 Shapes","floor":35,"turns":4},{"damage":24,"enemies":"Orb Walker","floor":37,"turns":3},{"damage":22,"enemies":"3 Darklings","floor":39,"turns":4},{"damage":47,"enemies":"Nemesis","floor":40,"turns":5},{"damage":23,"enemies":"4 Shapes","floor":41,"turns":3},{"damage":10,"enemies":"Maw","floor":42,"turns":4},{"damage":18,"enemies":"3 Darklings","floor":47,"turns":3},{"damage":34,"enemies":"Spire Growth","floor":48,"turns":4},{"damage":48,"enemies":"Time Eater","floor":50,"turns":7},{"damage":20,"enemies":"Shield and Spear","floor":54,"turns":3},{"damage":51,"enemies":"The Heart","floor":55,"turns":4}],"seed_played":"8088160632144657423","potions_obtained":[{"floor":7,"key":"FearPotion"},{"floor":18,"key":"Reflective Coating"},{"floor":28,"key":"Energy Potion"},{"floor":30,"key":"AttackPotion"},{"floor":35,"key":"Death Potion"},{"floor":38,"key":"Strength Potion"},{"floor":38,"key":"AttackPotion"},{"floor":38,"key":"champ:CounterPotion"},{"floor":47,"key":"Block Potion"},{"floor":48,"key":"Block Potion"},{"floor":54,"key":"Toxic Potion"}],"is_trial":false,"path_per_floor":["M","?","M","M","M","R","E","R","T","$","T","?","R","COS","R","B",null,"M","?","?","M","M","R","M","R","T","M","E","$","E","?","R","B",null,"M","?","M","?","M","E","M","M","T","R","?","R","M","M","R","B",null,"R","$","E","B",null],"character_chosen":"IRONCLAD","items_purchased":["Dark Embrace","Reaper","Exhume","Fire Breathing","Torii","King of Hearts","ReplayTheSpireMod:ShopPack"],"campfire_rested":0,"item_purchase_floors":[10,17,17,17,29,29,53],"current_hp_per_floor":[80,80,80,80,74,74,74,74,74,74,74,74,74,74,74,15,70,26,26,26,15,11,11,69,69,69,70,70,70,20,4,4,48,70,70,70,70,70,70,29,17,51,51,51,51,51,68,40,40,51,66,66,66,50,60],"gold":298,"neow_bonus":"THREE_ENEMY_KILL","is_daily":false,"chose_seed":false,"campfire_upgraded":10,"win_rate":0.0,"timestamp":1610494511,"path_taken":["M","?","M","M","M","R","E","R","T","$","?","?","R","COS","R","BOSS","M","?","?","M","M","R","M","R","T","M","E","$","E","?","R","BOSS","M","?","M","?","?","E","M","M","T","R","?","R","?","M","R","BOSS","R","$","E","BOSS"],"items_purchased_type":["Card","Card","Card","Card","Relic","Relic","Relic"],"build_version":"2020-12-22","purchased_purges":2,"victory":true,"max_hp_per_floor":[80,80,80,80,80,80,80,80,80,80,80,80,80,80,80,80,70,70,70,70,70,70,70,70,70,70,70,70,70,70,70,70,70,70,70,70,70,70,70,70,70,70,70,70,70,68,68,68,66,66,66,66,66,64,64],"relic_stats":{"Nunchaku":[13],"Happy Flower":[31],"Torii":28,"counters":[25,114],"Bronze Scales":[91],"PreservedInsect":196,"Necronomicon":[17],"Champion Belt":[5],"Smiling Mask":50,"obtain_stats":[{"NineVolt":14,"Torii":29,"King of Hearts":29,"Replay:Mystery Machine":28,"Smiling Mask":45,"Burning Blood":0,"Ring of Searing":38,"Nunchaku":7,"TheBean":0,"Gensokyo:OccultBall":12,"Iron Hammer":54,"Necronomicon":31,"KeepersGift":0,"Gremlin Food":30,"Potion Belt":38,"NeowsBlessing":0,"Happy Flower":9,"ReplayTheSpireMod:Ring of Addiction":38,"PreservedInsect":26,"Omamori":11,"energizedSpire:SpiderWeb":34,"Habit":14,"Gensokyo:Mercy":2,"Bronze Scales":40,"Coffee Dripper":17,"Champion Belt":24,"HushsDoor":0,"Toy Ornithopter":38,"ReplayTheSpireMod:ShopPack":53},{"NineVolt":5,"Torii":12,"King of Hearts":12,"Replay:Mystery Machine":12,"Smiling Mask":20,"Burning Blood":0,"Ring of Searing":16,"Nunchaku":5,"TheBean":0,"Gensokyo:OccultBall":5,"Iron Hammer":24,"Necronomicon":13,"KeepersGift":0,"Gremlin Food":13,"Potion Belt":16,"NeowsBlessing":0,"Happy Flower":5,"ReplayTheSpireMod:Ring of Addiction":16,"PreservedInsect":10,"Omamori":5,"energizedSpire:SpiderWeb":14,"Habit":5,"Gensokyo:Mercy":1,"Bronze Scales":18,"Coffee Dripper":6,"Champion Belt":10,"HushsDoor":0,"Toy Ornithopter":16,"ReplayTheSpireMod:ShopPack":23},{"NineVolt":19,"Torii":60,"King of Hearts":60,"Replay:Mystery Machine":60,"Smiling Mask":93,"Burning Blood":0,"Ring of Searing":77,"Nunchaku":19,"TheBean":0,"Gensokyo:OccultBall":19,"Iron Hammer":110,"Necronomicon":64,"KeepersGift":0,"Gremlin Food":64,"Potion Belt":77,"NeowsBlessing":0,"Happy Flower":19,"ReplayTheSpireMod:Ring of Addiction":77,"PreservedInsect":47,"Omamori":19,"energizedSpire:SpiderWeb":70,"Habit":19,"Gensokyo:Mercy":2,"Bronze Scales":86,"Coffee Dripper":32,"Champion Belt":46,"HushsDoor":0,"Toy Ornithopter":77,"ReplayTheSpireMod:ShopPack":107}],"Burning Blood":112,"Toy Ornithopter":35},"card_choices":[{"not_picked":[],"picked":"EpicFetus","floor":0.0},{"not_picked":["Pommel Strike","True Grit"],"picked":"Sentinel","floor":1.0},{"not_picked":["Clothesline","Havoc"],"picked":"Life Link","floor":3.0},{"not_picked":["Pummel","Twin Strike"],"picked":"Iron Wave","floor":4.0},{"not_picked":["Clothesline","Rampage","Pummel"],"picked":"SKIP","floor":5.0},{"not_picked":["Anger","Spot Weakness"],"picked":"Offering","floor":7},{"not_picked":["Eclipse","Offering"],"picked":"Immolate","floor":16},{"not_picked":["Sentinel","Dual Wield","Wild Strike"],"picked":"SKIP","floor":18},{"not_picked":["Twin Strike","Headbutt","Perfected Strike"],"picked":"SKIP","floor":21},{"not_picked":["Headbutt","Replay:Undeath\u0027s Touch","Pommel Strike"],"picked":"SKIP","floor":22},{"not_picked":["Headbutt","Entrench"],"picked":"Metallicize+1","floor":24},{"not_picked":["Cleave","Clash"],"picked":"Rupture","floor":27},{"not_picked":["ReplayTheSpireMod:Limb From Limb","ReplayTheSpireMod:Strike From Hell","Replay:Many Hands"],"picked":"SKIP","floor":28},{"not_picked":["Anger+1","ReplayReversal"],"picked":"Bloodletting","floor":30},{"not_picked":["Demonic Infusion","Double Tap"],"picked":"Fiend Fire","floor":33},{"not_picked":["Perfected Strike+1","Carnage+1","Run Through"],"picked":"SKIP","floor":35},{"not_picked":["Headbutt+1","Perfected Strike","Reckless Charge"],"picked":"SKIP","floor":37},{"not_picked":["Armaments","Reckless Charge"],"picked":"Shrug It Off+1","floor":39},{"not_picked":["Body Slam","Bludgeon","ReplayTheSpireMod:LeadingStrike"],"picked":"SKIP","floor":40},{"not_picked":["ReplayTheSpireMod:Strike From Hell+1","Shrug It Off+1"],"picked":"Havoc+1","floor":41},{"not_picked":["ReplayTheSpireMod:Muscle Training","Thunderclap+1"],"picked":"Havoc+1","floor":42},{"not_picked":["Clothesline","Headbutt+1"],"picked":"Havoc","floor":45},{"not_picked":["Whirlwind","Clash","Headbutt"],"picked":"SKIP","floor":47},{"not_picked":["Abandon","Searing Blow+1","Heavy Blade"],"picked":"SKIP","floor":48},{"not_picked":["Panache","Sadistic Nature"],"picked":"Apotheosis","floor":53},{"not_picked":["expansioncontent:Torchfire","expansioncontent:DefensiveMode"],"picked":"Jack Of All Trades","floor":53},{"not_picked":["expansioncontent:DarkVoid","Replay:SS_hec_4"],"picked":"Purity","floor":53},{"not_picked":["Sentinel","Flex+1"],"picked":"Corruption","floor":54}],"player_experience":133085,"relics_obtained":[{"floor":7,"key":"Nunchaku"},{"floor":9,"key":"Happy Flower"},{"floor":11,"key":"Omamori"},{"floor":16,"key":"Gensokyo:OccultBall"},{"floor":26,"key":"PreservedInsect"},{"floor":28,"key":"Replay:Mystery Machine"},{"floor":30,"key":"Gremlin Food"},{"floor":31,"key":"Necronomicon"},{"floor":33,"key":"Gensokyo:OccultBall"},{"floor":38,"key":"Ring of Searing"},{"floor":38,"key":"ReplayTheSpireMod:Ring of Addiction"},{"floor":38,"key":"Potion Belt"},{"floor":38,"key":"Toy Ornithopter"},{"floor":40,"key":"Bronze Scales"},{"floor":45,"key":"Smiling Mask"},{"floor":54,"key":"Iron Hammer"}],"event_choices":[{"cards_removed":["Strike_R"],"damage_healed":0,"gold_gain":0,"player_choice":"Gave Gold","damage_taken":0,"max_hp_gain":0,"max_hp_loss":0,"event_name":"Beggar","floor":19,"gold_loss":75},{"damage_healed":0,"gold_gain":0,"player_choice":"Read","damage_taken":0,"max_hp_gain":0,"max_hp_loss":0,"event_name":"The Library","floor":20,"gold_loss":0,"cards_obtained":["Warcry"]},{"damage_healed":0,"gold_gain":0,"player_choice":"Obtained Book","damage_taken":16,"max_hp_gain":0,"max_hp_loss":0,"event_name":"Cursed Tome","floor":31,"gold_loss":0},{"cards_removed":["Defend_R"],"damage_healed":0,"gold_gain":0,"player_choice":"Removed Skill","damage_taken":0,"max_hp_gain":0,"max_hp_loss":0,"event_name":"Falling","floor":36,"gold_loss":0}],"is_beta":false,"boss_relics":[{"not_picked":["Ooze Armor","energizedSpire:HugeHouse"],"picked":"Coffee Dripper"},{"not_picked":[]},{"not_picked":["Philosopher\u0027s Stone","Velvet Choker"],"picked":"energizedSpire:SpiderWeb"},{"not_picked":[]}],"items_purged_floors":[10,53],"is_endless":false,"potions_floor_spawned":[7,18,28,30,35,37,47,48,54],"ascension_level":2}}