{"host":"5wf60zc4jjt9ov65","time":1610477551,"event":{"mods":["AchievementEnabler","BaseMod","Beaked The Cultist","Better Altar","Better Match","Better Note","Better Sensory Stone","Better Skull","Better Third Choice","BetterRewards","Colored Map","Colored Powertips","Downfall","Googly Eyes","Halation","Highlight Path","Hubris","Infinite Spire","Minty Spire (QoL Compilation)","Permanent Neow","Quick Restart","Replay The Spire","StSLib","The Bug Knight","The Construct"],"gold_per_floor":[111,111,111,111,121,152,199,199,199,280,294,56,26,26,26,128,128,194,260,270,288,13,13,97,97,124,140,140,173,173,173,173,274,274,288,288,300,365,379,379,439,389,389,212,237,37,64,64,64,163,163,154,154,141,141,66,66,60,60,60,60,60,60,60,45,45,106,156,143,115,100,100,100,100,103,145,145,134,126,126,109,91,91,156,206,190,160,150,372,372,372,368,368,418,459,511,514,514,506,506,546,546,539,530,530,530,530,544,544,538,538,538,530,543,543,560,560,624,624,620,620,620,612,590,578,578,592,592,617,604,647,663,675,687,853,865,869,881,893,905,917,981,993,1055,1067,1152,1233,1245,1257,1289,1301,1515,1527,1539,1551,1661,1786],"floor_reached":158,"playtime":16510,"items_purged":["beaked:BloodRitual","beaked:Strike_Y","Parasite","beaked:Defend_Y","beaked:DarkPact"],"score":4527,"play_id":"8d52133c-246b-48f6-9b54-97db481962ce","local_time":"20210112135231","is_ascension_mode":false,"campfire_choices":[{"data":"beaked:WarriorSpirit","floor":8.0,"key":"SMITH"},{"data":"beaked:BraceForImpact","floor":15.0,"key":"SMITH"},{"data":"beaked:Replenish","floor":25.0,"key":"SMITH"},{"data":"beaked:AwakenedForm","floor":40.0,"key":"SMITH"},{"data":"Pot Of Greed","floor":49.0,"key":"SMITH"},{"data":"Pot Of Greed","floor":57.0,"key":"SMITH"},{"data":"Pot Of Greed","floor":59.0,"key":"SMITH"},{"data":"beaked:AwakenedForm","floor":61.0,"key":"SMITH"},{"data":"beaked:BraceForImpact","floor":64.0,"key":"SMITH"},{"data":"beaked:BarbedWire","floor":66.0,"key":"SMITH"},{"data":"infinitespire:NeuralNetwork","floor":83.0,"key":"SMITH"},{"data":"Pot Of Greed","floor":91.0,"key":"SMITH"},{"data":"White Noise","floor":93.0,"key":"SMITH"},{"data":"beaked:RitualOfBody","floor":98.0,"key":"SMITH"},{"data":"beaked:CheekyTricks","floor":109.0,"key":"SMITH"},{"data":"beaked:BloodRitual","floor":112.0,"key":"SMITH"},{"data":"beaked:ScreechingChant","floor":117.0,"key":"SMITH"},{"data":"ReplayTheSpireMod:Owlgaze","floor":148,"key":"SMITH"},{"data":"beaked:Ceremony","floor":148,"key":"SMITH"},{"data":"hubris:NaturalOne","floor":151,"key":"SMITH"},{"data":"ReplayTheSpireMod:Echoes of Time","floor":151,"key":"SMITH"},{"data":"Pot Of Greed","floor":154,"key":"SMITH"},{"data":"beaked:CheekyTricks","floor":154,"key":"SMITH"}],"circlet_count":0,"master_deck":["beaked:Strike_Y","beaked:Strike_Y","beaked:Strike_Y","beaked:Strike_Y","beaked:Ceremony+1","beaked:Ceremony+1","beaked:Ceremony+1","ReplayTheSpireMod:Echoes of Time","beaked:WarriorSpirit+1","ReplayTheSpireMod:Wings of Steel+1","beaked:AwakenedForm+1","beaked:MachineSpirit+1","beaked:BloodForTheGods","beaked:CursingBlood","ReplayTheSpireMod:Wings of Steel+1","beaked:Replenish+1","beaked:Daydream","beaked:Brace+1","beaked:AwakenedForm+1","beaked:DigDeep+1","beaked:Hexing","beaked:SurvivalInstinct+1","Pot Of Greed+1","Pot Of Greed+1","Pot Of Greed+1","beaked:BraceForImpact+1","beaked:AwakenedForm+1","beaked:WarriorEssence+1","expansioncontent:QuickStudy+1","beaked:BloodRitual+1","beaked:BarbedWire+1","beaked:CheekyTricks+1","Pot Of Greed+1","ReplayTheSpireMod:Echoes of Time+1","White Noise+1","infinitespire:Punishment+1","infinitespire:NeuralNetwork+1","beaked:MachineSpirit","beaked:Caw+1","beaked:RitualOfBody+1","beaked:ScreechingChant+1","ReplayTheSpireMod:Owlgaze+1","beaked:CheekyTricks+1","Pot Of Greed+1","beaked:ScreechingChant"],"relics":["beaked:BlessedCoat","Coffee Dripper","Philosopher\u0027s Stone","infinitespire:CursedDice","Sundial","hubris:MobiusCoin","Shuriken","Black Star","halation:Thesaurus","ReplayFunnel","Counterbalance","hubris:CrystalStatue","betterAltar:BloodRelic","Molten Egg 2","Dream Catcher","Replay:Accelerometer","beaked:SacredDeck","beaked:ShinyBauble","Replay:Bronze Core","Calipers","Grinning Jar","halation:LostSnail","hubris:Zylophone","infinitespire:BottledMercury","Replay:Wax Seal","Frozen Eye","Mango","hubris:BundleOfHerbs","Pondfish Scales","Ice Cream","Replay:Bottled Eggs","infinitespire:Satchel","hubris:FunFungus","hubris:Towel","Simple Rune","infinitespire:Eraser","MutagenicStrength","Red Mask","hubris:Backtick","Gambling Chip","Juzu Bracelet","Kunai","infinitespire:Broken Mirror","PreservedInsect","construct:FoamFinger","halation:KoshaPiece","halation:ForbiddenBikini","Replay:Lucky Slots","Replay:Winged Headress","Potion Belt","halation:VictoryRuler","Ancient Tea Set","Bronze Scales","hubris:Icosahedron","Replay:Drink Me","Enchiridion","Whetstone","halation:PrussianBluePaint","Anchor","hubris:TinFlute","TungstenRod","Replay:Bottled Steam","MawBank","halation:AfternoonTea","Replay:Bottled Flurry","infinitespire:EvilPickle","SacredBark","halation:PinkSoulGem","hubris:TenFootPole","hubris:DisguiseKit","Bag of Preparation","halation:QuantumPhysicsTextbook","Bottled Flame","Replay:Arrowhead","Eternal Feather","Replay:Baseball","Nunchaku","halation:PenCase","beaked:FlawlessSticks","infinitespire:PuzzleCube","hubris:SlimyHat"],"acts_visited":[],"potions_floor_usage":[152,156,156],"damage_taken":[{"damage":3.0,"enemies":"Jaw Worm","floor":1.0,"turns":4.0},{"damage":9.0,"enemies":"2 Louse","floor":5.0,"turns":5.0},{"damage":18.0,"enemies":"HollowMod:MossKnight","floor":6.0,"turns":7.0},{"damage":30.0,"enemies":"Gremlin Nob","floor":10.0,"turns":5.0},{"damage":0.0,"enemies":"Small Slimes","floor":11.0,"turns":5.0},{"damage":4.0,"enemies":"Looter","floor":13.0,"turns":4.0},{"damage":28.0,"enemies":"The Guardian","floor":16.0,"turns":9.0},{"damage":34.0,"enemies":"3 Byrds","floor":18.0,"turns":6.0},{"damage":43.0,"enemies":"Centurion and Healer","floor":19.0,"turns":7.0},{"damage":59.0,"enemies":"Snake Plant","floor":20.0,"turns":5.0},{"damage":25.0,"enemies":"Snecko","floor":21.0,"turns":8.0},{"damage":0.0,"enemies":"Nightmare","floor":24.0,"turns":14.0},{"damage":37.0,"enemies":"Shelled Parasite and Fungi","floor":27.0,"turns":9.0},{"damage":52.0,"enemies":"Replay:Snechameleon","floor":29.0,"turns":10.0},{"damage":44.0,"enemies":"Collector","floor":33.0,"turns":14.0},{"damage":82.0,"enemies":"3 Shapes","floor":35.0,"turns":11.0},{"damage":21.0,"enemies":"Orb Walker","floor":37.0,"turns":7.0},{"damage":16.0,"enemies":"Sphere and 2 Shapes","floor":38.0,"turns":10.0},{"damage":17.0,"enemies":"Writhing Mass","floor":39.0,"turns":10.0},{"damage":40.0,"enemies":"Maw","floor":41.0,"turns":13.0},{"damage":39.0,"enemies":"Giant Head","floor":45.0,"turns":17.0},{"damage":20.0,"enemies":"HollowMod:StalkingDevout","floor":47.0,"turns":15.0},{"damage":13.0,"enemies":"Replay:Hell Engine","floor":50.0,"turns":22.0},{"damage":24.0,"enemies":"2 Louse","floor":52.0,"turns":6.0},{"damage":30.0,"enemies":"Jaw Worm","floor":54.0,"turns":5.0},{"damage":50.0,"enemies":"3 Sentries","floor":58.0,"turns":8.0},{"damage":0.0,"enemies":"Cultist","floor":65.0,"turns":7.0},{"damage":38.0,"enemies":"Hexaghost","floor":67.0,"turns":8.0},{"damage":18.0,"enemies":"Shell Parasite","floor":69.0,"turns":3.0},{"damage":0.0,"enemies":"Spheric Guardian","floor":70.0,"turns":9.0},{"damage":12.0,"enemies":"Cultist and Chosen","floor":71.0,"turns":7.0},{"damage":1.0,"enemies":"Centurion and Healer","floor":75.0,"turns":3.0},{"damage":0.0,"enemies":"Snecko","floor":76.0,"turns":6.0},{"damage":0.0,"enemies":"Snake Plant","floor":78.0,"turns":6.0},{"damage":0.0,"enemies":"Cultist and Chosen","floor":79.0,"turns":5.0},{"damage":20.0,"enemies":"Centurion and Healer","floor":81.0,"turns":6.0},{"damage":53.0,"enemies":"Masked Bandits","floor":82.0,"turns":7.0},{"damage":24.0,"enemies":"Automaton","floor":84.0,"turns":5.0},{"damage":12.0,"enemies":"3 Shapes","floor":86.0,"turns":7.0},{"damage":41.0,"enemies":"3 Darklings","floor":88.0,"turns":5.0},{"damage":33.0,"enemies":"Nemesis","floor":92.0,"turns":5.0},{"damage":12.0,"enemies":"4 Shapes","floor":95.0,"turns":5.0},{"damage":0.0,"enemies":"Giant Head","floor":96.0,"turns":5.0},{"damage":0.0,"enemies":"Sphere and 2 Shapes","floor":97.0,"turns":1.0},{"damage":12.0,"enemies":"Spire Growth","floor":99.0,"turns":3.0},{"damage":45.0,"enemies":"Awakened One","floor":101.0,"turns":10.0},{"damage":0.0,"enemies":"Small Slimes","floor":103.0,"turns":3.0},{"damage":0.0,"enemies":"Cultist","floor":104.0,"turns":3.0},{"damage":0.0,"enemies":"HollowMod:MossKnight","floor":108.0,"turns":2.0},{"damage":12.0,"enemies":"2 Louse","floor":110.0,"turns":3.0},{"damage":12.0,"enemies":"Nightmare","floor":113.0,"turns":4.0},{"damage":0.0,"enemies":"Blue Slaver","floor":114.0,"turns":2.0},{"damage":0.0,"enemies":"Looter","floor":116.0,"turns":1.0},{"damage":18.0,"enemies":"Slime Boss","floor":118.0,"turns":5.0},{"damage":3.0,"enemies":"3 Byrds","floor":120.0,"turns":2.0},{"damage":12.0,"enemies":"Shell Parasite","floor":121.0,"turns":3.0},{"damage":8,"enemies":"Centurion and Healer","floor":123,"turns":2},{"damage":18,"enemies":"Snecko","floor":124,"turns":4},{"damage":12,"enemies":"Gremlin Leader","floor":125,"turns":5},{"damage":5,"enemies":"Replay:Snechameleon","floor":127,"turns":2},{"damage":24,"enemies":"Nightmare","floor":129,"turns":6},{"damage":31,"enemies":"3 Cultists","floor":130,"turns":4},{"damage":21,"enemies":"Cultist and Chosen","floor":131,"turns":6},{"damage":30,"enemies":"Replay:Snechameleon","floor":132,"turns":3},{"damage":23,"enemies":"Pondfish","floor":135,"turns":5},{"damage":42,"enemies":"3 Shapes","floor":137,"turns":4},{"damage":27,"enemies":"Nightmare","floor":142,"turns":4},{"damage":20,"enemies":"R_Hoarder","floor":146,"turns":3},{"damage":20,"enemies":"Nemesis","floor":147,"turns":4},{"damage":13,"enemies":"2 Orb Walkers","floor":150,"turns":3},{"damage":11,"enemies":"hubris:GrandSnecko","floor":152,"turns":4},{"damage":11,"enemies":"Shield and Spear","floor":156,"turns":3},{"damage":73,"enemies":"The Heart","floor":157,"turns":10}],"seed_played":"-5589549499737859877","potions_obtained":[{"floor":10.0,"key":"Energy Potion"},{"floor":16.0,"key":"AttackPotion"},{"floor":19.0,"key":"Explosive Potion"},{"floor":29.0,"key":"LiquidMemories"},{"floor":45.0,"key":"beaked:MendingBrew"},{"floor":47.0,"key":"Venom Potion"},{"floor":50.0,"key":"SteroidPotion"},{"floor":65.0,"key":"PowerPotion"},{"floor":67.0,"key":"Block Potion"},{"floor":70.0,"key":"AttackPotion"},{"floor":71.0,"key":"AttackPotion"},{"floor":78.0,"key":"GamblersBrew"},{"floor":86.0,"key":"Swift Potion"},{"floor":87.0,"key":"sneckomod:MuddlingPotion"},{"floor":87.0,"key":"Swift Potion"},{"floor":92.0,"key":"Explosive Potion"},{"floor":95.0,"key":"Fruit Juice"},{"floor":101.0,"key":"Swift Potion"},{"floor":108.0,"key":"Block Potion"},{"floor":110.0,"key":"BlessingOfTheForge"},{"floor":118.0,"key":"sneckomod:MuddlingPotion"},{"floor":123,"key":"ColorlessPotion"},{"floor":125,"key":"AttackPotion"},{"floor":127,"key":"Flashbang"},{"floor":152,"key":"Block Potion"},{"floor":156,"key":"ColorlessPotion"},{"floor":157,"key":"Block Potion"}],"is_trial":false,"path_per_floor":["M","?","?","?","M","E","T","R","T","E","M","$","M","$","R","B",null,"M","M","M","M","$","R","NM","R","T","M","?","E","?","T","R","B",null,"M","AVR","M","M","M","R","M","?","T","$","E","$","E","$","R","B",null,"M","?","M","?","$","R","E","R","T","R","$","$","R","M","R","B",null,"M","M","M","?","?","AVR","M","M","T","M","M","?","M","?","R","B",null,"M","?","M","?","AVR","R","E","R","T","M","E","M","R","M","R_BF","B",null,"M","M","?","AVR","?","E","R","M","T","R","NM","M","?","M","R","B",null,"M","M","?","M","M","E","?","E","T","NM","M","M","E","$","R_BF","B",null,"M","?","AVR","?","?","NM","T","?","T","E","E","R","$","?","R","B",null,"R","$","E","B",null],"character_chosen":"BEAKED_THE_CULTIST","items_purchased":["Shuriken","halation:Thesaurus","Adrenaline Potion","halation:LostSnail","Replay:Wax Seal","Frozen Eye","Adrenaline Potion","infinitespire:Satchel","hubris:FunFungus"],"campfire_rested":0,"item_purchase_floors":[12,22,22,44,46,46,48,62,62],"current_hp_per_floor":[50,50,50,38,44,50,57,57,57,36,54,54,57,57,57,57,57,47,42,8,10,10,10,57,57,57,57,57,57,57,57,57,57,57,18,18,57,57,57,57,46,46,46,46,46,46,67,67,67,68,68,68,68,68,68,68,68,68,68,68,68,38,38,38,68,68,68,68,68,68,68,68,68,68,71,71,71,71,71,71,71,71,71,71,71,71,71,71,71,71,71,71,71,71,76,76,76,76,76,76,76,76,76,76,76,76,76,76,76,76,76,76,76,76,76,76,76,76,57,57,57,41,57,57,57,57,57,57,57,57,57,57,57,57,57,57,57,57,57,56,56,57,57,57,57,57,57,57,57,57,57,57,57,57,57,57,57],"gold":1798,"neow_bonus":"DOUBLE_BOSS_RELIC","is_daily":false,"chose_seed":false,"campfire_upgraded":23,"win_rate":0.0,"timestamp":1610477551,"path_taken":["M","?","?","?","M","E","?","R","T","E","?","?","?","$","R","BOSS","M","M","M","M","$","R","NM","R","T","M","?","E","?","?","R","BOSS","M","AVR","M","M","M","R","?","?","T","$","E","$","E","?","R","BOSS","M","?","M","?","?","R","E","R","T","R","?","$","R","M","R","BOSS","BOSS","M","M","M","?","?","AVR","M","M","T","?","M","?","M","?","R","BOSS","M","?","?","?","AVR","R","E","R","T","M","E","M","R","M","R_BF","BOSS","M","M","?","AVR","?","E","R","M","T","R","NM","M","?","M","R","BOSS","M","M","?","M","M","E","?","E","T","NM","M","M","E","$","R_BF","BOSS","M","?","AVR","?","?","NM","?","?","T","E","E","R","?","?","R","BOSS","R","$","E","BOSS"],"items_purchased_type":["Relic","Relic","Potion","Relic","Relic","Relic","Potion","Relic","Relic"],"build_version":"2020-12-22","purchased_purges":5,"victory":true,"max_hp_per_floor":[50,50,50,50,50,50,57,57,57,57,57,57,57,57,57,57,57,57,57,57,57,57,57,57,57,57,57,57,57,57,57,57,57,57,57,57,57,57,57,57,57,57,57,54,54,54,68,68,68,68,68,68,68,68,68,68,68,68,68,68,68,68,68,68,68,68,68,68,68,68,68,68,68,68,71,71,71,71,71,71,71,71,71,71,71,71,71,71,71,71,71,71,71,71,76,76,76,76,76,76,76,76,76,76,76,76,76,76,76,76,76,76,76,76,76,76,76,76,57,57,57,57,57,57,57,57,57,57,57,57,57,57,57,57,57,57,57,57,57,57,57,57,57,57,57,57,57,57,57,57,57,57,57,57,57,57,57],"card_choices":[{"not_picked":["beaked:Poke","beaked:Windmill","beaked:Daydream"],"picked":"SKIP","floor":1.0},{"not_picked":["infinitespire:SealOfDarkness+","infinitespire:Collect"],"picked":"ReplayTheSpireMod:Echoes of Time","floor":4.0},{"not_picked":["beaked:TuckingFeathers","beaked:CursingBlood"],"picked":"beaked:WarriorSpirit","floor":5.0},{"not_picked":["beaked:Insight","ReplayTheSpireMod:Prepare the Ceremony","beaked:Poke"],"picked":"SKIP","floor":6.0},{"not_picked":["ReplayTheSpireMod:RavenHex","beaked:WindBringer"],"picked":"ReplayTheSpireMod:Wings of Steel","floor":10.0},{"not_picked":["beaked:FeelMyPain","beaked:Redirect"],"picked":"beaked:BraceForImpact","floor":11.0},{"not_picked":["beaked:SacrificialScars","beaked:MimicWarrior"],"picked":"beaked:BloodRitual","floor":13.0},{"not_picked":["beaked:MachineEssence","beaked:WildInstinct"],"picked":"beaked:AwakenedForm","floor":16.0},{"not_picked":["beaked:Tweet","beaked:Devastation"],"picked":"beaked:MachineSpirit+1","floor":18.0},{"not_picked":["beaked:Struggle","beaked:SacrificialAttack"],"picked":"beaked:BloodForTheGods","floor":19.0},{"not_picked":["beaked:MachineSpirit","beaked:Resilience"],"picked":"beaked:CursingBlood","floor":20.0},{"not_picked":["beaked:SacrificialAttack","beaked:MachineSpirit"],"picked":"ReplayTheSpireMod:Wings of Steel","floor":21.0},{"not_picked":["beaked:SurvivalInstinct","beaked:BloodRitual"],"picked":"beaked:Replenish","floor":24.0},{"not_picked":["beaked:Insight","beaked:CursingBlood"],"picked":"beaked:Daydream","floor":27.0},{"not_picked":["beaked:Tweet+1","beaked:Molting"],"picked":"beaked:Brace+1","floor":29.0},{"not_picked":["beaked:SacrificialScars","ReplayTheSpireMod:Owlgaze"],"picked":"beaked:DarkPact","floor":33.0},{"not_picked":["beaked:Mantra+1","beaked:BarbedWire","beaked:Windmill+1"],"picked":"SKIP","floor":35.0},{"not_picked":["beaked:Evade","beaked:TuckingFeathers"],"picked":"beaked:DigDeep+1","floor":37.0},{"not_picked":["beaked:Mantra+1","beaked:RuinSticks+1"],"picked":"beaked:Hexing","floor":38.0},{"not_picked":["beaked:SacrificialAttack+1","beaked:MachineSpirit+1","beaked:Flinch"],"picked":"SKIP","floor":39.0},{"not_picked":["beaked:SacrificialAttack+1","beaked:MachineSpirit+1","beaked:Flinch"],"picked":"SKIP","floor":39.0},{"not_picked":["beaked:Pecker+1","beaked:Tweet"],"picked":"beaked:SurvivalInstinct+1","floor":41.0},{"not_picked":["beaked:TuckingFeathers","beaked:Tradeoff+1"],"picked":"beaked:BraceForImpact","floor":45.0},{"not_picked":["beaked:BloodForTheGods","beaked:Brainwash","ReplayTheSpireMod:RavenHex"],"picked":"SKIP","floor":47.0},{"not_picked":["beaked:Brainwash","beaked:FakeOut+1"],"picked":"beaked:AwakenedForm","floor":50.0},{"not_picked":["beaked:Tweet","beaked:Evade"],"picked":"beaked:WarriorEssence+1","floor":52.0},{"not_picked":["Dark Shackles","Replay:Sssssssssshield"],"picked":"expansioncontent:QuickStudy","floor":53.0},{"not_picked":["beaked:BounceBack","beaked:Foresight"],"picked":"beaked:BloodRitual","floor":54.0},{"not_picked":["beaked:ShadowFade","beaked:Evade","beaked:Struggle+1"],"picked":"SKIP","floor":58.0},{"not_picked":["beaked:BraceForImpact","beaked:TuckingFeathers"],"picked":"beaked:BarbedWire","floor":65.0},{"not_picked":["beaked:ScreechingChant","beaked:AwakenedForm"],"picked":"beaked:CheekyTricks","floor":67.0},{"not_picked":["infinitespire:DeathsTouch","ReplayTheSpireMod:Black Plague"],"picked":"ReplayTheSpireMod:Echoes of Time","floor":68.0},{"not_picked":["beaked:Resilience","beaked:Overpower+1","beaked:Cower"],"picked":"SKIP","floor":69.0},{"not_picked":["beaked:TuckingFeathers","beaked:Tweet","beaked:RuinSticks+1"],"picked":"SKIP","floor":70.0},{"not_picked":["beaked:WindBringer+1","beaked:BarbedWire","beaked:CursingBlood+1"],"picked":"SKIP","floor":71.0},{"not_picked":["beaked:CrazyRituals","beaked:Cower+1","beaked:Brace"],"picked":"SKIP","floor":75.0},{"not_picked":["beaked:DigDeep","beaked:Overpower+1"],"picked":"beaked:MachineSpirit","floor":76.0},{"not_picked":["beaked:VigorBurst","beaked:WarriorSpirit","beaked:Redirect+1"],"picked":"SKIP","floor":78.0},{"not_picked":["beaked:Evade+1","beaked:MimicMachine","beaked:Caw+1"],"picked":"SKIP","floor":79.0},{"not_picked":["beaked:Negation","beaked:Insight","beaked:BraceForImpact+1"],"picked":"SKIP","floor":81.0},{"not_picked":["beaked:Brace","beaked:Tradeoff+1","beaked:Insight+1"],"picked":"SKIP","floor":86.0},{"not_picked":["beaked:Foresight+1","beaked:Insight+1","beaked:Tradeoff+1"],"picked":"SKIP","floor":88.0},{"not_picked":["beaked:Evade+1","beaked:TuckingFeathers","beaked:Tradeoff"],"picked":"SKIP","floor":92.0},{"not_picked":["beaked:CursingBlood","beaked:BraceForImpact"],"picked":"beaked:Caw+1","floor":95.0},{"not_picked":["beaked:CursingBlood","beaked:StunningBlow+1"],"picked":"beaked:RitualOfBody","floor":96.0},{"not_picked":["beaked:Tweet+1","beaked:Evade","beaked:HuntressEssence"],"picked":"SKIP","floor":97.0},{"not_picked":["beaked:Overpower+1","beaked:Cower","beaked:Flinch"],"picked":"SKIP","floor":99.0},{"not_picked":["beaked:BloodRitual","beaked:Mantra+1","beaked:BarbedWire"],"picked":"SKIP","floor":103.0},{"not_picked":["beaked:Struggle+1","ReplayTheSpireMod:RavenHex","beaked:Brace"],"picked":"SKIP","floor":104.0},{"not_picked":["beaked:CursingBlood","beaked:HuntressSpirit","beaked:Overpower+1"],"picked":"SKIP","floor":108.0},{"not_picked":["beaked:BounceBack","beaked:SurvivalInstinct","beaked:Mantra+1"],"picked":"SKIP","floor":110.0},{"not_picked":["beaked:Cower","beaked:MimicMachine"],"picked":"beaked:ScreechingChant","floor":113.0},{"not_picked":["beaked:DigDeep","beaked:Insight","beaked:BraceForImpact"],"picked":"SKIP","floor":114.0},{"not_picked":["beaked:Hexing","beaked:BounceBack","beaked:Redirect"],"picked":"SKIP","floor":116.0},{"not_picked":["beaked:Foresight+1","beaked:WarriorEssence+1","beaked:BloodRitual"],"picked":"SKIP","floor":120.0},{"not_picked":["beaked:SurvivalInstinct","beaked:ShadowFade","beaked:RitualOfBody"],"picked":"SKIP","floor":121.0},{"not_picked":["beaked:Flinch","beaked:KnowThyFoe","beaked:Poke+1"],"picked":"SKIP","floor":123},{"not_picked":["beaked:MimicHuntress","beaked:Recite","beaked:HuntressEssence"],"picked":"SKIP","floor":124},{"not_picked":["beaked:Recite+1","beaked:Foresight","beaked:Caw+1"],"picked":"SKIP","floor":125},{"not_picked":["beaked:Poke+1","beaked:WarriorEssence+1","beaked:KnowThyFoe"],"picked":"SKIP","floor":127},{"not_picked":["ReplayTheSpireMod:Echoes of Time","ReplayTheSpireMod:??????????????????????"],"picked":"hubris:Fate","floor":129},{"not_picked":["beaked:Poke+1","beaked:KnowThyFoe","beaked:Resilience"],"picked":"SKIP","floor":129},{"not_picked":["beaked:Brainwash","beaked:Cower","beaked:Resilience"],"picked":"SKIP","floor":130},{"not_picked":["beaked:RuinSticks+1","beaked:Tweet","beaked:DigDeep+1"],"picked":"SKIP","floor":131},{"not_picked":["beaked:Windmill+1","beaked:Redirect","beaked:FeelMyPain"],"picked":"SKIP","floor":132},{"not_picked":["beaked:Evade","beaked:SacrificialDive+1"],"picked":"ReplayTheSpireMod:Owlgaze","floor":137},{"not_picked":["beaked:Tweet","beaked:Resilience+1","beaked:Redirect+1"],"picked":"SKIP","floor":142},{"not_picked":["beaked:TuckingFeathers+1","beaked:CrazyRituals+1","beaked:Windmill+1","Sweeping Beam"],"picked":"SKIP","floor":146},{"not_picked":["beaked:DigDeep","beaked:SurvivalInstinct","ReplayTheSpireMod:RavenHex+1","Panic Button"],"picked":"SKIP","floor":147},{"not_picked":["beaked:LiftOff","beaked:KnowThyFoe","hubris:Prefetch"],"picked":"beaked:CheekyTricks","floor":152},{"not_picked":["beaked:DigDeep+1","beaked:BraceForImpact+1","beaked:CheekyTricks","Compile Driver"],"picked":"SKIP","floor":156},{"not_picked":["beaked:LiftOff","ReplayTheSpireMod:Owlgaze","Meteor Strike"],"picked":"beaked:ScreechingChant","floor":157}],"player_experience":73184,"relics_obtained":[{"floor":6.0,"key":"infinitespire:CursedDice"},{"floor":7.0,"key":"Strawberry"},{"floor":9.0,"key":"Sundial"},{"floor":10.0,"key":"hubris:MobiusCoin"},{"floor":24.0,"key":"Counterbalance"},{"floor":24.0,"key":"hubris:CrystalStatue"},{"floor":26.0,"key":"Blood Vial"},{"floor":29.0,"key":"Molten Egg 2"},{"floor":29.0,"key":"Dream Catcher"},{"floor":31.0,"key":"Replay:Accelerometer"},{"floor":43.0,"key":"Grinning Jar"},{"floor":45.0,"key":"hubris:Zylophone"},{"floor":45.0,"key":"infinitespire:BottledMercury"},{"floor":47.0,"key":"Mango"},{"floor":47.0,"key":"hubris:BundleOfHerbs"},{"floor":58.0,"key":"Pondfish Scales"},{"floor":58.0,"key":"Ice Cream"},{"floor":60.0,"key":"Replay:Bottled Eggs"},{"floor":77.0,"key":"infinitespire:Eraser"},{"floor":82.0,"key":"Red Mask"},{"floor":92.0,"key":"Kunai"},{"floor":92.0,"key":"infinitespire:Broken Mirror"},{"floor":94.0,"key":"PreservedInsect"},{"floor":96.0,"key":"construct:FoamFinger"},{"floor":96.0,"key":"halation:KoshaPiece"},{"floor":108.0,"key":"Replay:Winged Headress"},{"floor":108.0,"key":"Potion Belt"},{"floor":111.0,"key":"halation:VictoryRuler"},{"floor":113.0,"key":"Ancient Tea Set"},{"floor":113.0,"key":"Bronze Scales"},{"floor":122.0,"key":"Enchiridion"},{"floor":125,"key":"Whetstone"},{"floor":125,"key":"halation:PrussianBluePaint"},{"floor":127,"key":"Anchor"},{"floor":127,"key":"hubris:TinFlute"},{"floor":128,"key":"TungstenRod"},{"floor":129,"key":"Replay:Bottled Steam"},{"floor":129,"key":"MawBank"},{"floor":132,"key":"halation:AfternoonTea"},{"floor":132,"key":"Replay:Bottled Flurry"},{"floor":142,"key":"hubris:DisguiseKit"},{"floor":142,"key":"Bag of Preparation"},{"floor":143,"key":"halation:QuantumPhysicsTextbook"},{"floor":145,"key":"Bottled Flame"},{"floor":146,"key":"Replay:Arrowhead"},{"floor":146,"key":"Eternal Feather"},{"floor":147,"key":"Replay:Baseball"},{"floor":147,"key":"Nunchaku"},{"floor":150,"key":"halation:PenCase"},{"floor":156,"key":"infinitespire:PuzzleCube"},{"floor":156,"key":"hubris:SlimyHat"}],"event_choices":[{"damage_healed":0.0,"max_hp_gain":0.0,"max_hp_loss":0.0,"gold_gain":0.0,"event_name":"Living Wall","player_choice":"Grow","floor":3.0,"gold_loss":0.0,"damage_taken":0.0,"cards_upgraded":["beaked:Ceremony"]},{"damage_healed":0.0,"max_hp_gain":0.0,"max_hp_loss":0.0,"gold_gain":0.0,"event_name":"Upgrade Shrine","player_choice":"Upgraded","floor":28.0,"gold_loss":0.0,"damage_taken":0.0,"cards_upgraded":["beaked:AwakenedForm"]},{"cards_removed":["beaked:Strike_Y"],"damage_healed":0.0,"max_hp_gain":0.0,"max_hp_loss":0.0,"gold_gain":0.0,"event_name":"Purifier","player_choice":"Purged","floor":30.0,"gold_loss":0.0,"damage_taken":0.0},{"damage_healed":0.0,"max_hp_gain":0.0,"max_hp_loss":0.0,"gold_gain":0.0,"event_name":"WeMeetAgain","player_choice":"Paid Gold","floor":42.0,"gold_loss":50.0,"damage_taken":0.0,"relics_obtained":["Calipers"]},{"damage_healed":0.0,"max_hp_gain":0.0,"max_hp_loss":0.0,"gold_gain":4.0,"event_name":"betterStone:BetterStone","player_choice":"1","floor":53.0,"gold_loss":0.0,"damage_taken":0.0},{"damage_healed":0.0,"max_hp_gain":0.0,"max_hp_loss":0.0,"gold_gain":0.0,"event_name":"The Library","player_choice":"Read","floor":73.0,"gold_loss":0.0,"damage_taken":0.0,"cards_obtained":["White Noise"]},{"damage_healed":0.0,"max_hp_gain":0.0,"max_hp_loss":0.0,"gold_gain":0.0,"event_name":"Drug Dealer","player_choice":"Inject Mutagens","floor":80.0,"gold_loss":0.0,"damage_taken":0.0,"relics_obtained":["MutagenicStrength"]},{"damage_healed":0.0,"max_hp_gain":0.0,"max_hp_loss":0.0,"gold_gain":0.0,"event_name":"Masked Bandits","player_choice":"Fought Bandits","floor":82.0,"gold_loss":0.0,"damage_taken":0.0},{"damage_healed":0.0,"max_hp_gain":0.0,"max_hp_loss":0.0,"gold_gain":0.0,"event_name":"The Woman in Blue","player_choice":"Bought 2 Potions","floor":87.0,"gold_loss":0.0,"damage_taken":0.0},{"damage_healed":0.0,"max_hp_gain":0.0,"max_hp_loss":0.0,"gold_gain":222.0,"event_name":"Tomb of Lord Red Mask","player_choice":"Wore Mask","floor":89.0,"gold_loss":0.0,"damage_taken":0.0},{"damage_healed":0.0,"max_hp_gain":0.0,"max_hp_loss":0.0,"gold_gain":0.0,"event_name":"betterMatch:BetterMatch","player_choice":"2","floor":105.0,"gold_loss":0.0,"damage_taken":0.0,"cards_obtained":["betterMatch:ColorlessUncommonCard"]},{"damage_healed":0.0,"max_hp_gain":0.0,"max_hp_loss":0.0,"gold_gain":0.0,"event_name":"betterThird:BetterSerpent","player_choice":"Ignored","floor":107.0,"gold_loss":0.0,"damage_taken":530.0},{"damage_healed":0.0,"max_hp_gain":0.0,"max_hp_loss":0.0,"gold_gain":0.0,"event_name":"Cursed Tome","player_choice":"Obtained Book","floor":122.0,"gold_loss":0.0,"damage_taken":16.0},{"damage_healed":0,"gold_gain":0,"player_choice":"Ignored","damage_taken":0,"max_hp_gain":0,"max_hp_loss":0,"event_name":"Ghosts","floor":126,"gold_loss":0},{"damage_healed":0,"gold_gain":0,"player_choice":"Random: Violet","damage_taken":0,"max_hp_gain":0,"max_hp_loss":0,"event_name":"betterThird:BetterPortal","floor":140,"gold_loss":0},{"damage_healed":0,"gold_gain":0,"player_choice":" RottenVial ","damage_taken":3,"relics_obtained":["betterAltar:BloodRelic"],"max_hp_gain":57,"max_hp_loss":56,"event_name":"betterAltar:BetterAltar","floor":140,"potions_obtained":[],"relics_lost":["Blood Vial"],"gold_loss":0},{"cards_removed":["hubris:Fate"],"damage_healed":0,"gold_gain":0,"player_choice":"Removed Skill","damage_taken":0,"max_hp_gain":0,"max_hp_loss":0,"event_name":"Falling","floor":144,"gold_loss":0},{"damage_healed":0,"gold_gain":0,"player_choice":"Fight","damage_taken":0,"max_hp_gain":0,"max_hp_loss":0,"event_name":"Mysterious Sphere","floor":150,"gold_loss":0}],"is_beta":false,"boss_relics":[{"not_picked":["Snecko Eye","hubris:ScarierMask"],"picked":"Black Star"},{"not_picked":["ReplayTheSpireMod:DimensionalGlitch","beaked:MawFillet"],"picked":"beaked:SacredDeck"},{"not_picked":["halation:MonkeysPaw","halation:Risk","halation:PlatinumPhoenix"]},{"not_picked":["construct:ClawGrip","ReplayTheSpireMod:DimensionalGlitch"],"picked":"beaked:BlessedCoat"},{"not_picked":["Abe\u0027s Treasure","Replay:Ancient Bell"],"picked":"hubris:Backtick"},{"not_picked":["ReplayTheSpireMod:SealedPack","halation:MonkeysPaw"],"picked":"halation:ForbiddenBikini"},{"not_picked":["hubris:TerracottaHorce","halation:LoveArrow"],"picked":"Replay:Drink Me"},{"not_picked":["halation:MonkeysPaw","ReplayTheSpireMod:DimensionalGlitch"],"picked":"SacredBark"},{"not_picked":["halation:Yufonium","Snecko Eye"],"picked":"beaked:FlawlessSticks"}],"items_purged_floors":[22,36,44,56,139],"is_endless":true,"potions_floor_spawned":[10,16,19,29,45,47,50,65,67,70,71,78,86,92,95,101,108,110,118,123,125,127,129,131,137,152,156,157],"ascension_level":0}}