{"host":"fworv1gvvajf3x0f","time":1610464083,"event":{"mods":["AchievementEnabler","Aspiration","BaseMod","Better Vampires","Colored Map","Colored Powertips","Highlight Path","Minty Spire (QoL Compilation)","Poor People Problems","Replay The Spire","StSLib"],"gold_per_floor":[111,121,296,53,53,86,86,11,11,11,21,21,40,55,55,150,150,170,170,70,53,71,71,71,99,99,99],"floor_reached":26,"playtime":3211,"items_purged":["Doubt","Decay"],"score":289,"play_id":"8dba938b-ae5f-49ba-ae39-0f7759a2e387","local_time":"20210112230803","is_ascension_mode":true,"campfire_choices":[{"data":"Terror","floor":7.0,"key":"SMITH"},{"data":"Neutralize","floor":10.0,"key":"SMITH"},{"data":"Outmaneuver","floor":12.0,"key":"SMITH"},{"data":"Backflip","floor":15.0,"key":"SMITH"}],"circlet_count":0,"master_deck":["Strike_G","Strike_G","Strike_G","Strike_G","Strike_G","Defend_G","Defend_G","Defend_G","Defend_G","Survivor","Neutralize+1","Outmaneuver+1","Terror+1","Endless Agony","Backflip+1","ReplayTheSpireMod:The Works","Adrenaline","Accuracy","Cloak And Dagger+1","Acrobatics+1"],"relics":["Ring of the Snake","NeowsBlessing","Iron Hammer","MealTicket","Bottled Lightning","SlaversCollar","Ginger"],"acts_visited":["Exordium","TheCity"],"potions_floor_usage":[21,22,25],"damage_taken":[{"damage":0.0,"enemies":"Jaw Worm","floor":1.0,"turns":1.0},{"damage":0.0,"enemies":"Cultist","floor":2.0,"turns":1.0},{"damage":0.0,"enemies":"3 Sentries","floor":6.0,"turns":2.0},{"damage":0.0,"enemies":"2 Louse","floor":11.0,"turns":2.0},{"damage":0.0,"enemies":"Looter","floor":13.0,"turns":2.0},{"damage":3.0,"enemies":"3 Louse","floor":14.0,"turns":3.0},{"damage":65.0,"enemies":"Fading Forest","floor":16.0,"turns":11.0},{"damage":8,"enemies":"Shell Parasite","floor":18,"turns":7},{"damage":22,"enemies":"2 Thieves","floor":21,"turns":4},{"damage":30,"enemies":"Centurion and Healer","floor":22,"turns":7},{"damage":4,"enemies":"Replay:Snechameleon","floor":25,"turns":6},{"damage":18,"enemies":"Snake Plant","floor":26,"turns":2}],"seed_played":"6816391162521987070","potions_obtained":[{"floor":6.0,"key":"Poison Potion"},{"floor":11.0,"key":"AttackPotion"},{"floor":14.0,"key":"SpeedPotion"},{"floor":21,"key":"Adrenaline Potion"},{"floor":22,"key":"Adrenaline Potion"}],"is_trial":false,"path_per_floor":["M","M","?","$","?","E","R","$","T","R","M","R","M","M","R","B",null,"M","?","$","M","M","PTL","PTL","E","M"],"character_chosen":"THE_SILENT","items_purchased":["Iron Hammer"],"campfire_rested":0,"item_purchase_floors":[4],"current_hp_per_floor":[70,70,70,70,70,70,70,70,70,70,70,70,70,67,67,2,70,62,62,70,48,18,18,18,14,0,0],"gold":99,"neow_bonus":"THREE_ENEMY_KILL","is_daily":false,"chose_seed":false,"campfire_upgraded":4,"win_rate":0.0,"timestamp":1610464083,"path_taken":["M","M","?","$","?","E","R","$","T","R","?","R","M","M","R","BOSS","BOSS","M","?","$","M","M","PTL","PTL","E","M"],"items_purchased_type":["Relic"],"build_version":"2020-12-22","purchased_purges":2,"victory":false,"max_hp_per_floor":[70,70,70,70,70,70,70,70,70,70,70,70,70,70,70,70,70,70,70,70,70,70,70,70,70,70,70],"card_choices":[{"not_picked":["Flechettes","Slice"],"picked":"Outmaneuver","floor":1.0},{"not_picked":["Prepared","Predator"],"picked":"Terror","floor":2.0},{"not_picked":["Dash","Flying Knee","Underhanded Strike"],"picked":"SKIP","floor":6.0},{"not_picked":["Replay:Poison Smokescreen","A Thousand Cuts"],"picked":"Backflip","floor":11.0},{"not_picked":["Terror","Toxin Wave","Deflect"],"picked":"SKIP","floor":13.0},{"not_picked":["Blade Dance","Quick Slash"],"picked":"ReplayTheSpireMod:The Works","floor":14.0},{"not_picked":["Atom Bomb","ReplayTheSpireMod:From All Sides"],"picked":"Adrenaline","floor":16},{"not_picked":["Outmaneuver","Backflip"],"picked":"Accuracy","floor":18},{"not_picked":["Outmaneuver","Deadly Poison"],"picked":"Cloak And Dagger+1","floor":21},{"not_picked":["Underhanded Strike","Cloak And Dagger"],"picked":"Acrobatics+1","floor":22},{"not_picked":["Backflip","Cloak And Dagger","Dagger Spray+1"],"picked":"SKIP","floor":25}],"player_experience":188071,"relics_obtained":[{"floor":6.0,"key":"MealTicket"},{"floor":9.0,"key":"Bottled Lightning"},{"floor":25,"key":"Ginger"}],"event_choices":[{"damage_healed":0.0,"max_hp_gain":0.0,"max_hp_loss":0.0,"gold_gain":175.0,"event_name":"Liars Game","player_choice":"AGREE","floor":3.0,"gold_loss":0.0,"damage_taken":0.0,"cards_obtained":["Doubt"]},{"damage_healed":0.0,"max_hp_gain":0.0,"max_hp_loss":0.0,"gold_gain":0.0,"cards_transformed":["Defend_G"],"event_name":"Transmorgrifier","player_choice":"Transformed","floor":5.0,"gold_loss":0.0,"damage_taken":0.0,"cards_obtained":["Endless Agony"]},{"damage_healed":0,"gold_gain":0,"player_choice":"Cursed","damage_taken":0,"max_hp_gain":0,"max_hp_loss":0,"event_name":"Wheel of Change","floor":19,"gold_loss":0,"cards_obtained":["Decay"]}],"is_beta":false,"boss_relics":[{"not_picked":["Black Star","Cursed Key"],"picked":"SlaversCollar"}],"items_purged_floors":[8,20],"is_endless":false,"potions_floor_spawned":[6,11,14,21,22],"killed_by":"Snake Plant","ascension_level":3}}