{"host":"61xbmbtf5zrn7rzc","time":1610480711,"event":{"mods":["BaseMod","Challenge The Spire","Hubris","Minty Spire (QoL Compilation)","Replay The Spire","StSLib","SuperFastMode"],"gold_per_floor":[119,138,138,138,157,182,182,182,182,182,162,76,89,124,124,201,201,215,225,225,240,71,71,71,71],"floor_reached":24,"language":"ENG","playtime":854,"items_purged":[],"score":408,"play_id":"cc0c0c1d-2436-46c1-ad16-1a1da3c235a2","local_time":"20210112144511","daily_mods":["SealedDeck","Heirloom"],"is_ascension_mode":true,"campfire_choices":[{"data":"Replay:Undeath\u0027s Touch","floor":7,"key":"SMITH"},{"data":"Dark Embrace","floor":10,"key":"SMITH"},{"data":"Rage","floor":15,"key":"SMITH"},{"data":"ReplayTheSpireMod:Faulty Equipment","floor":23,"key":"SMITH"}],"circlet_count":0,"master_deck":["AscendersBane","Rage+1","Iron Wave","Headbutt","Iron Wave","Dark Embrace+1","Sever Soul","Clash","Combust","Iron Wave","Disarm+1","Replay:Undeath\u0027s Touch+1","Infernal Blade","Rupture+1","Limit Break+1","hubris:StunningStrike+1","Clothesline","Heavy Blade","Fire Breathing"],"relics":["Black Blood","Ring of Chaos","hubris:Teleporter","hubris:Towel","Vajra","Golden Egg","Calipers","Toy Ornithopter","Anchor","Membership Card"],"acts_visited":["Exordium","TheCity"],"potions_floor_usage":[11,16,21,24],"damage_taken":[{"damage":2,"enemies":"Cultist","floor":1,"turns":3},{"damage":6,"enemies":"Small Slimes","floor":2,"turns":3},{"damage":10,"enemies":"2 Louse","floor":5,"turns":3},{"damage":27,"enemies":"3 Sentries","floor":6,"turns":5},{"damage":0,"enemies":"Large Slime","floor":13,"turns":4},{"damage":21,"enemies":"Gremlin Nob","floor":14,"turns":4},{"damage":32,"enemies":"The Guardian","floor":16,"turns":4},{"damage":31,"enemies":"Shell Parasite","floor":18,"turns":6},{"damage":20,"enemies":"Chosen","floor":19,"turns":6},{"damage":21,"enemies":"Snecko","floor":21,"turns":5},{"damage":42,"enemies":"Slavers","floor":24,"turns":3}],"seed_played":"5613276094872219901","potions_obtained":[{"floor":1,"key":"DistilledChaos"},{"floor":5,"key":"SpeedPotion"},{"floor":6,"key":"PowerPotion"},{"floor":11,"key":"BloodPotion"},{"floor":16,"key":"GamblersBrew"},{"floor":19,"key":"EssenceOfSteel"}],"is_trial":true,"path_per_floor":["M","M","?","?","M","E","R","?","T","R","?","$","M","E","R","B",null,"M","M","?","M","$","R","E"],"character_chosen":"IRONCLAD","items_purchased":["Rupture","Membership Card"],"campfire_rested":0,"item_purchase_floors":[12,22],"current_hp_per_floor":[72,72,72,72,68,47,47,47,47,47,62,62,68,53,53,32,64,45,37,37,33,33,33,0,0],"gold":71,"neow_bonus":"","is_daily":false,"chose_seed":false,"campfire_upgraded":4,"win_rate":0.0,"timestamp":1610480711,"path_taken":["M","?","?","?","?","E","R","?","T","R","?","$","M","E","R","BOSS","M","M","?","M","$","R","E"],"items_purchased_type":["Card","Relic"],"build_version":"2020-12-22","purchased_purges":0,"victory":false,"max_hp_per_floor":[75,75,75,75,75,75,75,75,75,75,75,75,75,75,75,75,75,75,75,75,75,75,75,75,75],"card_choices":[{"not_picked":["Power Through","True Grit"],"picked":"Replay:Undeath\u0027s Touch","floor":1},{"not_picked":["Shrug It Off","Warcry","Anger"],"picked":"SKIP","floor":2},{"not_picked":["hubris:ReadiedAction","Heavy Blade"],"picked":"Infernal Blade","floor":5},{"not_picked":["Run Through","Life Link","Havoc"],"picked":"SKIP","floor":6},{"not_picked":["Heavy Blade","Spot Weakness","Dark Embrace"],"picked":"SKIP","floor":13},{"not_picked":["Replay:Undeath\u0027s Touch","Wild Strike"],"picked":"Limit Break","floor":14},{"not_picked":["Exhume","Barricade"],"picked":"hubris:StunningStrike","floor":16},{"not_picked":["Cleave","ReplayTheSpireMod:Muscle Training"],"picked":"Clothesline","floor":18},{"not_picked":["Replay:Undeath\u0027s Touch","hubris:ReadiedAction"],"picked":"Heavy Blade","floor":19},{"not_picked":["Run Through","Burning Pact"],"picked":"Fire Breathing","floor":21}],"player_experience":97454,"relics_obtained":[{"floor":6,"key":"Golden Egg"},{"floor":9,"key":"Calipers"},{"floor":14,"key":"Toy Ornithopter"}],"event_choices":[{"damage_healed":0,"gold_gain":0,"player_choice":"Gave Potion","damage_taken":0,"relics_obtained":["Vajra"],"max_hp_gain":0,"max_hp_loss":0,"event_name":"WeMeetAgain","floor":4,"gold_loss":0},{"damage_healed":0,"gold_gain":0,"player_choice":"Bought 1 Potion","damage_taken":0,"max_hp_gain":0,"max_hp_loss":0,"event_name":"The Woman in Blue","floor":11,"gold_loss":0}],"is_beta":false,"boss_relics":[{"not_picked":["Ectoplasm","hubris:ScarierMask"],"picked":"Black Blood"}],"items_purged_floors":[],"is_endless":false,"potions_floor_spawned":[1,5,6,16,19],"killed_by":"Slavers","ascension_level":20}}