{"host":"qwv9nni2x0umspiu","time":1610445018,"event":{"mods":["BaseMod","Downfall","Minty Spire (QoL Compilation)","Replay The Spire","StSLib","The Hierophant","Wandering Minibosses"],"gold_per_floor":[113,113,113,113,132,163,163,172,172,172,170,198,224,164,164,164,164],"floor_reached":16,"playtime":374,"items_purged":["hierophant:Defend_Hierophant"],"score":286,"play_id":"a84cb4ff-6f52-4ec2-969b-51d9c2f6c32c","local_time":"20210112015018","is_ascension_mode":true,"campfire_choices":[{"data":"hierophant:ChurchCoffers","floor":7,"key":"SMITH"},{"data":"hierophant:Punish","floor":10,"key":"SMITH"},{"data":"hierophant:HammerAndAnvil","floor":15,"key":"SMITH"}],"circlet_count":0,"master_deck":["AscendersBane","hierophant:Strike_Hierophant","hierophant:Strike_Hierophant","hierophant:Strike_Hierophant","hierophant:Punish+1","hierophant:Defend_Hierophant","hierophant:Defend_Hierophant","hierophant:Defend_Hierophant+1","hierophant:ChurchCoffers+1","hierophant:HammerAndAnvil","hierophant:OrnateJavelin+1","hierophant:Alms+1","hierophant:HammerAndAnvil+1"],"relics":["hierophant:PropheticMaskRelic","NeowsBlessing","The Courier","War Paint","Blood Vial","Golden Egg","Mummified Hand"],"acts_visited":["Exordium"],"potions_floor_usage":[12,12],"damage_taken":[{"damage":0,"enemies":"2 Louse","floor":1,"turns":1},{"damage":0,"enemies":"Jaw Worm","floor":5,"turns":1},{"damage":0,"enemies":"Lagavulin","floor":6,"turns":2},{"damage":12,"enemies":"3 Sentries","floor":8,"turns":6},{"damage":0,"enemies":"Small Slimes","floor":11,"turns":1},{"damage":8,"enemies":"Gremlin Nob","floor":12,"turns":3},{"damage":0,"enemies":"Exordium Wildlife","floor":13,"turns":1},{"damage":0,"enemies":"Fading Forest","floor":16,"turns":1}],"seed_played":"-8535383158414859334","potions_obtained":[{"floor":5,"key":"BlessingOfTheForge"},{"floor":11,"key":"Swift Potion"}],"is_trial":false,"path_per_floor":["M","?","?","?","M","E","R","E","T","R","M","E","M","$","R","B"],"character_chosen":"HIEROPHANT","items_purchased":[],"campfire_rested":0,"item_purchase_floors":[],"current_hp_per_floor":[68,68,73,47,47,47,47,35,35,35,37,31,33,33,33,35,35],"gold":164,"neow_bonus":"THREE_ENEMY_KILL","is_daily":false,"chose_seed":false,"campfire_upgraded":3,"win_rate":0.0,"timestamp":1610445018,"path_taken":["M","?","?","?","M","E","R","E","T","R","M","E","?","$","R","BOSS"],"items_purchased_type":[],"build_version":"2020-12-22","purchased_purges":1,"victory":false,"max_hp_per_floor":[75,75,80,80,80,80,80,80,80,80,80,80,80,80,80,80,80],"card_choices":[{"not_picked":["hierophant:Shelter","hierophant:Purify"],"picked":"hierophant:HammerAndAnvil","floor":1},{"not_picked":["hierophant:OrnateBuckler","hierophant:RepressedViolence"],"picked":"hierophant:Alms","floor":5},{"not_picked":["hierophant:HolyVerse","hierophant:Flagellation","hierophant:Invocation"],"picked":"SKIP","floor":6},{"not_picked":["hierophant:RepressedViolence","hierophant:OrnateBuckler","hierophant:Flagellation"],"picked":"SKIP","floor":8},{"not_picked":["hierophant:Bribe","hierophant:SealAway","hierophant:Doubloon"],"picked":"SKIP","floor":11},{"not_picked":["hierophant:AuricBeam","hierophant:ThreeLashes"],"picked":"hierophant:HammerAndAnvil","floor":12},{"not_picked":["hierophant:Remorse","hierophant:MorningPrayer","hierophant:DisplayOfPower"],"picked":"SKIP","floor":13}],"player_experience":1351400,"relics_obtained":[{"floor":6,"key":"War Paint"},{"floor":8,"key":"Blood Vial"},{"floor":9,"key":"Golden Egg"},{"floor":12,"key":"Mummified Hand"}],"event_choices":[{"damage_healed":0,"gold_gain":0,"player_choice":"Donut","damage_taken":0,"max_hp_gain":5,"max_hp_loss":0,"event_name":"Big Fish","floor":3,"gold_loss":0},{"damage_healed":0,"gold_gain":0,"player_choice":"Success","damage_taken":26,"relics_obtained":["The Courier"],"max_hp_gain":0,"max_hp_loss":0,"event_name":"Scrap Ooze","floor":4,"gold_loss":0}],"is_beta":false,"boss_relics":[],"items_purged_floors":[14],"is_endless":false,"potions_floor_spawned":[5,11],"killed_by":"Fading Forest","ascension_level":20}}