{"host":"FirstDane","time":1610423948,"event":{"mods":["BaseMod","Bestiary","Highlight Path","Minty Spire (QoL Compilation)","Relic Stats","Slay the Relics Exporter"],"gold_per_floor":[119,138,154,174,194,226,226,242,242,275,275,287,300,313,313,388,388,399,416,432,92,92,92,127,39,39,39,51,80,80,80,80,154,154,172,188,188,208,218,252,252,286,286,304,304,319,350,363,363,363,363,363],"floor_reached":51,"playtime":6013,"items_purged":["Strike_B"],"score":1765,"play_id":"b7c52177-da2f-44ab-9c0a-0cac9c255906","local_time":"20210111215908","is_ascension_mode":true,"campfire_choices":[{"floor":7,"key":"REST"},{"data":"Chaos","floor":11,"key":"SMITH"},{"floor":15,"key":"REST"},{"data":"Sweeping Beam","floor":23,"key":"SMITH"},{"floor":27,"key":"REST"},{"floor":30,"key":"REST"},{"floor":32,"key":"REST"},{"floor":41,"key":"RECALL"},{"floor":49,"key":"REST"}],"circlet_count":0,"master_deck":["AscendersBane","Strike_B","Defend_B","Defend_B","Defend_B","Defend_B","Zap","Dualcast","Chaos+1","Sweeping Beam+1","Compile Driver","Ball Lightning","Conserve Battery","Echo Form","Glacier","Genetic Algorithm","Loop+1","Buffer+1","Hologram","Chill","Defragment+1","Undo+1","Barrage+1","Glacier+1","Biased Cognition+1","Reinforced Body+1","Fission+1","Defragment+1","Coolheaded+1","Skim+1","Meteor Strike","Pain","Coolheaded+1","Self Repair+1","Darkness+1"],"relics":["Cracked Core","Question Card","Frozen Egg 2","Centennial Puzzle","Cursed Key","Toxic Egg 2","Mercury Hourglass","InkBottle","Runic Dome","Darkstone Periapt","Mummified Hand","Sundial"],"acts_visited":["Exordium","TheCity","TheBeyond"],"potions_floor_usage":[6,16,16,16,24,29,36,42,42,44,51],"damage_taken":[{"damage":0,"enemies":"Cultist","floor":1,"turns":2},{"damage":7,"enemies":"Jaw Worm","floor":2,"turns":2},{"damage":4,"enemies":"Small Slimes","floor":3,"turns":3},{"damage":11,"enemies":"Looter","floor":4,"turns":2},{"damage":7,"enemies":"Exordium Wildlife","floor":5,"turns":4},{"damage":13,"enemies":"3 Sentries","floor":6,"turns":5},{"damage":8,"enemies":"Large Slime","floor":8,"turns":4},{"damage":8,"enemies":"Lagavulin","floor":10,"turns":7},{"damage":6,"enemies":"Red Slaver","floor":12,"turns":4},{"damage":6,"enemies":"Lots of Slimes","floor":13,"turns":5},{"damage":9,"enemies":"2 Fungi Beasts","floor":14,"turns":3},{"damage":21,"enemies":"Slime Boss","floor":16,"turns":4},{"damage":0,"enemies":"Shell Parasite","floor":18,"turns":8},{"damage":0,"enemies":"Spheric Guardian","floor":19,"turns":5},{"damage":1,"enemies":"Shelled Parasite and Fungi","floor":20,"turns":7},{"damage":29,"enemies":"Book of Stabbing","floor":24,"turns":7},{"damage":0,"enemies":"Centurion and Healer","floor":28,"turns":9},{"damage":29,"enemies":"Slavers","floor":29,"turns":4},{"damage":0,"enemies":"Champ","floor":33,"turns":11},{"damage":6,"enemies":"Orb Walker","floor":35,"turns":3},{"damage":0,"enemies":"3 Darklings","floor":36,"turns":5},{"damage":0,"enemies":"Sphere and 2 Shapes","floor":38,"turns":6},{"damage":0,"enemies":"Spire Growth","floor":39,"turns":7},{"damage":0,"enemies":"Giant Head","floor":40,"turns":10},{"damage":0,"enemies":"Reptomancer","floor":42,"turns":9},{"damage":2,"enemies":"Transient","floor":44,"turns":6},{"damage":40,"enemies":"Maw","floor":46,"turns":9},{"damage":12,"enemies":"Nemesis","floor":47,"turns":11},{"damage":0,"enemies":"Jaw Worm Horde","floor":48,"turns":7},{"damage":19,"enemies":"Donu and Deca","floor":50,"turns":20},{"damage":54,"enemies":"Awakened One","floor":51,"turns":7}],"seed_played":"-6371505128433510115","potions_obtained":[{"floor":2,"key":"Weak Potion"},{"floor":4,"key":"Explosive Potion"},{"floor":8,"key":"PotionOfCapacity"},{"floor":10,"key":"Weak Potion"},{"floor":14,"key":"EntropicBrew"},{"floor":16,"key":"PowerPotion"},{"floor":24,"key":"Energy Potion"},{"floor":33,"key":"Fire Potion"},{"floor":35,"key":"SkillPotion"},{"floor":39,"key":"DuplicationPotion"},{"floor":42,"key":"ColorlessPotion"},{"floor":47,"key":"PotionOfCapacity"},{"floor":48,"key":"DistilledChaos"}],"is_trial":false,"path_per_floor":["M","M","M","M","M","E","R","M","T","E","R","M","M","M","R","B",null,"M","M","M","$","?","R","E","$","T","R","M","E","R","?","R","B",null,"M","M","?","M","M","E","R","E","T","M","?","M","E","M","R","B","B"],"character_chosen":"DEFECT","items_purchased":["Toxic Egg 2","Undo+1"],"campfire_rested":6,"item_purchase_floors":[21,25],"current_hp_per_floor":[64,57,53,42,35,22,41,33,33,25,25,19,13,4,23,2,49,49,49,48,48,48,48,19,19,19,38,38,9,28,7,26,26,55,49,49,49,49,49,49,49,49,55,53,53,13,11,31,51,52,0,0],"gold":363,"neow_bonus":"TRANSFORM_TWO_CARDS","is_daily":false,"chose_seed":false,"campfire_upgraded":2,"win_rate":0.0,"timestamp":1610423948,"path_taken":["M","M","M","M","M","E","R","M","T","E","R","?","M","M","R","BOSS","M","M","M","$","?","R","E","$","T","R","M","E","R","?","R","BOSS","M","M","?","M","M","E","R","E","T","M","?","M","E","M","R","BOSS","BOSS"],"items_purchased_type":["Relic","Card"],"build_version":"2020-12-18","purchased_purges":1,"victory":false,"max_hp_per_floor":[64,64,64,64,64,64,64,64,64,64,64,64,64,64,64,64,64,64,64,64,64,64,64,64,64,64,64,64,64,64,64,64,64,64,64,64,61,61,61,61,61,61,67,67,67,67,67,67,67,67,67,67],"relic_stats":{"Darkstone Periapt":6,"Centennial Puzzle":[39],"counters":[31,195],"Mummified Hand":[50],"Sundial":[4],"Question Card":23,"Cursed Key":1,"obtain_stats":[{"Darkstone Periapt":40,"Runic Dome":34,"Centennial Puzzle":10,"Mummified Hand":42,"Sundial":47,"Frozen Egg 2":9,"Toxic Egg 2":21,"Cracked Core":0,"Question Card":6,"Cursed Key":17,"InkBottle":29,"Mercury Hourglass":24},{"Darkstone Periapt":24,"Runic Dome":19,"Centennial Puzzle":8,"Mummified Hand":25,"Sundial":28,"Frozen Egg 2":7,"Toxic Egg 2":15,"Cracked Core":0,"Question Card":6,"Cursed Key":12,"InkBottle":18,"Mercury Hourglass":16},{"Darkstone Periapt":126,"Runic Dome":96,"Centennial Puzzle":29,"Mummified Hand":135,"Sundial":161,"Frozen Egg 2":22,"Toxic Egg 2":65,"Cracked Core":0,"Question Card":18,"Cursed Key":45,"InkBottle":85,"Mercury Hourglass":72}],"InkBottle":[54],"Mercury Hourglass":[387]},"card_choices":[{"not_picked":["Hologram","Darkness"],"picked":"Sweeping Beam","floor":1},{"not_picked":["Rebound","Coolheaded"],"picked":"Compile Driver","floor":2},{"not_picked":["Conserve Battery","Aggregate"],"picked":"Ball Lightning","floor":3},{"not_picked":["Hello World","Beam Cell"],"picked":"Conserve Battery","floor":4},{"not_picked":["Blizzard","Reinforced Body"],"picked":"Echo Form","floor":5},{"not_picked":["Go for the Eyes","Turbo"],"picked":"Glacier","floor":6},{"not_picked":["Leap","Blizzard","Rip and Tear","Redo"],"picked":"SKIP","floor":8},{"not_picked":["Redo","Double Energy","Chaos","BootSequence"],"picked":"SKIP","floor":10},{"not_picked":["Beam Cell","Rebound","Rainbow"],"picked":"Genetic Algorithm","floor":12},{"not_picked":["Turbo","Reprogram","Redo"],"picked":"Loop+1","floor":13},{"not_picked":["Streamline","Fusion","Conserve Battery","Leap"],"picked":"SKIP","floor":14},{"not_picked":["Creative AI+1","Meteor Strike","All For One"],"picked":"Buffer+1","floor":16},{"not_picked":["Heatsinks+1","Fusion+1","BootSequence"],"picked":"Hologram","floor":18},{"not_picked":["Coolheaded","Lockon","Gash","Auto Shields"],"picked":"SKIP","floor":19},{"not_picked":["Hologram","Gash","Turbo"],"picked":"Chill","floor":20},{"not_picked":["Rip and Tear","Creative AI+1","Rebound"],"picked":"Defragment+1","floor":24},{"not_picked":["Ball Lightning","Stack+1","Gash"],"picked":"Barrage+1","floor":28},{"not_picked":["Turbo+1","Stack+1","Melter"],"picked":"Glacier+1","floor":29},{"not_picked":["Machine Learning+1","Amplify+1","Core Surge"],"picked":"Biased Cognition+1","floor":33},{"not_picked":["Ball Lightning","Coolheaded+1","Leap+1"],"picked":"Reinforced Body+1","floor":35},{"not_picked":["Conserve Battery+1","Fusion+1","Ball Lightning+1"],"picked":"Fission+1","floor":36},{"not_picked":["Barrage","Gash+1","Tempest+1"],"picked":"Defragment+1","floor":38},{"not_picked":["Scrape","Steam+1","Conserve Battery+1"],"picked":"Coolheaded+1","floor":39},{"not_picked":["Undo+1","Cold Snap+1","Loop+1"],"picked":"Skim+1","floor":40},{"not_picked":["Sweeping Beam","Gash","Conserve Battery+1"],"picked":"Meteor Strike","floor":42},{"not_picked":["Doom and Gloom","Scrape","Go for the Eyes"],"picked":"Coolheaded+1","floor":44},{"not_picked":["FTL","Static Discharge+1","Beam Cell+1"],"picked":"Self Repair+1","floor":46},{"not_picked":["Go for the Eyes","Steam+1","Consume+1","Barrage"],"picked":"SKIP","floor":47},{"not_picked":["Hologram+1","Sweeping Beam","Glacier+1"],"picked":"Darkness+1","floor":48}],"player_experience":3894698,"relics_obtained":[{"floor":6,"key":"Question Card"},{"floor":9,"key":"Frozen Egg 2"},{"floor":10,"key":"Centennial Puzzle"},{"floor":24,"key":"Mercury Hourglass"},{"floor":29,"key":"InkBottle"},{"floor":40,"key":"Darkstone Periapt"},{"floor":42,"key":"Mummified Hand"},{"floor":47,"key":"Sundial"}],"event_choices":[{"damage_healed":0,"gold_gain":0,"player_choice":"Ignored","damage_taken":0,"max_hp_gain":0,"max_hp_loss":0,"event_name":"Vampires","floor":22,"gold_loss":0},{"damage_healed":0,"gold_gain":0,"player_choice":"Obtained Book","damage_taken":21,"max_hp_gain":0,"max_hp_loss":0,"event_name":"Cursed Tome","floor":31,"gold_loss":0},{"damage_healed":0,"gold_gain":0,"player_choice":"Max HP","damage_taken":0,"max_hp_gain":0,"max_hp_loss":3,"event_name":"Winding Halls","floor":37,"gold_loss":0},{"cards_removed":["Rip and Tear"],"damage_healed":0,"gold_gain":0,"player_choice":"Removed Attack","damage_taken":0,"max_hp_gain":0,"max_hp_loss":0,"event_name":"Falling","floor":45,"gold_loss":0}],"is_beta":true,"boss_relics":[{"not_picked":["SacredBark","Calling Bell"],"picked":"Cursed Key"},{"not_picked":["Tiny House","Black Star"],"picked":"Runic Dome"}],"items_purged_floors":[21],"is_endless":false,"potions_floor_spawned":[2,4,8,10,14,16,18,24,33,35,39,42,47,48],"killed_by":"Awakened One","ascension_level":20}}