{"host":"t7mx8yfj1no5p62f","time":1610495575,"event":{"mods":["BaseMod","Bestiary","Colored Map","Colored Powertips","Minty Spire (QoL Compilation)","Relic Stats","StSLib"],"gold_per_floor":[119,132,151,21,35,35,47,125,125,141,161,175,207,222,222,222,222],"floor_reached":16,"language":"ENG","playtime":706,"items_purged":["Strike_G"],"score":216,"play_id":"53f16dd3-30a7-4955-aa3e-96299ac4612b","local_time":"20210112185255","is_ascension_mode":true,"campfire_choices":[{"data":"Dash","floor":6.0,"key":"SMITH"},{"data":"Glass Knife","floor":15,"key":"SMITH"}],"circlet_count":0,"master_deck":["AscendersBane","Strike_G","Strike_G","Strike_G","Strike_G","Defend_G","Defend_G","Defend_G","Defend_G","Defend_G","Survivor","Neutralize","Dagger Spray","Dash+1","Terror","Underhanded Strike","Outmaneuver","Glass Knife+1","Footwork","Outmaneuver","Underhanded Strike"],"relics":["Snecko Eye","Gambling Chip"],"acts_visited":["Exordium"],"potions_floor_usage":[16,16],"damage_taken":[{"damage":1.0,"enemies":"Cultist","floor":1.0,"turns":4.0},{"damage":7.0,"enemies":"2 Louse","floor":2.0,"turns":3.0},{"damage":0.0,"enemies":"Jaw Worm","floor":3.0,"turns":4.0},{"damage":12.0,"enemies":"Exordium Thugs","floor":5.0,"turns":5.0},{"damage":2.0,"enemies":"Large Slime","floor":7.0,"turns":5.0},{"damage":13.0,"enemies":"Exordium Wildlife","floor":10.0,"turns":7.0},{"damage":2,"enemies":"3 Louse","floor":11,"turns":3},{"damage":4,"enemies":"Blue Slaver","floor":12,"turns":3},{"damage":12,"enemies":"Lagavulin","floor":13,"turns":8},{"damage":8,"enemies":"Gremlin Gang","floor":14,"turns":4},{"damage":22,"enemies":"Hexaghost","floor":16,"turns":10}],"seed_played":"6429435533481028388","potions_obtained":[{"floor":1.0,"key":"Swift Potion"},{"floor":2.0,"key":"FairyPotion"},{"floor":13,"key":"PowerPotion"},{"floor":14,"key":"SkillPotion"}],"is_trial":false,"path_per_floor":["M","M","M","$","M","R","M","?","T","M","M","M","E","M","R","B"],"character_chosen":"THE_SILENT","items_purchased":["Underhanded Strike"],"campfire_rested":0,"item_purchase_floors":[4],"current_hp_per_floor":[58,51,51,51,39,39,37,37,37,24,22,18,6,19,19,0,0],"gold":222,"neow_bonus":"BOSS_RELIC","is_daily":false,"chose_seed":false,"campfire_upgraded":2,"win_rate":0.0,"timestamp":1610495575,"path_taken":["M","M","M","?","M","R","M","?","T","M","M","M","E","M","R","BOSS"],"items_purchased_type":["Card"],"build_version":"2020-12-22","purchased_purges":1,"victory":false,"max_hp_per_floor":[66,66,66,66,66,66,66,66,66,66,66,66,66,66,66,66,66],"relic_stats":{"counters":[11,56],"Gambling Chip":[10],"Snecko Eye":[75,102,104,102],"obtain_stats":[{"Gambling Chip":13,"Snecko Eye":0,"Ring of the Snake":0},{"Gambling Chip":9,"Snecko Eye":0,"Ring of the Snake":0},{"Gambling Chip":42,"Snecko Eye":0,"Ring of the Snake":0}]},"card_choices":[{"not_picked":["Tactician","Sucker Punch"],"picked":"Dagger Spray","floor":1.0},{"not_picked":["Flying Knee","Backflip"],"picked":"Dash","floor":2.0},{"not_picked":["Prepared","PiercingWail"],"picked":"Terror","floor":3.0},{"not_picked":["Poisoned Stab","Dodge and Roll","Cloak And Dagger"],"picked":"SKIP","floor":5.0},{"not_picked":["Skewer","Blade Dance"],"picked":"Outmaneuver","floor":7.0},{"not_picked":["Backflip","Bane"],"picked":"Glass Knife","floor":10.0},{"not_picked":["Poisoned Stab","Flying Knee","Dagger Spray"],"picked":"SKIP","floor":11},{"not_picked":["Prepared","Terror"],"picked":"Footwork","floor":12},{"not_picked":["Sucker Punch","Bane"],"picked":"Outmaneuver","floor":13},{"not_picked":["Dagger Spray","Accuracy"],"picked":"Underhanded Strike","floor":14}],"player_experience":1743207,"relics_obtained":[{"floor":13,"key":"Gambling Chip"}],"event_choices":[{"damage_healed":0.0,"max_hp_gain":0.0,"max_hp_loss":0.0,"gold_gain":78.0,"event_name":"Golden Wing","player_choice":"Gained Gold","floor":8.0,"gold_loss":0.0,"damage_taken":0.0}],"is_beta":false,"boss_relics":[],"items_purged_floors":[4],"is_endless":false,"potions_floor_spawned":[1,2,3,13,14],"killed_by":"Hexaghost","ascension_level":20}}