{"host":"j4g6ia6asvpyu2b0","time":1610490962,"event":{"mods":["BaseMod","Colored Map","Minty Spire (QoL Compilation)","Permanent Neow","Quick Restart","Relic Stats","StSLib","Unceasing Turn Reminder"],"gold_per_floor":[115,128,139,214,232,260,260,292,319,319,319,331,331,348,348,448,448,468,438,438],"floor_reached":19,"language":"ENG","playtime":526,"items_purged":[],"score":277,"play_id":"cd2608ac-018e-4bca-b7c4-586010af7223","local_time":"20210112153602","is_ascension_mode":true,"campfire_choices":[{"data":"Barrage","floor":7,"key":"SMITH"},{"data":"Sweeping Beam","floor":11,"key":"SMITH"},{"data":"Double Energy","floor":13,"key":"SMITH"},{"data":"Lockon","floor":15,"key":"SMITH"}],"circlet_count":0,"master_deck":["AscendersBane","Strike_B","Strike_B","Defend_B","Defend_B","Defend_B","Defend_B","Zap","Dualcast","Barrage+1","BootSequence","Melter","Chill","Steam","Cold Snap","Sweeping Beam+1","Double Energy+1","Lockon+1","Echo Form","Storm+1"],"relics":["Cracked Core","Sundial","Regal Pillow","Oddly Smooth Stone","Orichalcum","Philosopher\u0027s Stone"],"acts_visited":["Exordium","TheCity"],"potions_floor_usage":[6],"damage_taken":[{"damage":1.0,"enemies":"Cultist","floor":1.0,"turns":4.0},{"damage":0.0,"enemies":"Jaw Worm","floor":2.0,"turns":3.0},{"damage":0.0,"enemies":"2 Louse","floor":3.0,"turns":2.0},{"damage":0,"enemies":"Gremlin Gang","floor":5,"turns":6},{"damage":4,"enemies":"3 Sentries","floor":6,"turns":9},{"damage":20,"enemies":"Lagavulin","floor":8,"turns":8},{"damage":0,"enemies":"Red Slaver","floor":12,"turns":3},{"damage":0,"enemies":"2 Fungi Beasts","floor":14,"turns":2},{"damage":13,"enemies":"The Guardian","floor":16,"turns":11},{"damage":6,"enemies":"Spheric Guardian","floor":18,"turns":4},{"damage":0,"enemies":"2 Thieves","floor":19,"turns":2}],"seed_played":"6927747212100430093","potions_obtained":[{"floor":1.0,"key":"Strength Potion"},{"floor":5,"key":"Block Potion"},{"floor":16,"key":"SpeedPotion"}],"is_trial":false,"path_per_floor":["M","M","M","?","M","E","R","E","T","?","R","M","R","M","R","B",null,"M","M"],"character_chosen":"DEFECT","items_purchased":[],"campfire_rested":0,"item_purchase_floors":[],"current_hp_per_floor":[67,67,67,61,61,57,57,37,37,37,37,37,37,37,37,24,57,51,51,51],"gold":438,"neow_bonus":"TRANSFORM_TWO_CARDS","is_daily":false,"chose_seed":false,"campfire_upgraded":4,"win_rate":0.0,"timestamp":1610490962,"path_taken":["M","?","M","?","?","E","R","E","T","?","R","?","R","M","R","BOSS","M","?"],"items_purchased_type":[],"build_version":"2020-12-22","purchased_purges":0,"victory":false,"max_hp_per_floor":[68,68,68,68,68,68,68,68,68,68,68,68,68,68,68,68,68,68,68,68],"relic_stats":{"Regal Pillow":0,"counters":[11,54],"Sundial":[4],"Orichalcum":[36],"obtain_stats":[{"Regal Pillow":8,"Sundial":6,"Oddly Smooth Stone":9,"Philosopher\u0027s Stone":17,"Orichalcum":10,"Cracked Core":0},{"Regal Pillow":6,"Sundial":5,"Oddly Smooth Stone":6,"Philosopher\u0027s Stone":9,"Orichalcum":6,"Cracked Core":0},{"Regal Pillow":32,"Sundial":24,"Oddly Smooth Stone":32,"Philosopher\u0027s Stone":48,"Orichalcum":32,"Cracked Core":0}]},"card_choices":[{"not_picked":["Double Energy","Turbo"],"picked":"Melter","floor":1.0},{"not_picked":["Rebound","Steam"],"picked":"Chill","floor":2.0},{"not_picked":["Leap","Stack"],"picked":"Steam","floor":3.0},{"not_picked":["Rebound","Conserve Battery"],"picked":"Cold Snap","floor":5},{"not_picked":["Steam Power","Meteor Strike","Scrape"],"picked":"SKIP","floor":6},{"not_picked":["Tempest","Barrage"],"picked":"Sweeping Beam","floor":8},{"not_picked":["Go for the Eyes","Leap"],"picked":"Double Energy","floor":12},{"not_picked":["Steam","Turbo"],"picked":"Lockon","floor":14},{"not_picked":["Rainbow","Hyperbeam"],"picked":"Echo Form","floor":16},{"not_picked":["Reinforced Body+1","Turbo"],"picked":"Storm+1","floor":18}],"player_experience":825413,"relics_obtained":[{"floor":6,"key":"Sundial"},{"floor":8,"key":"Regal Pillow"},{"floor":9,"key":"Oddly Smooth Stone"}],"event_choices":[{"damage_healed":0,"gold_gain":75,"player_choice":"Touch","damage_taken":6,"max_hp_gain":0,"max_hp_loss":0,"event_name":"FaceTrader","floor":4,"gold_loss":0},{"damage_healed":0,"gold_gain":0,"player_choice":"Gave Potion","damage_taken":0,"relics_obtained":["Orichalcum"],"max_hp_gain":0,"max_hp_loss":0,"event_name":"WeMeetAgain","floor":10,"gold_loss":0}],"is_beta":false,"boss_relics":[{"not_picked":["Astrolabe","Snecko Eye"],"picked":"Philosopher\u0027s Stone"}],"items_purged_floors":[],"is_endless":false,"potions_floor_spawned":[1,5,16],"killed_by":"2 Thieves","ascension_level":11}}