{"host":"g01l53quoe6lrer0","time":1610472045,"event":{"mods":["2.2 Compatiblity","AchievementEnabler","BaseMod","Colored Map","Highlight Path","Keyboard Shortcuts","Minty Spire (QoL Compilation)","Permanent Neow","StSLib","SuperFastMode","everything is the same but u backflip on backflip"],"gold_per_floor":[119,85,85,1,1,29,29,29,55,83,106,118,149,0,0,74,74,0,0,14,14,31,31,50,67,90,5,5,20,20,35,35,111,111,128,128,140,160,160,160,160],"floor_reached":40,"playtime":1764,"items_purged":["Strike_B"],"score":746,"play_id":"ddcc0df4-100d-44ab-ad7c-7816e1b95484","local_time":"20210113022045","is_ascension_mode":true,"campfire_choices":[{"data":"Zap","floor":7.0,"key":"SMITH"},{"data":"Capacitor","floor":15.0,"key":"SMITH"},{"floor":23.0,"key":"REST"},{"floor":32.0,"key":"REST"}],"circlet_count":0,"master_deck":["AscendersBane","Strike_B+1","Defend_B+1","Defend_B","Defend_B","Zap+1","Dualcast","Stack","Blizzard","Glacier+1","Compile Driver","Stack","Hologram","Redo","Turbo+1","Buffer","Capacitor+1","Echo Form","Cold Snap+1","Go for the Eyes","Recycle+1","Chill","Reinforced Body","Machine Learning","Coolheaded+1","Hologram+1","Double Energy","Static Discharge+1"],"relics":["Cracked Core","NeowsBlessing","Akabeko","Tiny Chest","Pen Nib","Toy Ornithopter","Odd Mushroom","Matryoshka","Fusion Hammer","Smiling Mask","War Paint","Bronze Scales","Bag of Preparation","Prayer Wheel","Empty Cage","Pocketwatch"],"acts_visited":["Exordium","TheCity","TheBeyond"],"potions_floor_usage":[37,38],"damage_taken":[{"damage":0.0,"enemies":"Cultist","floor":1.0,"turns":1.0},{"damage":0.0,"enemies":"Lagavulin","floor":6.0,"turns":1.0},{"damage":0.0,"enemies":"3 Sentries","floor":10.0,"turns":1.0},{"damage":6.0,"enemies":"The Mushroom Lair","floor":11.0,"turns":5.0},{"damage":0.0,"enemies":"2 Louse","floor":12.0,"turns":2.0},{"damage":5.0,"enemies":"Lagavulin","floor":13.0,"turns":9.0},{"damage":25.0,"enemies":"The Guardian","floor":16.0,"turns":16.0},{"damage":25.0,"enemies":"2 Thieves","floor":18.0,"turns":5.0},{"damage":0.0,"enemies":"Spheric Guardian","floor":20.0,"turns":4.0},{"damage":24.0,"enemies":"Snake Plant","floor":22.0,"turns":8.0},{"damage":13.0,"enemies":"Centurion and Healer","floor":24.0,"turns":8.0},{"damage":14.0,"enemies":"Shelled Parasite and Fungi","floor":25.0,"turns":8.0},{"damage":0.0,"enemies":"Snecko","floor":29.0,"turns":6.0},{"damage":21.0,"enemies":"Cultist and Chosen","floor":31.0,"turns":10.0},{"damage":36.0,"enemies":"Collector","floor":33.0,"turns":13.0},{"damage":0.0,"enemies":"Orb Walker","floor":35.0,"turns":5.0},{"damage":4,"enemies":"3 Darklings","floor":37,"turns":4},{"damage":15,"enemies":"Jaw Worm Horde","floor":38,"turns":6},{"damage":65,"enemies":"Transient","floor":40,"turns":3}],"seed_played":"4876896549873580684","potions_obtained":[{"floor":1.0,"key":"Swift Potion"},{"floor":13.0,"key":"SpeedPotion"},{"floor":16.0,"key":"FearPotion"},{"floor":20.0,"key":"FearPotion"},{"floor":22.0,"key":"DuplicationPotion"},{"floor":29.0,"key":"Energy Potion"},{"floor":37,"key":"Dexterity Potion"}],"is_trial":false,"path_per_floor":["M","$","?","$","?","E","R","$","T","E","?","M","E","$","R","B",null,"M","?","M","T","M","R","M","M","T","?","$","M","?","M","R","B",null,"M","T","M","M","?","M"],"character_chosen":"DEFECT","items_purchased":["Blizzard","Glacier","Compile Driver","Capacitor"],"campfire_rested":2,"item_purchase_floors":[2,4,4,14],"current_hp_per_floor":[68,68,61,61,46,46,46,46,46,46,40,40,40,40,40,20,61,36,36,36,36,17,39,26,17,17,17,17,17,42,21,43,12,59,59,59,60,50,50,0,0],"gold":160,"neow_bonus":"THREE_ENEMY_KILL","is_daily":false,"chose_seed":false,"campfire_upgraded":2,"win_rate":0.0,"timestamp":1610472045,"path_taken":["M","?","?","$","?","E","R","?","T","E","?","M","E","$","R","BOSS","M","?","M","?","?","R","M","M","T","?","$","M","?","M","R","BOSS","M","?","M","M","?","M"],"items_purchased_type":["Card","Card","Card","Card"],"build_version":"2020-12-22","purchased_purges":1,"victory":false,"max_hp_per_floor":[75,75,75,75,75,75,75,75,75,75,75,75,75,75,75,75,75,75,75,75,75,75,75,75,75,75,75,75,75,75,75,75,75,75,75,75,75,75,75,75,75],"card_choices":[{"not_picked":["Reprogram","Fusion"],"picked":"Stack","floor":1.0},{"not_picked":["Storm","Compile Driver"],"picked":"Stack","floor":6.0},{"not_picked":["Compile Driver","Tempest"],"picked":"Hologram","floor":10.0},{"not_picked":["FTL","Sweeping Beam"],"picked":"Redo","floor":11.0},{"not_picked":["Go for the Eyes","Compile Driver"],"picked":"Turbo","floor":12.0},{"not_picked":["Doom and Gloom","Turbo"],"picked":"Buffer","floor":13.0},{"not_picked":["Buffer","Reboot"],"picked":"Echo Form","floor":16.0},{"not_picked":["Steam","Conserve Battery+1"],"picked":"Cold Snap+1","floor":18.0},{"not_picked":["Genetic Algorithm","Ball Lightning+1","Cold Snap"],"picked":"SKIP","floor":20.0},{"not_picked":["Beam Cell","Steam","Ball Lightning"],"picked":"SKIP","floor":22.0},{"not_picked":["Conserve Battery","Gash","Turbo"],"picked":"SKIP","floor":24.0},{"not_picked":["Auto Shields","Force Field"],"picked":"Go for the Eyes","floor":25.0},{"not_picked":["Rip and Tear","Doom and Gloom"],"picked":"Recycle+1","floor":29.0},{"not_picked":["Scrape+1","Beam Cell","Redo"],"picked":"SKIP","floor":29.0},{"not_picked":["Steam","Storm"],"picked":"Chill","floor":31.0},{"not_picked":["Reinforced Body","Steam","Blizzard"],"picked":"SKIP","floor":31.0},{"not_picked":["Steam","Blizzard"],"picked":"Reinforced Body","floor":31.0},{"not_picked":["Hyperbeam","Fission"],"picked":"Machine Learning","floor":33.0},{"not_picked":["Tempest","Go for the Eyes"],"picked":"Coolheaded+1","floor":35.0},{"not_picked":["Ball Lightning","Cold Snap","Go for the Eyes"],"picked":"SKIP","floor":35.0},{"not_picked":["Barrage","Beam Cell"],"picked":"Hologram+1","floor":37},{"not_picked":["Compile Driver+1","Auto Shields","Steam"],"picked":"SKIP","floor":37},{"not_picked":["Compile Driver+1","Auto Shields","Steam"],"picked":"SKIP","floor":37},{"not_picked":["Electrodynamics","Streamline"],"picked":"Double Energy","floor":38},{"not_picked":["Barrage","Rebound"],"picked":"Static Discharge+1","floor":38}],"player_experience":168261,"relics_obtained":[{"floor":6.0,"key":"Tiny Chest"},{"floor":9.0,"key":"Pen Nib"},{"floor":10.0,"key":"Toy Ornithopter"},{"floor":11.0,"key":"Odd Mushroom"},{"floor":13.0,"key":"Matryoshka"},{"floor":21.0,"key":"Smiling Mask"},{"floor":21.0,"key":"War Paint"},{"floor":26.0,"key":"Bronze Scales"},{"floor":26.0,"key":"Bag of Preparation"},{"floor":36.0,"key":"Pocketwatch"}],"event_choices":[{"damage_healed":0.0,"max_hp_gain":0.0,"max_hp_loss":0.0,"gold_gain":0.0,"event_name":"Scrap Ooze","player_choice":"Success","floor":3.0,"gold_loss":0.0,"damage_taken":7.0,"relics_obtained":["Akabeko"]},{"damage_healed":0.0,"max_hp_gain":0.0,"max_hp_loss":0.0,"gold_gain":0.0,"event_name":"Shining Light","player_choice":"Entered Light","floor":5.0,"gold_loss":0.0,"damage_taken":15.0,"cards_upgraded":["Strike_B","Defend_B"]},{"damage_healed":0.0,"max_hp_gain":0.0,"max_hp_loss":0.0,"gold_gain":0.0,"event_name":"Mushrooms","player_choice":"Fought Mushrooms","floor":11.0,"gold_loss":0.0,"damage_taken":0.0},{"damage_healed":0.0,"max_hp_gain":0.0,"max_hp_loss":0.0,"gold_gain":0.0,"event_name":"Addict","player_choice":"Obtained Relic","floor":27.0,"gold_loss":85.0,"damage_taken":0.0,"relics_obtained":["Prayer Wheel"]},{"damage_healed":25.0,"max_hp_gain":0.0,"max_hp_loss":0.0,"gold_gain":0.0,"event_name":"The Library","player_choice":"Heal","floor":30.0,"gold_loss":0.0,"damage_taken":0.0},{"cards_removed":["Defend_B"],"damage_healed":0,"gold_gain":0,"player_choice":"Purged","damage_taken":0,"max_hp_gain":0,"max_hp_loss":0,"event_name":"Purifier","floor":39,"gold_loss":0}],"is_beta":false,"boss_relics":[{"not_picked":["Coffee Dripper","Runic Dome"],"picked":"Fusion Hammer"},{"not_picked":["Runic Pyramid","Snecko Eye"],"picked":"Empty Cage"}],"items_purged_floors":[14],"is_endless":false,"potions_floor_spawned":[1,13,16,20,22,29,37],"killed_by":"Transient","ascension_level":13}}