{"host":"2se5dq1do2gp0x9k","time":1610428352,"event":{"mods":["AchievementEnabler","BaseMod","Block Reminder","Colored Map","Colored Powertips","Minty Spire (QoL Compilation)","Relic Stats","StSLib","SuperFastMode"],"gold_per_floor":[119,119,89,108,127,155,155,155,155],"floor_reached":8,"playtime":378,"items_purged":[],"score":101,"play_id":"addcda25-6676-4dee-9c9c-348734392f66","local_time":"20210111211232","is_ascension_mode":true,"campfire_choices":[{"data":"ForeignInfluence","floor":7,"key":"SMITH"}],"circlet_count":0,"master_deck":["AscendersBane","Strike_P","Strike_P","Strike_P","Strike_P","Defend_P","Defend_P","Defend_P","Eruption","Vigilance","MasterReality","CrushJoints","Wireheading","JustLucky","Consecrate","ForeignInfluence+1"],"relics":["PureWater","Vajra"],"acts_visited":["Exordium"],"potions_floor_usage":[6,6],"damage_taken":[{"damage":8,"enemies":"Jaw Worm","floor":1,"turns":6},{"damage":7,"enemies":"Cultist","floor":4,"turns":3},{"damage":5,"enemies":"Small Slimes","floor":5,"turns":3},{"damage":18,"enemies":"Lagavulin","floor":6,"turns":4},{"damage":32,"enemies":"Gremlin Nob","floor":8,"turns":3}],"seed_played":"2329102732590191412","potions_obtained":[{"floor":3,"key":"Swift Potion"},{"floor":3,"key":"Swift Potion"},{"floor":4,"key":"Block Potion"}],"is_trial":false,"path_per_floor":["M","?","?","M","M","E","R","E"],"character_chosen":"WATCHER","items_purchased":[],"campfire_rested":0,"item_purchase_floors":[],"current_hp_per_floor":[53,53,53,46,41,23,23,0,0],"gold":155,"neow_bonus":"ONE_RANDOM_RARE_CARD","is_daily":false,"chose_seed":false,"campfire_upgraded":1,"win_rate":0.0,"timestamp":1610428352,"path_taken":["M","?","?","M","?","E","R","E"],"items_purchased_type":[],"build_version":"2020-12-22","purchased_purges":0,"victory":false,"max_hp_per_floor":[68,68,68,68,68,68,68,68,68],"relic_stats":{"counters":[5,19],"obtain_stats":[{"Vajra":6,"PureWater":0},{"Vajra":4,"PureWater":0},{"Vajra":16,"PureWater":0}]},"card_choices":[{"not_picked":["SashWhip","InnerPeace"],"picked":"CrushJoints","floor":1},{"not_picked":["PathToVictory","Prostrate"],"picked":"JustLucky","floor":4},{"not_picked":["Prostrate","Halt"],"picked":"Consecrate","floor":5},{"not_picked":["BowlingBash","Fasting2"],"picked":"ForeignInfluence","floor":6}],"player_experience":3838761,"relics_obtained":[{"floor":6,"key":"Vajra"}],"event_choices":[{"damage_healed":0,"gold_gain":0,"cards_transformed":["Defend_P"],"player_choice":"Change","damage_taken":0,"max_hp_gain":0,"max_hp_loss":0,"event_name":"Living Wall","floor":2,"gold_loss":0,"cards_obtained":["Wireheading"]},{"damage_healed":0,"gold_gain":0,"player_choice":"Bought 2 Potions","damage_taken":0,"max_hp_gain":0,"max_hp_loss":0,"event_name":"The Woman in Blue","floor":3,"gold_loss":0}],"is_beta":false,"boss_relics":[],"items_purged_floors":[],"is_endless":false,"potions_floor_spawned":[4,5],"killed_by":"Gremlin Nob","ascension_level":16}}