{"host":"Ceyx","time":1610460371,"event":{"mods":["BaseMod","Beaked The Cultist","Better Match","Better Skull","Better Third Choice","BetterRewards","Conspire","Downfall","Hermit","Hubris","Infinite Spire","KinomotoSakuraMod(????)","Minty Spire (QoL Compilation)","Permanent Neow","Prisma Mod","Replay The Spire","Shop Mod","StSLib","The Alterego","The Jungle","The Poker Player","Waifu the Spire"],"gold_per_floor":[11,28,47,47,60,60,79,79,79,99,110,110,142,142,142,237,237,237,237],"floor_reached":18,"playtime":5515,"items_purged":[],"score":189,"play_id":"6372b513-a5fe-42bc-aa47-a73d993a1373","local_time":"20210112210611","is_ascension_mode":false,"campfire_choices":[{"data":"PrismaMod:ChloeEyeOfTheEuryale","floor":6,"key":"SMITH"},{"data":"PrismaMod:ChloeExhaustOne","floor":8,"key":"SMITH"},{"data":"ReplayTheSpireMod:Book of Names","floor":15,"key":"SMITH"}],"circlet_count":0,"master_deck":["PrismaMod:ChloeCheapAttack","PrismaMod:ChloeCheapDefend","PrismaMod:ChloeCarnivalDefend","PrismaMod:ChloeExhaustOne+1","PrismaMod:ChloeCommonAOEAttack","PrismaMod:ChloeCheapAttackTwo","PrismaMod:ChloeEyeOfTheEuryale+1","PrismaMod:ChloeCheapDefendTwo","PrismaMod:ChloeEyeOfTheEuryale","ReplayTheSpireMod:Book of Names+1","PrismaMod:ChloeAnyCommonTrace","PrismaMod:ChloeAnyCommonTrace","PrismaMod:ChloeAnyUncommonTrace","PrismaMod:ChloeCheapDefendTwo","PrismaMod:ChloeReshuffleDiscard","PrismaMod:ChloeUncommonAttack","PrismaMod:ChloeRuleBreaker","PrismaMod:ChloeExhaustTwo","PrismaMod:ChloeRhongomyniad","PrismaMod:ChloeAnyAttackTrace","PrismaMod:ChloeChristmas"],"relics":["PrismaMod:PrismaTraceOn","Onion Ring","Replay:Towering Pillar of Hats","Pandora\u0027s Box"],"acts_visited":["Exordium","Exordium"],"potions_floor_usage":[11],"damage_taken":[{"damage":5,"enemies":"Cultist","floor":1,"turns":5},{"damage":8,"enemies":"infinitespire:Voidling","floor":2,"turns":4},{"damage":0,"enemies":"conspire:RoseBush","floor":3,"turns":4},{"damage":0,"enemies":"2 Fungi Beasts","floor":5,"turns":4},{"damage":6,"enemies":"Exordium Wildlife","floor":7,"turns":2},{"damage":0,"enemies":"3 Louse","floor":10,"turns":3},{"damage":0,"enemies":"Gremlin Gang","floor":11,"turns":3},{"damage":0,"enemies":"Lagavulin","floor":13,"turns":5},{"damage":2,"enemies":"Hexaghost","floor":16,"turns":8},{"damage":0,"enemies":"theJungle:5_Spyders","floor":18,"turns":1}],"seed_played":"-6393459576000477138","potions_obtained":[{"floor":3,"key":"AttackPotion"},{"floor":5,"key":"Guardian:BlockOnCardUsePotion"},{"floor":10,"key":"sneckomod:MuddlingPotion"},{"floor":13,"key":"Death Potion"}],"is_trial":false,"path_per_floor":["M","M","M","?","M","R","M","R","T","M","M","?","E","$","R","B",null,"M"],"character_chosen":"CHLOE","items_purchased":[],"campfire_rested":0,"item_purchase_floors":[],"current_hp_per_floor":[70,69,69,69,69,69,63,63,63,63,63,45,45,45,45,43,75,75,75],"gold":237,"neow_bonus":"THREE_RARE_CARDS","is_daily":false,"chose_seed":false,"campfire_upgraded":3,"win_rate":0.0,"timestamp":1610460371,"path_taken":["M","M","M","?","?","R","M","R","T","M","M","?","E","$","R","BOSS","M"],"items_purchased_type":[],"build_version":"2020-12-18","purchased_purges":0,"victory":false,"max_hp_per_floor":[75,75,75,75,75,75,75,75,75,75,75,75,75,75,75,75,75,75,75],"card_choices":[{"not_picked":["PrismaMod:ChloeAnyCommonTrace","PrismaMod:ChloeAnyRareTrace"],"picked":"PrismaMod:ChloeCarnivalDefend","floor":0},{"not_picked":["PrismaMod:ChloeRuleBreaker","PrismaMod:ChloeDiscardRecovery"],"picked":"PrismaMod:ChloeExhaustOne","floor":1},{"not_picked":["PrismaMod:ChloeDiscardRecovery","PrismaMod:ChloeUncommonAttack"],"picked":"PrismaMod:ChloeCommonAOEAttack","floor":2},{"not_picked":["PrismaMod:ChloeCommonAOEAttack","PrismaMod:ChloeCheapDefend"],"picked":"PrismaMod:ChloeCheapAttackTwo","floor":3},{"not_picked":["PrismaMod:ChloeExhaustTwo","PrismaMod:ChloeCommonAOEAttack"],"picked":"PrismaMod:ChloeEyeOfTheEuryale","floor":5},{"not_picked":["PrismaMod:ChloeCheapDefend","PrismaMod:ChloeCommonAOEAttack"],"picked":"PrismaMod:ChloeCheapDefendTwo","floor":7},{"not_picked":["PrismaMod:ChloeDiscardRecovery","PrismaMod:ChloeCheapAttack"],"picked":"PrismaMod:ChloeEyeOfTheEuryale","floor":10},{"not_picked":["PrismaMod:ChloeBetterTracePools","PrismaMod:ChloeUncommonAOEAttack","PrismaMod:ChloeCheapDefend"],"picked":"SKIP","floor":11},{"not_picked":["infinitespire:Punishment","infinitespire:Execution"],"picked":"ReplayTheSpireMod:Book of Names","floor":12},{"not_picked":["PrismaMod:ChloeDiscardRecovery","PrismaMod:ChloeCaladbolg"],"picked":"PrismaMod:ChloeAnyCommonTrace","floor":13},{"not_picked":["PrismaMod:ChloeGreatTracePools","PrismaMod:ChloeAnyRareTrace"],"picked":"PrismaMod:ChloeAnyCommonTrace","floor":16}],"player_experience":620882,"relics_obtained":[{"floor":9,"key":"Onion Ring"},{"floor":13,"key":"Replay:Towering Pillar of Hats"}],"event_choices":[{"cards_removed":["PrismaMod:ChloeCommonAttack"],"damage_healed":0,"gold_gain":0,"player_choice":"Offered Basic","damage_taken":0,"max_hp_gain":0,"max_hp_loss":0,"event_name":"Bonfire Elementals","floor":4,"gold_loss":0}],"is_beta":true,"boss_relics":[{"not_picked":["hubris:GrandSneckoEye","Replay:Bronze Core"],"picked":"Pandora\u0027s Box"}],"items_purged_floors":[],"is_endless":false,"potions_floor_spawned":[3,5,10,13],"killed_by":"theJungle:5_Spyders","ascension_level":0}}