{"host":"cpsd6klcopw7ctxe","time":1610444819,"event":{"mods":["ATMod(°¢èªMod)","Aspiration","BaseMod","BetterRewards","Colored Powertips","KomeijiMod","Minty Spire (QoL Compilation)","MostiFishMod","Quick Restart","Remove Card Discount Mod","Replay The Spire","RumiaBox-Â¶Ã×æ«µÄÉñÃØºÐ×Ó","Shop Mod","Spicy Shops","StSLib","TestMod","Youmu£¨»êÆÇÑýÃÎ£©","¡¾ÒÅÎï¿¨ÅÆ¡¿REMEMod"],"gold_per_floor":[115,126,126,126,139,139,167,186,186,216,244,290,95,147,147,282,282,326,359,408,263,263,318,165,216,296,340,340,340,1339,1370,1370,1497,1497,1523,1553,965,993,1097,1097,1152,1152,1152,1198,1198,1237,1115,1126,1126,1160,1160,1160,1086,1129,1189],"floor_reached":56,"playtime":3682,"items_purged":["Strike_YM","Defend_YM","Strike_YM","Strike_YM","Strike_YM","Defend_YM","Defend_YM","Defend_YM","WheelOfPainOfLivingAndDead","SlashOfPresentWorld","SwordExtraction","SwordExtraction","ReplayTheSpireMod:Trickstab","AT_ShrugMaster","Lonely","Doubt","Doubt","HeavenSword","CherryBlossomFlashing+1","Doubt","Shame","Pain","Injury","ReplayTheSpireMod:Splinters"],"score":2175,"play_id":"f36524ce-0c31-4966-8af1-00922654f095","local_time":"20210112174659","is_ascension_mode":true,"campfire_choices":[{"data":"HumanGodSword","floor":6.0,"key":"SMITH"},{"data":"RapidSlash","floor":15.0,"key":"SMITH"},{"data":"HumanKnowledgeSword","floor":29.0,"key":"SMITH"},{"floor":32.0,"key":"RECALL"},{"data":"AT_EmpoweredMortalDraw","floor":40.0,"key":"SMITH"},{"data":"EchoesOfTheInclemencyOfAllBeings","floor":49.0,"key":"SMITH"}],"circlet_count":0,"master_deck":["EchoesOfTheInclemencyOfAllBeings+1","HumanGodSword+1","RapidSlash+1","HellRealmSword+1","AT_EmpoweredMortalDraw+1","SuddenPhantomFormationSlashOfKarmicWind+1"],"relics":["HalfPhantom","DaveBox","testmod-TestBox","REME_ComplimentaryCards","AT_ATBox","TimeFreeze","ExusiaiGun","Turnip","SynthV:TestCard","Juzu Bracelet","Strawberry","Replay:Bandana","White Beast Statue","MerchantsRug","ReplayTheSpireMod:Ninjato","testmod-TurbochargingSystem","AT_EbonyIvory","AT_BellowingDragoncrestRing","testmod-BlackFramedGlasses","AT_SunfireAegis","Art of War","Replay:Bottled Eggs","TheAbacus","Darkstone Periapt","Frozen Egg 2","DianDianMeat","Roukanken","AT_MortalBlade","Mummified Hand","AT_TimeSand","Potion Belt","testmod-OneHitWonder","Bottled Tornado","Regal Pillow","ImprovedEquipment","ReplayTheSpireMod:CursedCoin","Nunchaku","Pen Nib","ReplayFunnel","Ice Cream"],"acts_visited":["Exordium","TheCity","TheBeyond","TheEnding"],"potions_floor_usage":[55,55],"damage_taken":[{"damage":0.0,"enemies":"Cultist","floor":1.0,"turns":1.0},{"damage":0.0,"enemies":"Jaw Worm","floor":2.0,"turns":1.0},{"damage":0.0,"enemies":"Small Slimes","floor":5.0,"turns":1.0},{"damage":0.0,"enemies":"Gremlin Nob","floor":7.0,"turns":2.0},{"damage":0.0,"enemies":"Blue Slaver","floor":8.0,"turns":1.0},{"damage":0.0,"enemies":"Lagavulin","floor":10.0,"turns":1.0},{"damage":0.0,"enemies":"2 Fungi Beasts","floor":11.0,"turns":1.0},{"damage":0.0,"enemies":"Gremlin Nob","floor":12.0,"turns":1.0},{"damage":0.0,"enemies":"Lagavulin","floor":14.0,"turns":1.0},{"damage":0.0,"enemies":"Hexaghost","floor":16.0,"turns":1.0},{"damage":0.0,"enemies":"2 Thieves","floor":18.0,"turns":1.0},{"damage":0.0,"enemies":"Spheric Guardian","floor":19.0,"turns":1.0},{"damage":0.0,"enemies":"Shelled Parasite and Fungi","floor":20.0,"turns":1.0},{"damage":0.0,"enemies":"Slavers","floor":23.0,"turns":1.0},{"damage":0.0,"enemies":"REME_1_Revenger","floor":25.0,"turns":1.0},{"damage":0.0,"enemies":"Replay:Snechameleon","floor":27.0,"turns":1.0},{"damage":0.0,"enemies":"3 Cultists","floor":31.0,"turns":1.0},{"damage":0.0,"enemies":"Automaton","floor":33.0,"turns":1.0},{"damage":0.0,"enemies":"Orb Walker","floor":35.0,"turns":1.0},{"damage":0.0,"enemies":"3 Darklings","floor":36.0,"turns":1.0},{"damage":0.0,"enemies":"Spire Growth","floor":38.0,"turns":1.0},{"damage":2.0,"enemies":"R_Hoarder","floor":41.0,"turns":2.0},{"damage":0.0,"enemies":"Giant Head","floor":44.0,"turns":2.0},{"damage":0.0,"enemies":"R_Hoarder","floor":46.0,"turns":1.0},{"damage":0.0,"enemies":"Sphere and 2 Shapes","floor":48.0,"turns":1.0},{"damage":0.0,"enemies":"Replay:Hell Engine","floor":50.0,"turns":1.0},{"damage":0.0,"enemies":"Shield and Spear","floor":54.0,"turns":1.0},{"damage":2,"enemies":"The Heart","floor":55,"turns":3}],"seed_played":"9169897802528967140","potions_obtained":[{"floor":1.0,"key":"Explosive Potion"},{"floor":4.0,"key":"DuplicationPotion"},{"floor":4.0,"key":"Reflective Coating"},{"floor":4.0,"key":"FairyPotion"},{"floor":41.0,"key":"testmod-SpacePotion"},{"floor":44.0,"key":"Explosive Potion"}],"is_trial":false,"path_per_floor":["M","M","?","?","M","R","E","M","T","E","M","E","$","E","R","B",null,"M","M","M","$","?","E","$","E","T","E","?","R","?","M","R","B",null,"M","M","$","M","?","R","E","?","T","E","T","E","$","M","R","B",null,"R","$","E","B",null],"character_chosen":"YOUMU","items_purchased":["TimeFreeze","EchoesOfTheInclemencyOfAllBeings","HumanGodSword","MerchantsRug","CherryBlossomFlashing+1","ReplayTheSpireMod:Ninjato","AT_SunfireAegis","Art of War","TheAbacus","Mummified Hand","SynthV","AT_TimeSand","SuddenPhantomFormationSlashOfKarmicWind+1","ReplayTheSpireMod:CursedCoin","Nunchaku","Pen Nib","ReplayFunnel"],"campfire_rested":0,"item_purchase_floors":[0,0,0,13,13,13,21,21,24,37,37,37,37,47,47,47,53],"current_hp_per_floor":[51,51,51,51,51,51,58,58,58,58,58,58,58,58,58,58,82,82,82,82,82,82,82,82,82,82,82,89,89,89,89,89,89,91,91,91,104,104,115,115,114,114,114,115,115,115,127,127,127,127,127,127,127,127,127],"gold":1189,"neow_bonus":"","is_daily":false,"chose_seed":false,"campfire_upgraded":5,"win_rate":0.0,"timestamp":1610444819,"path_taken":["M","?","?","?","M","R","E","M","T","E","M","E","?","E","R","BOSS","M","M","M","$","?","E","$","E","T","E","?","R","?","M","R","BOSS","M","M","$","M","?","R","E","?","T","E","?","E","$","M","R","BOSS","R","$","E","BOSS"],"items_purchased_type":["Relic","Card","Card","Relic","Card","Relic","Relic","Relic","Relic","Relic","Relic","Relic","Card","Relic","Relic","Relic","Relic"],"build_version":"2020-12-22","purchased_purges":24,"victory":true,"max_hp_per_floor":[75,75,75,75,75,75,82,82,82,82,82,82,82,82,82,82,82,82,82,82,82,82,82,82,82,82,82,89,89,89,89,89,89,91,91,91,104,104,115,115,115,115,115,115,115,115,127,127,127,127,127,127,127,127,127],"card_choices":[{"not_picked":["PhosphoricSlash","DispleasureOfTheSevenHakus","SwordOfBindingDesires"],"picked":"SKIP","floor":1.0},{"not_picked":["ConstancyOfTheConventionalTruth","LifeCuttingSword","LowerRealmReflectionSlash","SpiritCuttingSword"],"picked":"HumanKnowledgeSword","floor":2.0},{"not_picked":["SlashOfMeditation","DispleasureOfTheSevenHakus","PhosphoricSlash","ThreeKonsSevenHakus"],"picked":"SwordExtraction","floor":5.0},{"not_picked":["SwordOfBindingDesires","ConstancyOfTheConventionalTruth","SlashOfMeditation","SlashOfDepartureFromHesitation"],"picked":"HeavenSword","floor":7.0},{"not_picked":["LowerRealmReflectionSlash","SlashOfAscensionToBuddhahood","PhosphoricSlash","TwoHundredYojanaInOneSlash"],"picked":"RapidSlash","floor":8.0},{"not_picked":["EchoesOfTheInclemencyOfAllBeings","LifeCuttingSword","SpiderLilyBurial","DoubleWheelOfPain","SlashOfDepartureFromHesitation"],"picked":"SKIP","floor":10.0},{"not_picked":["CrescentMoonSlash","SpiritMediumsBind","LifeCuttingSword","HumanKnowledgeSword"],"picked":"SwordExtraction","floor":11.0},{"not_picked":["SlashClearingTheSixSenses","EchoesOfTheInclemencyOfAllBeings","SpiritCuttingSword","DoubleWheelOfPain","SwordExtraction"],"picked":"SKIP","floor":12.0},{"not_picked":["BizarrenessOfSixRealms","SlashOfMeditation","HellFireSword","MatsuyoiReflectingSatelliteSlash","SwordExtraction"],"picked":"SKIP","floor":14.0},{"not_picked":["SlashOfTheEternalFuture","AsuraSword","HeavenGodSword","HeavenSword"],"picked":"HellRealmSword","floor":16.0},{"not_picked":["Decay","Shame","Confused","Exhaustion"],"picked":"Doubt","floor":17.0},{"not_picked":["Parasite","Writhe","Parasite","AbeCurse"],"picked":"Doubt","floor":17.0},{"not_picked":["Normality","Confused","Regret","REME_CurseOfMatryoshka"],"picked":"Lonely","floor":17.0},{"not_picked":["ConstancyOfTheConventionalTruth","SpiderLilyBurial+1","BizarrenessOfSixRealms","SanzenSekai","SpiritCuttingSword+1"],"picked":"SKIP","floor":18.0},{"not_picked":["BizarrenessOfSixRealms","SpiritMediumsBind","TwoHundredYojanaInOneSlash","ReincarnationSword","LifeCuttingSword"],"picked":"SKIP","floor":19.0},{"not_picked":["RapidSlash","CherryBlossomFlashing","BloodOfAsura","HeavenlyHaloSlash","HumanGodSword"],"picked":"SKIP","floor":20.0},{"not_picked":["PhosphoricSlash+1","ThoughtCuttingSword","LifeCuttingSword","SwordOfBindingDesires","HellRealmSword"],"picked":"SKIP","floor":23.0},{"not_picked":["PhosphoricSlash+1","ThoughtCuttingSword","LifeCuttingSword","SwordOfBindingDesires","HellRealmSword"],"picked":"SKIP","floor":23.0},{"not_picked":["PhosphoricSlash+1","ThoughtCuttingSword","LifeCuttingSword","SwordOfBindingDesires","HellRealmSword"],"picked":"SKIP","floor":23.0},{"not_picked":["ThreeKonsSevenHakus","LifeCuttingSword","ObsessionSword","KarmicPunishmentOfTheIdleAndUnfocused","ThoughtCuttingSword+1"],"picked":"SKIP","floor":25.0},{"not_picked":["KarmicPunishmentOfTheIdleAndUnfocused","SpiderLilyBurial","TurningAngelCut","SwordOfBindingDesires","DispleasureOfTheSevenHakus"],"picked":"SKIP","floor":27.0},{"not_picked":["SpiritCuttingSword","FlashingScatteredFlowers","LifeCuttingSword","PhosphoricSlash","SwordOfBindingDesires"],"picked":"SKIP","floor":31.0},{"not_picked":["SanzenSekai","HumanKnowledgeSword+1","SpiritCuttingSword+1","FlashingScatteredFlowers","SuddenPhantomFormationSlashOfKarmicWind+1"],"picked":"SKIP","floor":35.0},{"not_picked":["HeartExcerptSlash+1","HeavenlyHaloSlash+1","LowerRealmReflectionSlash","FiveSignsOfTheDyingDeva+1","SpiritCuttingSword+1"],"picked":"SKIP","floor":36.0},{"not_picked":["FlashingScatteredFlowers","BizarrenessOfSixRealms","DispleasureOfTheSevenHakus+1","FantasyOfEnteringEnlightenment","SlashOfMeditation"],"picked":"SKIP","floor":38.0},{"not_picked":["HeavenSword+1","TenKingsRetributionOnThePreta+1","SpiderLilyBurial+1","HiganSword+1","DoubleWheelOfPain"],"picked":"SKIP","floor":41.0},{"not_picked":["CrescentMoonSlash+1","SpiritCuttingSword+1","PhosphoricSlash","ConstancyOfTheConventionalTruth","MatsuyoiReflectingSatelliteSlash"],"picked":"SKIP","floor":44.0},{"not_picked":["EchoesOfTheInclemencyOfAllBeings","HellFireSword+1","HumanKnowledgeSword+1","FlashingScatteredFlowers","ConstancyOfTheConventionalTruth"],"picked":"SKIP","floor":46.0},{"not_picked":["PhosphoricSlash","SanzenSekai+1","HiganSword+1","DispleasureOfTheSevenHakus","SpiritCuttingSword"],"picked":"SKIP","floor":48.0},{"not_picked":["FourBirthsSword","CrescentMoonSlash+1","SlashOfDelusionalInnerEye+1","DispleasureOfTheSevenHakus","SwordOfBindingDesires+1"],"picked":"SKIP","floor":54.0}],"player_experience":434702,"relics_obtained":[{"floor":1.0,"key":"SynthV:TestCard"},{"floor":7.0,"key":"Strawberry"},{"floor":10.0,"key":"Replay:Bandana"},{"floor":12.0,"key":"White Beast Statue"},{"floor":14.0,"key":"testmod-TurbochargingSystem"},{"floor":23.0,"key":"Replay:Bottled Eggs"},{"floor":25.0,"key":"Darkstone Periapt"},{"floor":26.0,"key":"Frozen Egg 2"},{"floor":27.0,"key":"DianDianMeat"},{"floor":39.0,"key":"Potion Belt"},{"floor":41.0,"key":"testmod-OneHitWonder"},{"floor":43.0,"key":"Bottled Tornado"},{"floor":45.0,"key":"Regal Pillow"},{"floor":46.0,"key":"ImprovedEquipment"},{"floor":54.0,"key":"Ice Cream"}],"event_choices":[{"damage_healed":0.0,"max_hp_gain":0.0,"max_hp_loss":0.0,"gold_gain":0.0,"event_name":"WeMeetAgain","player_choice":"Gave Potion","floor":3.0,"gold_loss":0.0,"damage_taken":0.0,"relics_obtained":["Juzu Bracelet"]},{"damage_healed":0.0,"max_hp_gain":0.0,"max_hp_loss":0.0,"gold_gain":0.0,"event_name":"Lab","player_choice":"Got Potions","floor":4.0,"gold_loss":0.0,"damage_taken":0.0},{"damage_healed":0.0,"max_hp_gain":0.0,"max_hp_loss":0.0,"gold_gain":0.0,"event_name":"Ghosts","player_choice":"Ignored","floor":22.0,"gold_loss":0.0,"damage_taken":0.0},{"damage_healed":0.0,"max_hp_gain":0.0,"max_hp_loss":0.0,"gold_gain":0.0,"event_name":"Addict","player_choice":"Stole Relic","floor":28.0,"gold_loss":0.0,"damage_taken":0.0,"relics_obtained":["Roukanken"],"cards_obtained":["Shame"]},{"damage_healed":0.0,"max_hp_gain":0.0,"max_hp_loss":0.0,"gold_gain":999.0,"event_name":"¶÷ÂåË¹µÄÅÌ×Ó","player_choice":"Sell","floor":30.0,"relics_lost":["Replay:Ancient Bell"],"gold_loss":0.0,"damage_taken":0.0},{"cards_removed":["HumanKnowledgeSword"],"damage_healed":0.0,"max_hp_gain":0.0,"max_hp_loss":0.0,"gold_gain":0.0,"event_name":"Falling","player_choice":"Removed Attack","floor":42.0,"gold_loss":0.0,"damage_taken":0.0}],"is_beta":false,"boss_relics":[{"not_picked":["aspiration:SecretTechniqueScroll","SoulBox"],"picked":"Replay:Ancient Bell"},{"not_picked":["Happy Flower","aspiration:HiddenCompartment"],"picked":"AT_EbonyIvory"},{"not_picked":["Pear","AT_DeathDance"],"picked":"AT_BellowingDragoncrestRing"},{"not_picked":["ChaoDraw","Replay:PocketPolymizer"],"picked":"testmod-BlackFramedGlasses"},{"not_picked":["Empty Cage","aspiration:DefectSkillbook"],"picked":"AT_MortalBlade"}],"items_purged_floors":[0,0,0,0,0,0,0,0,13,13,13,13,13,13,21,21,21,21,21,21,37,37,47,47],"is_endless":false,"potions_floor_spawned":[1,11,12,14,16,18,19,20,23,25,27,31,33,35,36,38,41,44,46,48,54],"ascension_level":4}}