{"host":"by2xx8ri294xcjpl","time":1610460892,"event":{"mods":["BaseMod","Dota2Spire","Minty Spire (QoL Compilation)","Replay The Spire","StSLib","vexMod","【功能Mod】混沌之环修复补丁","【功能Mod】精心准备","【遗物Mod】简单游戏","【遗物卡牌】REMEMod"],"gold_per_floor":[114,125,125,125,125,168,203,253,280,280,325,79,79,122,122,222,222,246,322,322,322,138,138,178,211,237,237,272,272,313,339,339,423,423,423],"floor_reached":34,"playtime":1338,"items_purged":[],"score":1866,"play_id":"76e5903a-63e2-49a5-bdc8-e616f1ce206d","local_time":"20210112221452","daily_mods":["Allstar","Colorless Cards","Heirloom","Flight","DeadlyEvents"],"is_ascension_mode":true,"campfire_choices":[{"data":"Discovery","floor":10,"key":"SMITH"},{"data":"Searing Blow","floor":13,"key":"SMITH"},{"floor":15,"key":"DIG"},{"data":"Searing Blow+2","floor":23,"key":"SMITH"},{"data":"Searing Blow+3","floor":27,"key":"SMITH"},{"floor":32,"key":"DIG"}],"circlet_count":0,"master_deck":["AscendersBane","Strike_R","Strike_R","Strike_R+1","Strike_R","Strike_R","Defend_R+1","Defend_R","Defend_R","Defend_R","Bash","ReplayUltimateDefense","Discovery+1","REME_BattleFury","Bandage Up","ReplayTheSpireMod:Necrogeddon","REME_BodyOfCthun","Searing Blow+4","Feel No Pain","Pommel Strike","Poisoned Strike","Rampage","Exhume","REME_HeartOfCthun","Dramatic Entrance+1","REME_Scribble","Rampage","Perfected Strike","Barricade"],"relics":["Burning Blood","REME_ComplimentaryCards","EasyRelic","Dota2Spire:OctarineCore","Bloody Idol","Happy Flower","Bag of Preparation","CeramicFish","Dota2Spire:PowerTreads","Turnip","Membership Card","vexMod:FocusSash","Dota2Spire:DrumOfEndurance","HornCleat","Philosopher\u0027s Stone","Onion Ring","Simple Rune","Dota2Spire:Butterfly","Toy Ornithopter","Nunchaku","Dota2Spire:LotusOrb","Replay:Bottled Flurry","Red Skull","Dota2Spire:EyeOfSkadi","Sozu"],"acts_visited":["Exordium","TheCity","TheBeyond"],"potions_floor_usage":[7],"damage_taken":[{"damage":0,"enemies":"Cultist","floor":1,"turns":2},{"damage":0,"enemies":"Small Slimes","floor":2,"turns":4},{"damage":6,"enemies":"Lagavulin","floor":6,"turns":4},{"damage":10,"enemies":"Gremlin Nob","floor":7,"turns":3},{"damage":26,"enemies":"3 Sentries","floor":8,"turns":7},{"damage":13,"enemies":"Lagavulin","floor":11,"turns":4},{"damage":3,"enemies":"Gremlin Nob","floor":14,"turns":3},{"damage":9,"enemies":"Hexaghost","floor":16,"turns":9},{"damage":0,"enemies":"Chosen","floor":18,"turns":3},{"damage":19,"enemies":"Slavers","floor":24,"turns":4},{"damage":14,"enemies":"Book of Stabbing","floor":25,"turns":4},{"damage":14,"enemies":"Gremlin Leader","floor":28,"turns":3},{"damage":8,"enemies":"REME_1_Revenger","floor":30,"turns":4},{"damage":11,"enemies":"3 Byrds","floor":31,"turns":3},{"damage":6,"enemies":"Pondfish","floor":33,"turns":8}],"seed_played":"8015756484871724371","potions_obtained":[{"floor":2,"key":"BlessingOfTheForge"},{"floor":7,"key":"REME_GoldPotion"},{"floor":14,"key":"Dota2Spire:Clarity"}],"is_trial":true,"path_per_floor":["M","M","?","?","?","E","E","E","T","R","E","$","R","E","R","B",null,"M","T","?","?","$","R","E","E","T","R","E","T","E","M","R","B",null],"character_chosen":"IRONCLAD","items_purchased":["Membership Card","vexMod:FocusSash","REME_HeartOfCthun","Simple Rune"],"campfire_rested":0,"item_purchase_floors":[12,12,22,22],"current_hp_per_floor":[75,75,68,68,73,73,69,53,53,53,50,50,50,59,59,60,71,75,75,75,75,75,75,75,72,75,75,75,75,79,81,86,88,88,88],"gold":423,"neow_bonus":"","is_daily":false,"chose_seed":false,"campfire_upgraded":4,"win_rate":0.0,"timestamp":1610460892,"path_taken":["M","?","?","?","?","E","E","E","T","R","E","$","R","?","R","BOSS","M","?","?","?","$","R","E","?","T","R","E","?","E","M","R","BOSS"],"items_purchased_type":["Relic","Relic","Card","Relic"],"build_version":"2020-12-22","purchased_purges":0,"victory":false,"max_hp_per_floor":[75,75,68,68,73,73,73,73,73,73,73,73,73,75,75,75,75,75,75,75,75,75,75,75,75,75,75,75,75,79,81,86,88,88,88],"card_choices":[{"not_picked":["Impatience","Hemokinesis","Life Link"],"picked":"SKIP","floor":1},{"not_picked":["REME_FearOfPain","ReplayTheSpireMod:LeadingStrike"],"picked":"Searing Blow","floor":2},{"not_picked":["Intimidate","Carnage"],"picked":"Feel No Pain","floor":6},{"not_picked":["REME_TheLastStrike","Clash","Armaments"],"picked":"SKIP","floor":7},{"not_picked":["Twin Strike","Shrug It Off"],"picked":"Pommel Strike","floor":8},{"not_picked":["Life Link","REME_FearOfPain"],"picked":"Poisoned Strike","floor":11},{"not_picked":["Hemokinesis","Cleave"],"picked":"Rampage","floor":14},{"not_picked":["ReplayTheSpireMod:Brewmster","Secret Technique"],"picked":"Exhume","floor":16},{"not_picked":["Clothesline","Carnage","Battle Trance+1"],"picked":"SKIP","floor":18},{"not_picked":["Blind","REME_Cut"],"picked":"Dramatic Entrance+1","floor":24},{"not_picked":["ReplayTheSpireMod:Private Reserves","Headbutt","vexMod:EmailVexCard"],"picked":"SKIP","floor":25},{"not_picked":["Clash","Sentinel"],"picked":"REME_Scribble","floor":28},{"not_picked":["Survey Options","Replay:Parry"],"picked":"Rampage","floor":30},{"not_picked":["Body Slam","Sword Boomerang"],"picked":"Perfected Strike","floor":31},{"not_picked":["The Bomb","Exhume"],"picked":"Barricade","floor":33}],"player_experience":17319,"relics_obtained":[{"floor":6,"key":"Happy Flower"},{"floor":7,"key":"Bag of Preparation"},{"floor":8,"key":"CeramicFish"},{"floor":9,"key":"Dota2Spire:PowerTreads"},{"floor":11,"key":"Turnip"},{"floor":14,"key":"Dota2Spire:DrumOfEndurance"},{"floor":15,"key":"HornCleat"},{"floor":19,"key":"Onion Ring"},{"floor":24,"key":"Dota2Spire:Butterfly"},{"floor":25,"key":"Toy Ornithopter"},{"floor":26,"key":"Nunchaku"},{"floor":28,"key":"Dota2Spire:LotusOrb"},{"floor":29,"key":"Replay:Bottled Flurry"},{"floor":30,"key":"Red Skull"},{"floor":32,"key":"Dota2Spire:EyeOfSkadi"}],"event_choices":[{"damage_healed":0,"gold_gain":0,"player_choice":"Lose Max HP","damage_taken":0,"relics_obtained":["Golden Idol"],"max_hp_gain":0,"max_hp_loss":7,"event_name":"Golden Idol","floor":3,"gold_loss":0},{"damage_healed":0,"gold_gain":0,"player_choice":"Leave","damage_taken":0,"max_hp_gain":0,"max_hp_loss":0,"event_name":"The Cleric","floor":4,"gold_loss":0},{"damage_healed":0,"gold_gain":0,"player_choice":"Donut","damage_taken":0,"max_hp_gain":5,"max_hp_loss":0,"event_name":"Big Fish","floor":5,"gold_loss":0},{"damage_healed":0,"gold_gain":0,"player_choice":"Gave Idol","damage_taken":0,"relics_obtained":["Bloody Idol"],"max_hp_gain":0,"max_hp_loss":0,"event_name":"Forgotten Altar","floor":20,"relics_lost":["Golden Idol"],"gold_loss":0},{"damage_healed":0,"gold_gain":0,"player_choice":"Forge","damage_taken":0,"max_hp_gain":0,"max_hp_loss":0,"event_name":"Accursed Blacksmith","floor":21,"gold_loss":0,"cards_upgraded":["Searing Blow"]}],"is_beta":false,"boss_relics":[{"not_picked":["Replay:Drink Me","Runic Dome"],"picked":"Philosopher\u0027s Stone"},{"not_picked":["Black Blood","Astrolabe"],"picked":"Sozu"}],"items_purged_floors":[],"is_endless":true,"potions_floor_spawned":[2,7,14,24,28,33],"ascension_level":20}}