{"host":"3y2rtlgteqp2nuo3","time":1610444492,"event":{"mods":["2.2 Compatiblity","AchievementEnabler","BaseMod","Colored Map","DeckTracker","Highlight Path","Keyboard Shortcuts","Minty Spire (QoL Compilation)","Permanent Neow","Quick Restart","StSLib","SuperFastMode","everything is the same but u backflip on backflip"],"gold_per_floor":[109,122,132,145,164,164,189,189,214,214,234,252,276,201,201,306,315,328,353,390,413,56,56,95,95,146,167,127,136,153,165,165,269,341,364,414,427,155,155,155,155,166,189,189,189,189],"floor_reached":45,"playtime":1379,"items_purged":["Strike_G","Strike_G","Storm of Steel"],"score":741,"play_id":"a6568df8-b9ce-4376-b5a4-44090b921f1a","local_time":"20210112184132","is_ascension_mode":true,"campfire_choices":[{"data":"Poisoned Stab","floor":6.0,"key":"SMITH"},{"data":"Deadly Poison","floor":10.0,"key":"SMITH"},{"data":"Bouncing Flask","floor":15.0,"key":"SMITH"},{"floor":23.0,"key":"REST"},{"floor":25.0,"key":"REST"},{"floor":29.0,"key":"REST"},{"floor":32.0,"key":"REST"},{"floor":41.0,"key":"REST"},{"floor":44,"key":"REST"}],"circlet_count":0,"master_deck":["AscendersBane","Survivor","Neutralize+1","Tools of the Trade","Dagger Throw+1","Poisoned Stab+1","Catalyst","Underhanded Strike","Footwork","Deadly Poison+1","Bouncing Flask+1","Outmaneuver","Burst","CurseOfTheBell","Dodge and Roll","Crippling Poison","Blur","Wraith Form v2+1","Footwork+1","Noxious Fumes+1","Corpse Explosion","After Image+1","Night Terror","Doppelganger","After Image+1","A Thousand Cuts+1","Finisher","Storm of Steel","Catalyst+1"],"relics":["Ring of the Snake","Pen Nib","CeramicFish","Calling Bell","Happy Flower","Frozen Egg 2","Tough Bandages","Red Mask","Pantograph","Bag of Preparation","Dream Catcher","Pandora\u0027s Box","TungstenRod","Lantern","Whetstone"],"acts_visited":["Exordium","TheCity","TheBeyond"],"potions_floor_usage":[42,42,42],"damage_taken":[{"damage":2.0,"enemies":"Jaw Worm","floor":1.0,"turns":6.0},{"damage":4.0,"enemies":"Small Slimes","floor":2.0,"turns":3.0},{"damage":0.0,"enemies":"Cultist","floor":3.0,"turns":3.0},{"damage":4.0,"enemies":"2 Fungi Beasts","floor":4.0,"turns":4.0},{"damage":5.0,"enemies":"Exordium Wildlife","floor":5.0,"turns":4.0},{"damage":11.0,"enemies":"Lagavulin","floor":7.0,"turns":8.0},{"damage":7.0,"enemies":"Exordium Thugs","floor":11.0,"turns":5.0},{"damage":0.0,"enemies":"Looter","floor":12.0,"turns":4.0},{"damage":0.0,"enemies":"Large Slime","floor":13.0,"turns":4.0},{"damage":36.0,"enemies":"Hexaghost","floor":16.0,"turns":6.0},{"damage":2.0,"enemies":"Chosen","floor":18.0,"turns":4.0},{"damage":1.0,"enemies":"Spheric Guardian","floor":19.0,"turns":5.0},{"damage":26.0,"enemies":"Masked Bandits","floor":20.0,"turns":6.0},{"damage":24.0,"enemies":"Cultist and Chosen","floor":21.0,"turns":5.0},{"damage":10.0,"enemies":"Book of Stabbing","floor":24.0,"turns":4.0},{"damage":15.0,"enemies":"Sentry and Sphere","floor":27.0,"turns":6.0},{"damage":10.0,"enemies":"Centurion and Healer","floor":30.0,"turns":7.0},{"damage":21.0,"enemies":"Shelled Parasite and Fungi","floor":31.0,"turns":7.0},{"damage":53.0,"enemies":"Collector","floor":33.0,"turns":8.0},{"damage":25.0,"enemies":"3 Darklings","floor":35.0,"turns":4.0},{"damage":15.0,"enemies":"Mind Bloom Boss Battle","floor":36.0,"turns":4.0},{"damage":11.0,"enemies":"Orb Walker","floor":37.0,"turns":3.0},{"damage":0.0,"enemies":"Reptomancer","floor":40.0,"turns":1.0},{"damage":39,"enemies":"Writhing Mass","floor":42,"turns":6},{"damage":32,"enemies":"Spire Growth","floor":45,"turns":3}],"seed_played":"3266573975133991642","potions_obtained":[{"floor":4.0,"key":"GamblersBrew"},{"floor":5.0,"key":"Fire Potion"},{"floor":7.0,"key":"DistilledChaos"},{"floor":11.0,"key":"GhostInAJar"},{"floor":20.0,"key":"Dexterity Potion"},{"floor":24.0,"key":"Swift Potion"},{"floor":27.0,"key":"Dexterity Potion"},{"floor":28.0,"key":"Ancient Potion"},{"floor":28.0,"key":"DuplicationPotion"},{"floor":33.0,"key":"Block Potion"},{"floor":35.0,"key":"SmokeBomb"},{"floor":36.0,"key":"EntropicBrew"}],"is_trial":false,"path_per_floor":["M","M","M","M","M","R","E","?","T","R","M","M","M","$","R","B",null,"M","M","?","M","$","R","E","R","T","M","?","R","M","M","R","B",null,"M","?","M","$","?","E","R","M","T","R","M"],"character_chosen":"THE_SILENT","items_purchased":["Pantograph","Lantern"],"campfire_rested":6,"item_purchase_floors":[22,38],"current_hp_per_floor":[61,57,57,53,48,48,37,60,60,60,53,53,53,53,53,17,57,55,54,28,4,4,25,15,36,36,21,21,42,32,11,32,4,54,29,39,28,28,28,28,47,8,8,27,0,0],"gold":189,"neow_bonus":"ONE_RANDOM_RARE_CARD","is_daily":false,"chose_seed":false,"campfire_upgraded":3,"win_rate":0.0,"timestamp":1610444492,"path_taken":["M","M","M","M","M","R","E","?","T","R","M","M","M","$","R","BOSS","M","M","?","M","$","R","E","R","T","M","?","R","M","?","R","BOSS","M","?","M","$","?","E","R","M","T","R","M"],"items_purchased_type":["Relic","Relic"],"build_version":"2020-12-22","purchased_purges":3,"victory":false,"max_hp_per_floor":[70,70,70,70,70,70,70,70,70,70,70,70,70,70,70,70,70,70,70,70,70,70,70,70,70,70,70,70,70,70,70,70,70,70,70,70,70,70,66,66,66,66,66,66,66,66],"card_choices":[{"not_picked":["PiercingWail","Skewer"],"picked":"Dagger Throw","floor":1.0},{"not_picked":["Quick Slash","Slice"],"picked":"Poisoned Stab","floor":2.0},{"not_picked":["Dagger Throw","Quick Slash"],"picked":"Catalyst","floor":3.0},{"not_picked":["Endless Agony","All Out Attack"],"picked":"Underhanded Strike","floor":4.0},{"not_picked":["Quick Slash","Endless Agony"],"picked":"Footwork","floor":5.0},{"not_picked":["Concentrate","Cloak And Dagger"],"picked":"Deadly Poison","floor":7.0},{"not_picked":["Heel Hook","Underhanded Strike"],"picked":"Bouncing Flask","floor":11.0},{"not_picked":["Bane","Quick Slash","Caltrops"],"picked":"SKIP","floor":12.0},{"not_picked":["Infinite Blades","Grand Finale"],"picked":"Outmaneuver","floor":13.0},{"not_picked":["Phantasmal Killer","Tools of the Trade"],"picked":"Burst","floor":16.0},{"not_picked":["Sucker Punch","Terror","Choke+1"],"picked":"SKIP","floor":18.0},{"not_picked":["Caltrops+1","Expertise"],"picked":"Dodge and Roll","floor":19.0},{"not_picked":["Acrobatics","All Out Attack"],"picked":"Crippling Poison","floor":20.0},{"not_picked":["Acrobatics","Deflect"],"picked":"Blur","floor":21.0},{"not_picked":["PiercingWail","Dagger Throw+1"],"picked":"Wraith Form v2+1","floor":24.0},{"not_picked":["Dagger Throw","Cloak And Dagger"],"picked":"Footwork+1","floor":27.0},{"not_picked":["Flechettes","Flying Knee"],"picked":"Noxious Fumes+1","floor":29.0},{"not_picked":["Quick Slash","Bane+1","Slice"],"picked":"SKIP","floor":30.0},{"not_picked":["Cloak And Dagger","Quick Slash+1","Dagger Spray"],"picked":"SKIP","floor":31.0},{"not_picked":["Grand Finale","A Thousand Cuts+1"],"picked":"Corpse Explosion","floor":33.0},{"not_picked":["Prepared","Acrobatics+1"],"picked":"Catalyst+1","floor":35.0},{"not_picked":["Outmaneuver+1","Phantasmal Killer","Slice"],"picked":"SKIP","floor":37.0},{"not_picked":["Expertise","Deflect+1","Acrobatics+1"],"picked":"SKIP","floor":42}],"player_experience":682194,"relics_obtained":[{"floor":7.0,"key":"Pen Nib"},{"floor":9.0,"key":"CeramicFish"},{"floor":17.0,"key":"Happy Flower"},{"floor":17.0,"key":"Frozen Egg 2"},{"floor":17.0,"key":"Tough Bandages"},{"floor":20.0,"key":"Red Mask"},{"floor":24.0,"key":"Bag of Preparation"},{"floor":26.0,"key":"Dream Catcher"},{"floor":36.0,"key":"TungstenRod"},{"floor":43,"key":"Whetstone"}],"event_choices":[{"damage_healed":23.0,"max_hp_gain":0.0,"max_hp_loss":0.0,"gold_gain":0.0,"event_name":"Big Fish","player_choice":"Banana","floor":8.0,"gold_loss":0.0,"damage_taken":0.0},{"damage_healed":0.0,"max_hp_gain":0.0,"max_hp_loss":0.0,"gold_gain":0.0,"event_name":"Masked Bandits","player_choice":"Fought Bandits","floor":20.0,"gold_loss":0.0,"damage_taken":0.0},{"damage_healed":0.0,"max_hp_gain":0.0,"max_hp_loss":0.0,"gold_gain":0.0,"event_name":"The Woman in Blue","player_choice":"Bought 3 Potions","floor":28.0,"gold_loss":0.0,"damage_taken":0.0},{"damage_healed":0.0,"max_hp_gain":0.0,"max_hp_loss":0.0,"gold_gain":0.0,"event_name":"MindBloom","player_choice":"Fight","floor":36.0,"gold_loss":0.0,"damage_taken":0.0},{"damage_healed":0.0,"max_hp_gain":0.0,"max_hp_loss":4.0,"gold_gain":0.0,"event_name":"Winding Halls","player_choice":"Max HP","floor":39.0,"gold_loss":0.0,"damage_taken":0.0}],"is_beta":false,"boss_relics":[{"not_picked":["Coffee Dripper","Velvet Choker"],"picked":"Calling Bell"},{"not_picked":["Tiny House","Runic Pyramid"],"picked":"Pandora\u0027s Box"}],"items_purged_floors":[14,22,38],"is_endless":false,"potions_floor_spawned":[4,5,7,11,12,13,20,24,27,30,33,35,36],"killed_by":"Spire Growth","ascension_level":10}}