{"host":"TheHustler","time":1610458351,"event":{"mods":["BaseMod","Block Reminder","Colored Map","Colored Powertips","Minty Spire (QoL Compilation)","Quick Restart","StSLib","SuperFastMode","Unceasing Turn Reminder"],"gold_per_floor":[109,109,124,124,142,142,177,195,219,229,229,248,261,274,274,274,274],"floor_reached":16,"playtime":392,"items_purged":[],"score":106,"play_id":"10e1629f-e67f-4290-851e-90bc89d8fb12","local_time":"20210112143231","is_ascension_mode":false,"campfire_choices":[{"data":"Dash","floor":6,"key":"SMITH"},{"data":"Underhanded Strike","floor":15,"key":"SMITH"}],"circlet_count":0,"master_deck":["Strike_G","Strike_G","Strike_G","Strike_G","Strike_G","Defend_G","Defend_G","Defend_G","Defend_G","Defend_G","Survivor","Neutralize+1","Heel Hook","Pain","Dash+1","Heel Hook","Calculated Gamble","PiercingWail","Prepared","Underhanded Strike+1","Dagger Throw"],"relics":["Ring of the Snake","WarpedTongs","Lantern","Juzu Bracelet","Nunchaku"],"acts_visited":["Exordium"],"potions_floor_usage":[16,16,16],"damage_taken":[{"damage":0,"enemies":"Small Slimes","floor":1,"turns":3},{"damage":3,"enemies":"Cultist","floor":3,"turns":3},{"damage":3,"enemies":"2 Louse","floor":5,"turns":3},{"damage":18,"enemies":"3 Sentries","floor":7,"turns":9},{"damage":5,"enemies":"Red Slaver","floor":8,"turns":2},{"damage":5,"enemies":"Exordium Thugs","floor":10,"turns":6},{"damage":8,"enemies":"Blue Slaver","floor":12,"turns":4},{"damage":1,"enemies":"2 Fungi Beasts","floor":13,"turns":4},{"damage":0,"enemies":"Exordium Wildlife","floor":14,"turns":2},{"damage":31,"enemies":"The Guardian","floor":16,"turns":13}],"seed_played":"-6862649100060847033","potions_obtained":[{"floor":5,"key":"DistilledChaos"},{"floor":7,"key":"SkillPotion"},{"floor":8,"key":"GamblersBrew"},{"floor":10,"key":"Strength Potion"}],"is_trial":false,"path_per_floor":["M","?","M","?","M","R","E","M","T","M","?","M","M","M","R","B"],"character_chosen":"THE_SILENT","items_purchased":[],"campfire_rested":0,"item_purchase_floors":[],"current_hp_per_floor":[70,70,67,67,64,64,46,41,41,36,36,28,27,27,27,0,0],"gold":274,"neow_bonus":"UPGRADE_CARD","is_daily":false,"chose_seed":false,"campfire_upgraded":2,"win_rate":0.0,"timestamp":1610458351,"path_taken":["M","?","?","?","M","R","E","M","T","M","?","M","M","M","R","BOSS"],"items_purchased_type":[],"build_version":"2020-12-18","purchased_purges":0,"victory":false,"max_hp_per_floor":[70,70,70,70,70,70,70,70,70,70,70,70,70,70,70,70,70],"card_choices":[{"not_picked":["Dagger Throw","Eviscerate"],"picked":"Heel Hook","floor":1},{"not_picked":["Flying Knee","Acrobatics"],"picked":"Dash","floor":3},{"not_picked":["Caltrops","Predator"],"picked":"Dash","floor":5},{"not_picked":["Slice","Deadly Poison"],"picked":"Heel Hook","floor":7},{"not_picked":["Deadly Poison","Dodge and Roll"],"picked":"Calculated Gamble","floor":8},{"not_picked":["Cloak And Dagger","Calculated Gamble"],"picked":"PiercingWail","floor":10},{"not_picked":["Backflip","Dodge and Roll"],"picked":"Prepared","floor":12},{"not_picked":["Slice","Dodge and Roll"],"picked":"Underhanded Strike","floor":13},{"not_picked":["Bane","Slice"],"picked":"Dagger Throw","floor":14}],"player_experience":628530,"relics_obtained":[{"floor":7,"key":"Juzu Bracelet"},{"floor":9,"key":"Nunchaku"}],"event_choices":[{"damage_healed":0,"gold_gain":0,"player_choice":"Rummage","damage_taken":0,"relics_obtained":["WarpedTongs"],"max_hp_gain":0,"max_hp_loss":0,"event_name":"Accursed Blacksmith","floor":2,"gold_loss":0,"cards_obtained":["Pain"]},{"cards_removed":["Dash"],"damage_healed":0,"gold_gain":0,"player_choice":"Gave Card","damage_taken":0,"relics_obtained":["Lantern"],"max_hp_gain":0,"max_hp_loss":0,"event_name":"WeMeetAgain","floor":4,"gold_loss":0},{"damage_healed":0,"gold_gain":0,"player_choice":"Ignored","damage_taken":0,"max_hp_gain":0,"max_hp_loss":0,"event_name":"Liars Game","floor":11,"gold_loss":0}],"is_beta":true,"boss_relics":[],"items_purged_floors":[],"is_endless":false,"potions_floor_spawned":[5,7,8,10],"killed_by":"The Guardian","ascension_level":0}}