{"host":"wfcf39wm1vkwpcs0","time":1610432219,"event":{"mods":["BaseMod","Hermit","Minty Spire (QoL Compilation)","StSLib","The Cursed","The Necromancer","The Servant 0.9.4"],"gold_per_floor":[109,0,0,0,15,41,41,59,135,135,135,135,135],"floor_reached":12,"playtime":538,"items_purged":[],"score":76,"play_id":"88eded2f-0b34-4ed9-af5d-e44a295a7401","local_time":"20210112141659","is_ascension_mode":false,"campfire_choices":[{"floor":7,"key":"RECALL"},{"floor":11,"key":"REST"}],"circlet_count":0,"master_deck":["Strike_G","Strike_G","Strike_G","Strike_G","Strike_G","Defend_G","Defend_G","Defend_G","Defend_G","Survivor","Neutralize","Eviscerate","Skewer","Calculated Gamble","Outmaneuver","Dagger Throw","Quick Slash"],"relics":["Ring of the Snake","Smiling Mask"],"acts_visited":["Exordium"],"potions_floor_usage":[],"damage_taken":[{"damage":1,"enemies":"Cultist","floor":1,"turns":4},{"damage":5,"enemies":"Jaw Worm","floor":5,"turns":4},{"damage":30,"enemies":"Lagavulin","floor":6,"turns":9},{"damage":5,"enemies":"Small Slimes","floor":8,"turns":2},{"damage":112,"enemies":"Gremlin Nob","floor":12,"turns":6}],"seed_played":"-4634705239657203848","potions_obtained":[],"is_trial":false,"path_per_floor":["M","$","?","$","M","E","R","M","T","?","R","E"],"character_chosen":"THE_SILENT","items_purchased":["Skewer","Calculated Gamble"],"campfire_rested":1,"item_purchase_floors":[2,2],"current_hp_per_floor":[76,76,76,76,71,41,41,36,36,61,77,0,0],"gold":135,"neow_bonus":"TEN_PERCENT_HP_BONUS","is_daily":false,"chose_seed":false,"campfire_upgraded":0,"win_rate":0.0,"timestamp":1610432219,"path_taken":["M","?","?","$","M","E","R","?","T","?","R","E"],"items_purchased_type":["Card","Card"],"build_version":"2020-12-22","purchased_purges":0,"victory":false,"max_hp_per_floor":[77,77,77,77,77,77,77,77,77,77,77,77,77],"card_choices":[{"not_picked":["Slice","PiercingWail"],"picked":"Eviscerate","floor":1},{"not_picked":["Flying Knee","Skewer"],"picked":"Outmaneuver","floor":5},{"not_picked":["Flying Knee","Underhanded Strike"],"picked":"Dagger Throw","floor":6},{"not_picked":["Malaise","Acrobatics"],"picked":"Quick Slash","floor":8}],"player_experience":131233,"relics_obtained":[{"floor":6,"key":"Smiling Mask"}],"event_choices":[{"cards_removed":["Defend_G"],"damage_healed":0,"gold_gain":0,"player_choice":"Card Removal","damage_taken":0,"max_hp_gain":0,"max_hp_loss":0,"event_name":"Wheel of Change","floor":3,"gold_loss":0},{"damage_healed":25,"gold_gain":0,"player_choice":"Banana","damage_taken":0,"max_hp_gain":0,"max_hp_loss":0,"event_name":"Big Fish","floor":10,"gold_loss":0}],"is_beta":false,"boss_relics":[],"items_purged_floors":[],"is_endless":false,"potions_floor_spawned":[],"killed_by":"Gremlin Nob","ascension_level":0}}