{"host":"grooae7peokc63vv","time":1610467403,"event":{"mods":["ATMod(阿瑾Mod)","BaseMod","Minty Spire (QoL Compilation)","MostiFishMod","Replay The Spire","StSLib","TestMod"],"gold_per_floor":[109,120,120,136,136,136,163,163,163,182,207,219,149,177,177,272,272,291,831,398,409,422,456,381,396,396,426,436,264,277,311,311,409,409,422,422,422,436,449,483,533,563,563,576,610,624,638,671,671,671],"floor_reached":51,"playtime":2615,"items_purged":[],"score":1877,"play_id":"a9dd2ac8-7c79-4ddf-a586-e5e7d1e67dc5","local_time":"20210113000323","is_ascension_mode":true,"campfire_choices":[{"data":"Armaments","floor":6,"key":"SMITH"},{"data":"Searing Blow","floor":8,"key":"SMITH"},{"data":"Searing Blow+1","floor":15,"key":"SMITH"},{"data":"MostiFishMod:RacingGame","floor":32,"key":"SMITH"},{"data":"MostiFishMod:RacingGame","floor":49,"key":"SMITH"}],"circlet_count":0,"master_deck":["Strike_R","Strike_R","Strike_R","Strike_R","Strike_R","Defend_R","Defend_R","Defend_R","Defend_R","Bash","AT_IchimonjiDouble","Spot Weakness","Searing Blow+2","Armaments+1","Run Through","Feed","Armaments","Flex","MostiFishMod:#F4004+1","MostiFishMod:RacingGame+1","MostiFishMod:PerfectForm","Writhe","Sickly","Feed","Limit Break","Limit Break","MostiFishMod:RacingGame+1"],"relics":["DaveBox","testmod-TestBox","AT_ATBox","testmod-AscensionHeart","Transparent","SynthV:TestCard","Question Card","DaveBox","Transparent","AT_SeraphEmbrace","Lantern","Regal Pillow","Orichalcum","FeatherPendant","Membership Card","ReplayTheSpireMod:Ninjato","Divine Protection","Bronze Scales","ReplayTheSpireMod:Lightbulb","Gremlin Food","Bag of Preparation","testmod-CardMagician","Ring of Hypnosis","ReplayTheSpireMod:Ring of Collecting","Onion Ring","Ginger","Pet Ghost","Ring of Peace","AT_TimeSand","Mercury Hourglass","Sundial"],"acts_visited":["Exordium","TheCity","TheBeyond"],"potions_floor_usage":[],"damage_taken":[{"damage":8,"enemies":"Jaw Worm","floor":1,"turns":1},{"damage":8,"enemies":"2 Louse","floor":2,"turns":1},{"damage":16,"enemies":"Cultist","floor":4,"turns":2},{"damage":32,"enemies":"3 Sentries","floor":7,"turns":2},{"damage":16,"enemies":"Exordium Thugs","floor":10,"turns":1},{"damage":32,"enemies":"Gremlin Nob","floor":11,"turns":2},{"damage":32,"enemies":"2 Fungi Beasts","floor":12,"turns":2},{"damage":18,"enemies":"Lagavulin","floor":14,"turns":1},{"damage":89,"enemies":"The Guardian","floor":16,"turns":4},{"damage":20,"enemies":"Spheric Guardian","floor":18,"turns":1},{"damage":12,"enemies":"Shell Parasite","floor":21,"turns":1},{"damage":12,"enemies":"Centurion and Healer","floor":22,"turns":1},{"damage":12,"enemies":"Slavers","floor":23,"turns":1},{"damage":36,"enemies":"Shelled Parasite and Fungi","floor":25,"turns":2},{"damage":39,"enemies":"Replay:Snechameleon","floor":27,"turns":2},{"damage":36,"enemies":"Sentry and Sphere","floor":28,"turns":2},{"damage":16,"enemies":"Snake Plant","floor":30,"turns":1},{"damage":40,"enemies":"Slavers","floor":31,"turns":2},{"damage":16,"enemies":"Champ","floor":33,"turns":1},{"damage":46,"enemies":"3 Shapes","floor":35,"turns":2},{"damage":44,"enemies":"3 Darklings","floor":38,"turns":2},{"damage":22,"enemies":"Writhing Mass","floor":39,"turns":3},{"damage":20,"enemies":"Reptomancer","floor":40,"turns":2},{"damage":24,"enemies":"Mind Bloom Boss Battle","floor":41,"turns":3},{"damage":48,"enemies":"R_Hoarder","floor":42,"turns":2},{"damage":44,"enemies":"Spire Growth","floor":44,"turns":3},{"damage":14,"enemies":"Giant Head","floor":45,"turns":1},{"damage":18,"enemies":"3 Darklings","floor":46,"turns":3},{"damage":42,"enemies":"Transient","floor":47,"turns":2},{"damage":15,"enemies":"Reptomancer","floor":48,"turns":1},{"damage":81,"enemies":"Donu and Deca","floor":50,"turns":6}],"seed_played":"-124812941999963875","potions_obtained":[{"floor":7,"key":"Adrenaline Potion"},{"floor":10,"key":"ColorlessPotion"},{"floor":11,"key":"Block Potion"},{"floor":25,"key":"Elixir"}],"is_trial":false,"path_per_floor":["M","M","?","M","?","R","E","R","T","M","E","M","$","E","R","B",null,"M","?","$","M","M","E","?","M","T","E","M","$","M","E","R","B",null,"M","?","?","M","M","E","?","E","T","M","E","M","M","E","R","B",null],"character_chosen":"IRONCLAD","items_purchased":["Combust","Membership Card","ReplayTheSpireMod:Ninjato","Divine Protection","Armaments","Flex","MostiFishMod:PerfectForm","Gremlin Food"],"campfire_rested":0,"item_purchase_floors":[13,20,20,20,20,20,29,29],"current_hp_per_floor":[88,88,63,88,88,88,88,88,88,88,88,91,91,95,95,103,103,103,46,46,106,106,110,110,113,113,116,120,120,120,123,123,128,128,131,131,131,134,138,138,142,146,146,149,149,149,153,153,153,161],"gold":671,"neow_bonus":"TEN_PERCENT_HP_BONUS","is_daily":false,"chose_seed":false,"campfire_upgraded":5,"win_rate":0.0,"timestamp":1610467403,"path_taken":["M","M","?","M","?","R","E","R","T","M","E","M","?","E","R","BOSS","M","?","?","M","M","E","?","M","T","E","M","$","M","E","R","BOSS","M","?","?","M","M","E","?","E","T","M","E","M","M","E","R","BOSS"],"items_purchased_type":["Card","Relic","Relic","Relic","Card","Card","Card","Relic"],"build_version":"2020-12-22","purchased_purges":0,"victory":true,"max_hp_per_floor":[88,88,88,88,88,88,88,88,88,88,88,91,91,95,95,103,103,103,103,103,106,106,110,110,113,113,116,120,120,120,123,123,128,128,131,131,131,134,138,138,142,146,146,149,149,149,153,153,153,161],"card_choices":[{"not_picked":["Body Slam","Sword Boomerang"],"picked":"Spot Weakness","floor":1},{"not_picked":["Intimidate","Whirlwind","Cleave","Uppercut"],"picked":"Searing Blow","floor":2},{"not_picked":["ReplayTheSpireMod:Limb From Limb","Clash","Headbutt","Twin Strike","Combust"],"picked":"Armaments","floor":4},{"not_picked":["MostiFishMod:TemporaryOutbreak","Juggernaut","Immolate","Bludgeon","Juggernaut","MostiFishMod:TemporaryOutbreak"],"picked":"SKIP","floor":7},{"not_picked":["Clothesline","Shrug It Off","Sword Boomerang","Twin Strike","Disarm"],"picked":"Run Through","floor":10},{"not_picked":["Offering","Barricade","MostiFishMod:DarkDeal","MostiFishMod:Mania","MostiFishMod:NewArrival"],"picked":"Feed","floor":11},{"not_picked":["MostiFishMod:RainCloud","Twin Strike","AT_IchimonjiDouble","Pummel","ReplayTheSpireMod:Strike From Hell","AT_BodySlamDance"],"picked":"SKIP","floor":12},{"not_picked":["Berserk","Berserk","Replay:Many Hands","MostiFishMod:Mania","MostiFishMod:PerfectStrikeMKII","Offering"],"picked":"SKIP","floor":14},{"not_picked":["Warcry","Wild Strike","ReplayTheSpireMod:Strike From Hell","AT_DiedThrough","Headbutt","AT_BodySlamDance"],"picked":"SKIP","floor":18},{"not_picked":["Whirlwind+1","Barricade","True Grit+1","Warcry","Pummel"],"picked":"MostiFishMod:#F4004+1","floor":21},{"not_picked":["Perfected Strike+1","Abandon","Clash+1","Battle Trance","Twin Strike","Metallicize"],"picked":"SKIP","floor":22},{"not_picked":["Eclipse","Reaper","Reaper","MostiFishMod:Chiaki","Immolate","Berserk"],"picked":"SKIP","floor":23},{"not_picked":["Pommel Strike+1","Battle Trance","ReplayTheSpireMod:Stacked+1","Body Slam","Bludgeon","Armaments"],"picked":"SKIP","floor":25},{"not_picked":["MostiFishMod:Chiaki","Juggernaut","Berserk","Juggernaut","MostiFishMod:WingOfPhoenix"],"picked":"MostiFishMod:RacingGame","floor":27},{"not_picked":["Whirlwind","Feel No Pain","Searing Blow+1","AT_IchimonjiDouble","Iron Wave","Flex+1"],"picked":"SKIP","floor":28},{"not_picked":["AT_ShrugMaster","Replay:Undeath\u0027s Touch+1","Twin Strike","ReplayTheSpireMod:Strike From Hell","Perfected Strike","Eclipse"],"picked":"SKIP","floor":30},{"not_picked":["MostiFishMod:RainCloud","MostiFishMod:FlyOverUtopia","MostiFishMod:WingOfPhoenix","Exhume","Demon Form","MostiFishMod:DarkDeal"],"picked":"SKIP","floor":31},{"not_picked":["Shrug It Off","Headbutt","Perfected Strike","AT_IchimonjiDouble+1","MostiFishMod:#F4004","Wild Strike"],"picked":"SKIP","floor":35},{"not_picked":["Anger","AT_BodySlamDance+1","AT_DiedThrough+1","Abandon+1","Rampage+1","Warcry+1"],"picked":"SKIP","floor":38},{"not_picked":["Havoc+1","Bloodletting+1","Anger","Entrench","Seeing Red","Twin Strike+1"],"picked":"SKIP","floor":39},{"not_picked":["MostiFishMod:OrdinaryWorld","MostiFishMod:FireWorks","MostiFishMod:UltimateDefense","MostiFishMod:Mania","MostiFishMod:OrdinaryWorld"],"picked":"Feed","floor":40},{"not_picked":["Reaper","MostiFishMod:OrdinaryWorld","MostiFishMod:ChineseTea","MostiFishMod:CullingBlade","MostiFishMod:UltimateDefense"],"picked":"Limit Break","floor":42},{"not_picked":["AT_GerminateFire","Perfected Strike+1","Clothesline+1","Sword Boomerang+1","Flame Barrier","Blood for Blood"],"picked":"SKIP","floor":44},{"not_picked":["MostiFishMod:DarkDeal","MostiFishMod:RainCloud","MostiFishMod:RainCloud","Feed","Replay:Many Hands"],"picked":"Limit Break","floor":45},{"not_picked":["Thunderclap+1","Sword Boomerang","Hemokinesis+1","Clothesline+1","Power Through+1","Run Through"],"picked":"SKIP","floor":46},{"not_picked":["Twin Strike+1","Searing Blow","AT_ShrugMaster","Thunderclap+1","Flex+1","Combust+1"],"picked":"SKIP","floor":47},{"not_picked":["Juggernaut","MostiFishMod:404NotFound","Bludgeon","Brutality","Demonic Infusion"],"picked":"MostiFishMod:RacingGame","floor":48}],"player_experience":177410,"relics_obtained":[{"floor":1,"key":"SynthV:TestCard"},{"floor":7,"key":"AT_ArchangelStaff"},{"floor":9,"key":"Lantern"},{"floor":11,"key":"Regal Pillow"},{"floor":14,"key":"Orichalcum"},{"floor":23,"key":"Bronze Scales"},{"floor":27,"key":"ReplayTheSpireMod:Lightbulb"},{"floor":31,"key":"Bag of Preparation"},{"floor":37,"key":"Ring of Hypnosis"},{"floor":37,"key":"ReplayTheSpireMod:Ring of Collecting"},{"floor":40,"key":"Onion Ring"},{"floor":41,"key":"Ginger"},{"floor":42,"key":"Pet Ghost"},{"floor":43,"key":"Ring of Peace"},{"floor":43,"key":"AT_TimeSand"},{"floor":45,"key":"Mercury Hourglass"},{"floor":48,"key":"Sundial"}],"event_choices":[{"damage_healed":0,"gold_gain":0,"player_choice":"Success","damage_taken":25,"relics_obtained":["Question Card"],"max_hp_gain":0,"max_hp_loss":0,"event_name":"Scrap Ooze","floor":3,"gold_loss":0},{"damage_healed":0,"gold_gain":0,"player_choice":"Swap Relic","damage_taken":0,"relics_obtained":["DaveBox"],"max_hp_gain":0,"max_hp_loss":0,"event_name":"给自己的盒子","floor":5,"relics_lost":["Burning Blood"],"gold_loss":0},{"damage_healed":0,"gold_gain":540,"player_choice":"GOLD GOLD GOLD GOLD GOLD GOLD ","damage_taken":57,"max_hp_gain":0,"max_hp_loss":0,"event_name":"Knowing Skull","floor":19,"potions_obtained":[],"gold_loss":0,"cards_obtained":[]},{"cards_removed":["Combust"],"damage_healed":0,"gold_gain":0,"player_choice":"Gave Gold","damage_taken":0,"max_hp_gain":0,"max_hp_loss":0,"event_name":"Beggar","floor":24,"gold_loss":75},{"damage_healed":33,"gold_gain":0,"player_choice":"Writhe","damage_taken":0,"max_hp_gain":0,"max_hp_loss":0,"event_name":"Winding Halls","floor":36,"gold_loss":0,"cards_obtained":["Writhe"]},{"damage_healed":0,"gold_gain":0,"player_choice":"Fight","damage_taken":0,"max_hp_gain":0,"max_hp_loss":0,"event_name":"MindBloom","floor":41,"gold_loss":0}],"is_beta":false,"boss_relics":[{"not_picked":["TimeKeys","testmod-Temperance"],"picked":"FeatherPendant"},{"not_picked":["Pandora\u0027s Box","Snecko Eye"],"picked":"testmod-CardMagician"}],"items_purged_floors":[],"is_endless":false,"potions_floor_spawned":[7,10,11,21,22,23,25,31,33,38,44,45,47,48],"ascension_level":9}}