{"host":"a99cgagtsic7fuyb","time":1610464155,"event":{"mods":["BaseMod","Downfall","Hermit","Lobotomy","Minty Spire (QoL Compilation)","Replay The Spire","StSLib","The Cursed"],"gold_per_floor":[99,114,129,144,144,174,174,349,349,364,101,116,116,116,116,216,216,216,231,246,246,35,235,260,185,96,111,111,111,126,38,53,153,153,153,168,183,5,1004,1100,1100,1100,1025,1025,1025],"floor_reached":44,"playtime":4170,"items_purged":["hermit:ImpendingDoom"],"score":581,"play_id":"9a5d4f36-c105-4fb9-841d-87e3ef703539","local_time":"20210112230915","daily_mods":["Heirloom","Flight","Elite Swarm"],"is_ascension_mode":false,"campfire_choices":[{"floor":1.0,"key":"DIG"},{"floor":13.0,"key":"REST"},{"floor":18.0,"key":"RECALL"},{"floor":25.0,"key":"REST"},{"floor":28.0,"key":"REST"},{"floor":29.0,"key":"REST"},{"data":"Judgement","floor":35,"key":"SMITH"},{"floor":43,"key":"REST"}],"circlet_count":0,"master_deck":["Eruption","Vigilance","Wallop","Perseverance","ClearTheMind","DevaForm","Doubt","JustLucky","EmptyFist","CarveReality","BattleHymn","Tools of the Trade","WindmillStrike","Protect","DeceiveReality","Crescendo","Adrenaline","Worship","Judgement+1","Devotion","Replay:LoomingThreat","Shame","CrushJoints+1","Replay:BluntJabs","LessonLearned","Swivel","expansioncontent:StudyTheSpire","FollowUp","expansioncontent:DecasProtection","DeusExMachina","DevaForm","TheCursedMod:Dregs","Injury","ReplayTheSpireMod:Faulty Equipment","Crow Ritual","Normality","Normality","ReplayTheSpireMod:Splinters","JustLucky+1"],"relics":["Replay:Purple Gloves","Blue Candle","Replay:M_StaffOfTheSnake","Replay:Kaleidoscope","Boot","NlothsMask","ReplayTheSpireMod:CursedCoin","Kunai","Pandora\u0027s Box","TungstenRod","Melange","downfall:HeartBlessingRed","Replay:Ancient Bell","Smiling Mask","Shuriken","champ:DuelingGlove","downfall:HeartBlessingBlue"],"acts_visited":["Exordium","TheCity","TheBeyond"],"potions_floor_usage":[36,44],"damage_taken":[{"damage":0.0,"enemies":"Cultist","floor":2.0,"turns":3.0},{"damage":0.0,"enemies":"2 Louse","floor":3.0,"turns":2.0},{"damage":1.0,"enemies":"Jaw Worm","floor":4.0,"turns":2.0},{"damage":19.0,"enemies":"Lagavulin","floor":6.0,"turns":7.0},{"damage":16.0,"enemies":"Looter","floor":10.0,"turns":4.0},{"damage":1.0,"enemies":"downfall:FleeingMerchant","floor":11.0,"turns":4.0},{"damage":7.0,"enemies":"Gremlin Gang","floor":12.0,"turns":3.0},{"damage":0.0,"enemies":"Large Slime","floor":15.0,"turns":1.0},{"damage":31.0,"enemies":"The Guardian","floor":16.0,"turns":9.0},{"damage":15.0,"enemies":"3 Byrds","floor":19.0,"turns":4.0},{"damage":25.0,"enemies":"Cultist and Chosen","floor":20.0,"turns":5.0},{"damage":2.0,"enemies":"downfall:FleeingMerchant","floor":22.0,"turns":4.0},{"damage":21.0,"enemies":"downfall:FleeingMerchant","floor":26.0,"turns":4.0},{"damage":6.0,"enemies":"Snake Plant","floor":27.0,"turns":3.0},{"damage":7.0,"enemies":"Centurion and Healer","floor":30.0,"turns":5.0},{"damage":14.0,"enemies":"Cultist and Chosen","floor":32.0,"turns":5.0},{"damage":17,"enemies":"downfall:Defect","floor":33,"turns":6},{"damage":23,"enemies":"3 Shapes","floor":36,"turns":6},{"damage":29,"enemies":"3 Darklings","floor":37,"turns":4},{"damage":69,"enemies":"Transient","floor":44,"turns":4}],"seed_played":"-5514344210177769252","potions_obtained":[{"floor":2.0,"key":"StancePotion"},{"floor":3.0,"key":"Fire Potion"},{"floor":10.0,"key":"ColorlessPotion"},{"floor":14.0,"key":"SmokeBomb"},{"floor":14.0,"key":"GamblersBrew"},{"floor":14.0,"key":"SneckoOil"},{"floor":20.0,"key":"BlessingOfTheForge"},{"floor":30.0,"key":"EssenceOfSteel"},{"floor":33,"key":"SkillPotion"},{"floor":37,"key":"Explosive Potion"}],"is_trial":false,"path_per_floor":["R","M","M","M","?","E","T","?","?","M","$","M","R","?","M","B",null,"R","M","M","?","$","?","T","R","$","M","R","R","M","$","M","B",null,"R","M","M","$","?","?","T","?","R","M"],"character_chosen":"WATCHER","items_purchased":["ReplayTheSpireMod:CursedCoin","Kunai","CarveReality","Melange","Replay:BluntJabs","LessonLearned","Swivel","expansioncontent:StudyTheSpire","expansioncontent:DecasProtection","Crow Ritual"],"campfire_rested":5,"item_purchase_floors":[11,11,11,22,22,26,26,26,31,38],"current_hp_per_floor":[72,72,72,71,71,52,52,52,52,36,35,28,49,49,49,18,72,72,57,32,32,30,30,30,51,30,24,45,66,59,59,45,28,72,72,49,20,20,20,20,20,20,54,0,0],"gold":1025,"neow_bonus":"","is_daily":true,"chose_seed":false,"campfire_upgraded":1,"win_rate":0.0,"timestamp":1610464155,"path_taken":["R","M","M","?","?","E","T","?","?","?","$","M","R","?","M","BOSS","R","M","M","?","$","?","T","R","$","M","R","R","?","?","M","BOSS","R","M","M","$","?","?","T","?","R","?"],"items_purchased_type":["Relic","Relic","Card","Relic","Card","Card","Card","Card","Card","Card"],"build_version":"2020-12-22","purchased_purges":1,"victory":false,"max_hp_per_floor":[72,72,72,72,72,72,72,72,72,72,72,72,72,72,72,72,72,72,72,72,72,72,72,72,72,72,72,72,72,72,72,72,72,72,72,72,72,72,72,72,72,72,82,82,82],"card_choices":[{"not_picked":["EmptyBody","Replay:DivineShield"],"picked":"Wallop","floor":2.0},{"not_picked":["Replay:ManipulateFuture","TalkToTheHand"],"picked":"Perseverance","floor":3.0},{"not_picked":["Wallop","FlyingSleeves"],"picked":"ClearTheMind","floor":4.0},{"not_picked":["Doppelganger","Ragnarok"],"picked":"DevaForm","floor":6.0},{"not_picked":["Flying Knee","Replay:AtTheReady"],"picked":"JustLucky","floor":10.0},{"not_picked":["Vengeance","Devotion"],"picked":"EmptyFist","floor":11.0},{"not_picked":["Prostrate","Replay:ManipulateFuture"],"picked":"BattleHymn","floor":12.0},{"not_picked":["Die Die Die","Glass Knife"],"picked":"Tools of the Trade","floor":16.0},{"not_picked":["Protect","CutThroughFate+1","Halt"],"picked":"SKIP","floor":19.0},{"not_picked":["Prostrate","Replay:AtTheReady"],"picked":"Replay:LoomingThreat","floor":20.0},{"not_picked":["Protect+1","CutThroughFate"],"picked":"CrushJoints+1","floor":22.0},{"not_picked":["ThirdEye","Collect+1","PathToVictory"],"picked":"SKIP","floor":26.0},{"not_picked":["ClearTheMind+1","Replay:AtTheReady+1","EmptyBody"],"picked":"SKIP","floor":27.0},{"not_picked":["Replay:BluntJabs+1","MentalFortress+1"],"picked":"FollowUp","floor":30.0},{"not_picked":["Prostrate","Halt"],"picked":"DeusExMachina","floor":32.0},{"not_picked":["SpiritShield","Glass Knife"],"picked":"DevaForm","floor":33},{"not_picked":["Pain","Guardian:Aged"],"picked":"TheCursedMod:Dregs","floor":34},{"not_picked":["ReplayTheSpireMod:Restless Dread","Voices"],"picked":"Injury","floor":34},{"not_picked":["Overencumbered","ReplayTheSpireMod:Restless Dread"],"picked":"ReplayTheSpireMod:Faulty Equipment","floor":34},{"not_picked":["InnerPeace+1","Adaptation+1","Replay:Cycle"],"picked":"SKIP","floor":36},{"not_picked":["Replay:Battleflow+1","Adaptation","PathToVictory"],"picked":"SKIP","floor":37},{"not_picked":["Replay:ManipulateFuture+1","CutThroughFate"],"picked":"JustLucky+1","floor":40},{"not_picked":["FlyingSleeves","Replay:ManipulateFuture+1"],"picked":"FollowUp","floor":40}],"player_experience":121773,"relics_obtained":[{"floor":1.0,"key":"Blue Candle"},{"floor":6.0,"key":"Replay:Kaleidoscope"},{"floor":7.0,"key":"Boot"}],"event_choices":[{"damage_healed":0.0,"max_hp_gain":0.0,"max_hp_loss":0.0,"gold_gain":175.0,"event_name":"Liars Game","player_choice":"AGREE","floor":8.0,"gold_loss":0.0,"damage_taken":0.0,"cards_obtained":["Doubt"]},{"damage_healed":0.0,"max_hp_gain":0.0,"max_hp_loss":0.0,"gold_gain":0.0,"event_name":"FaceTrader","player_choice":"Trade","floor":9.0,"gold_loss":0.0,"damage_taken":0.0,"relics_obtained":["NlothsMask"]},{"damage_healed":0.0,"max_hp_gain":0.0,"max_hp_loss":0.0,"gold_gain":0.0,"event_name":"Lab","player_choice":"Got Potions","floor":14.0,"gold_loss":0.0,"damage_taken":0.0},{"damage_healed":0.0,"max_hp_gain":0.0,"max_hp_loss":0.0,"gold_gain":0.0,"event_name":"Addict","player_choice":"Stole Relic","floor":21.0,"gold_loss":0.0,"damage_taken":0.0,"relics_obtained":["TungstenRod"],"cards_obtained":["Shame"]},{"damage_healed":0.0,"max_hp_gain":0.0,"max_hp_loss":0.0,"gold_gain":200.0,"event_name":"Wheel of Change","player_choice":"Gold","floor":23.0,"gold_loss":0.0,"damage_taken":0.0},{"cards_removed":["FollowUp"],"damage_healed":0,"gold_gain":0,"player_choice":"Removed Attack","damage_taken":0,"max_hp_gain":0,"max_hp_loss":0,"event_name":"Falling","floor":42,"gold_loss":0}],"is_beta":false,"boss_relics":[{"not_picked":["Replay:Bronze Core","Sozu"],"picked":"Pandora\u0027s Box"},{"not_picked":["SlaversCollar","Honey Jar"],"picked":"Replay:Ancient Bell"},{"not_picked":["Happy Flower","Nunchaku"],"picked":"Smiling Mask"},{"not_picked":["ReplayTheSpireMod:Shallot","Divine Protection"],"picked":"Shuriken"},{"not_picked":["GoldenEye","Peace Pipe"],"picked":"champ:DuelingGlove"}],"items_purged_floors":[11],"is_endless":false,"potions_floor_spawned":[2,3,10,15,20,30,33,37],"killed_by":"Transient","ascension_level":0}}