{"host":"yc1vtvhulj0je9ln","time":1610450537,"event":{"mods":["AchievementEnabler","Act Like it!","BaseMod","Bestiary","Colored Powertips","Conspire","Downfall","Hallownest","Hermit","Highlight Path","Hubris","Infinite Spire","Minty Spire (QoL Compilation)","READ ME - Snecko Mod","Rare Cards Sparkle","Relic Stats","Replay The Spire","Shop Mod","StSLib","The Bug Knight","The Cursed","The Servant 0.9.4"],"gold_per_floor":[116,128,58,71,81,81,10,23,23,23,37,37,37,53,53,154,154,94,94,94,94,108,108,118,118,142,162,162,180,180,196,196,300,300,314,314,314,327,327,327],"floor_reached":39,"playtime":2923,"items_purged":[],"score":423,"play_id":"d4600488-d9b7-4e8f-9ed3-c0669d948a05","local_time":"20210112052217","is_ascension_mode":false,"campfire_choices":[{"data":"Dualcast","floor":6,"key":"SMITH"},{"data":"White Noise","floor":10,"key":"SMITH"},{"data":"Zap","floor":15,"key":"SMITH"},{"floor":23,"key":"REST"},{"floor":25,"key":"REST"},{"data":"ReplayRNGCard","floor":28,"key":"SMITH"},{"floor":32,"key":"REST"}],"circlet_count":0,"master_deck":["Strike_B","Strike_B","Strike_B","Strike_B","Defend_B","Defend_B","Defend_B","Defend_B","Zap+1","Dualcast+1","Conserve Battery","Reinforced Body","White Noise+1","ReplayTheSpireMod:Reroute Power","Biased Cognition","Self Repair","Sweeping Beam","Genetic Algorithm+1","Storm","ReplayRNGCard+1","Static Discharge","Necronomicurse","Stack+1","Go for the Eyes","Gash","Streamline","Conserve Battery","Electrodynamics","Double Energy","Swift Strike","expansioncontent:DashGenerateEvil","hubris:InfiniteBlow","Lockon+1"],"relics":["Cracked Core","conspire:GlowingRock","Ring of Chaos","Necronomicon","MutagenicStrength","Strawberry","Replay:Ringing Soul","Inserter"],"acts_visited":["Exordium","TheCity","TheBeyond"],"potions_floor_usage":[16,16,18,24,27],"damage_taken":[{"damage":0,"enemies":"Cultist","floor":1,"turns":4},{"damage":1,"enemies":"Jaw Worm","floor":2,"turns":3},{"damage":0,"enemies":"conspire:RoseBush","floor":4,"turns":4},{"damage":3,"enemies":"Exordium Thugs","floor":5,"turns":4},{"damage":0,"enemies":"Looter","floor":8,"turns":4},{"damage":2,"enemies":"Blue Slaver","floor":11,"turns":4},{"damage":12,"enemies":"2 Fungi Beasts","floor":14,"turns":4},{"damage":5,"enemies":"Slime Boss","floor":16,"turns":11},{"damage":21,"enemies":"2 Thieves","floor":18,"turns":4},{"damage":32,"enemies":"conspire:FuzzyDice","floor":22,"turns":8},{"damage":34,"enemies":"Sentry and Sphere","floor":24,"turns":6},{"damage":30,"enemies":"Snake Plant","floor":27,"turns":4},{"damage":11,"enemies":"Snecko","floor":29,"turns":6},{"damage":5,"enemies":"conspire:HollyBat","floor":31,"turns":13},{"damage":76,"enemies":"conspire:MysteriousRune","floor":33,"turns":15},{"damage":17,"enemies":"Orb Walker","floor":35,"turns":5},{"damage":29,"enemies":"3 Darklings","floor":38,"turns":3},{"damage":35,"enemies":"Sphere and 2 Shapes","floor":39,"turns":5}],"seed_played":"-4219225508259755637","potions_obtained":[{"floor":4,"key":"SteroidPotion"},{"floor":5,"key":"Strength Potion"},{"floor":14,"key":"conspire:TimeTravelPotion"},{"floor":22,"key":"Slimebound:ThreeZeroPotion"},{"floor":24,"key":"Regen Potion"},{"floor":33,"key":"DuplicationPotion"}],"is_trial":false,"path_per_floor":["M","M","$","M","M","R","$","M","T","R","M","?","$","M","R","B",null,"M","?","?","?","M","R","M","R","T","M","R","M","AVR","M","R","B",null,"M","?","?","M","M"],"character_chosen":"DEFECT","items_purchased":["White Noise","Self Repair"],"campfire_rested":3,"item_purchase_floors":[3,7],"current_hp_per_floor":[82,81,81,81,78,78,78,78,78,78,76,76,76,71,71,66,82,81,81,65,65,40,64,37,61,68,57,57,53,53,58,85,19,95,88,81,58,32,0,0],"gold":327,"neow_bonus":"TEN_PERCENT_HP_BONUS","is_daily":false,"chose_seed":false,"campfire_upgraded":4,"win_rate":0.0,"timestamp":1610450537,"path_taken":["M","M","?","M","?","R","$","M","T","R","M","?","?","M","R","BOSS","M","?","?","?","M","R","M","R","T","M","R","M","AVR","M","R","BOSS","M","?","?","M","?"],"items_purchased_type":["Card","Card"],"build_version":"2020-12-22","purchased_purges":0,"victory":false,"max_hp_per_floor":[82,82,82,82,82,82,82,82,82,82,82,82,82,82,82,82,82,82,82,82,82,82,82,82,82,89,89,89,89,89,92,92,95,95,98,101,104,107,107,107],"relic_stats":{"Inserter":[6],"counters":[18,107],"Necronomicon":[8],"obtain_stats":[{"Replay:Ringing Soul":30,"conspire:GlowingRock":9,"Inserter":34,"MutagenicStrength":21,"Strawberry":26,"Ring of Chaos":17,"Necronomicon":20,"Cracked Core":0},{"Replay:Ringing Soul":13,"conspire:GlowingRock":5,"Inserter":15,"MutagenicStrength":9,"Strawberry":11,"Ring of Chaos":8,"Necronomicon":9,"Cracked Core":0},{"Replay:Ringing Soul":66,"conspire:GlowingRock":19,"Inserter":94,"MutagenicStrength":42,"Strawberry":56,"Ring of Chaos":38,"Necronomicon":42,"Cracked Core":0}]},"card_choices":[{"not_picked":["Sweeping Beam","Cold Snap"],"picked":"Conserve Battery","floor":1},{"not_picked":["Steam","Gash"],"picked":"Reinforced Body","floor":2},{"not_picked":["Crystallizer","Darkness"],"picked":"ReplayTheSpireMod:Reroute Power","floor":4},{"not_picked":["Compile Driver","ReplayGash"],"picked":"Biased Cognition","floor":5},{"not_picked":["Panic Button","ReplayTheSpireMod:Repulse"],"picked":"Reprogram","floor":8},{"not_picked":["Heatsinks","Hologram"],"picked":"Sweeping Beam","floor":11},{"not_picked":["Defragment","Coolheaded"],"picked":"Storm","floor":14},{"not_picked":["Rainbow","Seek"],"picked":"ReplayRNGCard","floor":16},{"not_picked":["Hologram","hubris:PowerSurge"],"picked":"Static Discharge","floor":18},{"not_picked":["conspire:SharedLibrary+1","Gash"],"picked":"Stack+1","floor":22},{"not_picked":["Stack","Hologram+1"],"picked":"Go for the Eyes","floor":24},{"not_picked":["ReplayTheSpireMod:Calculation Training","ReplayTheSpireMod:System Scan"],"picked":"Gash","floor":27},{"not_picked":["Ball Lightning","Coolheaded"],"picked":"Streamline","floor":29},{"not_picked":["Rip and Tear","ReplayTheSpireMod:Reroute Power"],"picked":"Conserve Battery","floor":31},{"not_picked":["hubris:Prefetch","Biased Cognition"],"picked":"Electrodynamics","floor":33},{"not_picked":["Cold Snap","BasicCrystalCard"],"picked":"Double Energy","floor":35},{"not_picked":["expansioncontent:DefensiveMode","Thinking Ahead"],"picked":"Swift Strike","floor":36},{"not_picked":["expansioncontent:Collect","expansioncontent:LastStand"],"picked":"expansioncontent:DashGenerateEvil","floor":36},{"not_picked":["hubris:Rewind","infinitespire:NeuralNetwork"],"picked":"hubris:InfiniteBlow","floor":37},{"not_picked":["Go for the Eyes","Coolheaded+1"],"picked":"Lockon+1","floor":38}],"player_experience":155423,"relics_obtained":[{"floor":9,"key":"conspire:GlowingRock"},{"floor":20,"key":"Necronomicon"},{"floor":26,"key":"Strawberry"}],"event_choices":[{"damage_healed":0,"gold_gain":0,"player_choice":"Ignored","damage_taken":0,"max_hp_gain":0,"max_hp_loss":0,"event_name":"Ghosts","floor":19,"gold_loss":0},{"damage_healed":0,"gold_gain":0,"player_choice":"Obtained Book","damage_taken":16,"max_hp_gain":0,"max_hp_loss":0,"event_name":"Cursed Tome","floor":20,"gold_loss":0},{"damage_healed":0,"gold_gain":0,"player_choice":"Inject Mutagens","damage_taken":0,"relics_obtained":["MutagenicStrength"],"max_hp_gain":0,"max_hp_loss":0,"event_name":"Drug Dealer","floor":21,"gold_loss":0},{"damage_healed":0,"gold_gain":0,"player_choice":"Memory 3","damage_taken":10,"max_hp_gain":0,"max_hp_loss":0,"event_name":"SensoryStone","floor":36,"gold_loss":0}],"is_beta":false,"boss_relics":[{"not_picked":["Empty Cage","Philosopher\u0027s Stone"],"picked":"Ring of Chaos"},{"not_picked":["hubris:VirtuousBlindfold","Runic Pyramid"],"picked":"Inserter"}],"items_purged_floors":[],"is_endless":false,"potions_floor_spawned":[4,5,14,22,24,33],"killed_by":"Sphere and 2 Shapes","ascension_level":0}}