{"host":"uv231blk40vjdojr","time":1610486194,"event":{"mods":["AchievementEnabler","BaseMod","Bestiary","Minty Spire (QoL Compilation)","Relic Stats"],"gold_per_floor":[115,115,132,57,57,91,91,41,41,41,41,55,84,104,104,104,104],"floor_reached":16,"language":"ENG","playtime":522,"items_purged":["Defend_P"],"score":158,"play_id":"ae5485ba-4766-4b5a-9caa-ad1adc5c2c58","local_time":"20210112221634","is_ascension_mode":false,"campfire_choices":[{"data":"Transmutation","floor":7,"key":"SMITH"},{"data":"Eruption","floor":10,"key":"SMITH"},{"data":"Indignation","floor":15,"key":"SMITH"}],"circlet_count":0,"master_deck":["Strike_P","Strike_P","Strike_P","Defend_P","Defend_P","Eruption+1","Vigilance","Transmutation+1","Indignation+1","CrushJoints"],"relics":["PureWater","Strawberry","Gremlin Horn","Pear","Orichalcum"],"acts_visited":["Exordium"],"potions_floor_usage":[16,16],"damage_taken":[{"damage":0,"enemies":"Cultist","floor":1,"turns":4},{"damage":6,"enemies":"Jaw Worm","floor":3,"turns":6},{"damage":3,"enemies":"Gremlin Nob","floor":6,"turns":3},{"damage":13,"enemies":"2 Louse","floor":12,"turns":2},{"damage":0,"enemies":"Lagavulin","floor":13,"turns":5},{"damage":19,"enemies":"Gremlin Gang","floor":14,"turns":7},{"damage":65,"enemies":"Slime Boss","floor":16,"turns":3}],"seed_played":"-4240351264387432035","potions_obtained":[{"floor":1,"key":"ColorlessPotion"},{"floor":6,"key":"GamblersBrew"},{"floor":14,"key":"Strength Potion"}],"is_trial":false,"path_per_floor":["M","T","M","$","?","E","R","?","T","R","?","M","E","M","R","B"],"character_chosen":"WATCHER","items_purchased":[],"campfire_rested":0,"item_purchase_floors":[],"current_hp_per_floor":[65,72,66,66,71,68,68,68,78,78,78,65,65,46,46,0,0],"gold":104,"neow_bonus":"RANDOM_COLORLESS_2","is_daily":false,"chose_seed":false,"campfire_upgraded":3,"win_rate":0.0,"timestamp":1610486194,"path_taken":["M","?","M","$","?","E","R","?","T","R","?","M","E","M","R","BOSS"],"items_purchased_type":[],"build_version":"2020-12-22","purchased_purges":1,"victory":false,"max_hp_per_floor":[65,72,72,72,77,77,77,77,87,87,87,87,87,87,87,87,87],"relic_stats":{"Gremlin Horn":[4,4],"counters":[7,30],"Orichalcum":[0],"obtain_stats":[{"Pear":9,"Gremlin Horn":6,"Strawberry":2,"PureWater":0,"Orichalcum":13},{"Pear":3,"Gremlin Horn":3,"Strawberry":1,"PureWater":0,"Orichalcum":5},{"Pear":13,"Gremlin Horn":13,"Strawberry":4,"PureWater":0,"Orichalcum":20}]},"card_choices":[{"not_picked":["Thinking Ahead","Secret Technique"],"picked":"Transmutation","floor":0},{"not_picked":["EmptyFist","SashWhip","PathToVictory"],"picked":"SKIP","floor":1},{"not_picked":["DeceiveReality","EmptyFist","ReachHeaven"],"picked":"SKIP","floor":3},{"not_picked":["EmptyBody","DeusExMachina","BowlingBash"],"picked":"SKIP","floor":6},{"not_picked":["EmptyMind","Evaluate"],"picked":"Indignation","floor":12},{"not_picked":["Wish","Establishment","ClearTheMind"],"picked":"SKIP","floor":13},{"not_picked":["SashWhip","InnerPeace"],"picked":"CrushJoints","floor":14}],"player_experience":676481,"relics_obtained":[{"floor":2,"key":"Strawberry"},{"floor":6,"key":"Gremlin Horn"},{"floor":9,"key":"Pear"},{"floor":13,"key":"Orichalcum"}],"event_choices":[{"damage_healed":0,"gold_gain":0,"player_choice":"Donut","damage_taken":0,"max_hp_gain":5,"max_hp_loss":0,"event_name":"Big Fish","floor":5,"gold_loss":0},{"cards_removed":["Defend_P"],"damage_healed":0,"gold_gain":0,"player_choice":"Card Removal","damage_taken":0,"max_hp_gain":0,"max_hp_loss":0,"event_name":"The Cleric","floor":8,"gold_loss":50},{"cards_removed":["Strike_P"],"damage_healed":0,"gold_gain":0,"player_choice":"Offered Basic","damage_taken":0,"max_hp_gain":0,"max_hp_loss":0,"event_name":"Bonfire Elementals","floor":11,"gold_loss":0}],"is_beta":false,"boss_relics":[],"items_purged_floors":[4],"is_endless":false,"potions_floor_spawned":[1,6,14],"killed_by":"Slime Boss","ascension_level":0}}