{"host":"zekcc3vicrep0och","time":1610452507,"event":{"mods":["AchievementEnabler","BaseMod","Colored Map","Colored Powertips","Displayed Cursed Tome","Highlight Path","Minty Spire (QoL Compilation)","Quick Restart","Relic Stats","StSLib","The Cursed"],"gold_per_floor":[10,27,46,46,46,85,85,126,126,142,13,27,27,47,47,137,137,151,151,151,151,226,255,255,285,285,304,304,304,29,60,60,132,132,146,146,158,158,174,174,189,218,268,294,294,76,106,116,116,116],"floor_reached":51,"playtime":2494,"items_purged":["Injury"],"score":1502,"play_id":"92c17564-1eba-46a7-a872-8ca847831c21","local_time":"20210112145507","is_ascension_mode":true,"campfire_choices":[{"data":"Armaments","floor":7.0,"key":"SMITH"},{"data":"Juggernaut","floor":13.0,"key":"SMITH"},{"data":"Disarm","floor":15.0,"key":"SMITH"},{"data":"Iron Wave","floor":24.0,"key":"SMITH"},{"data":"Feed","floor":29.0,"key":"SMITH"},{"data":"Bash","floor":32.0,"key":"SMITH"},{"floor":40.0,"key":"REST"},{"floor":49,"key":"REST"}],"circlet_count":0,"master_deck":["AscendersBane","Defend_R","Defend_R","Defend_R","Defend_R","Bash+1","Shrug It Off","Cleave","Sword Boomerang","Armaments+1","Headbutt","Juggernaut+1","Feed+1","Bite","Bite","Bite","Bite","Bite","Iron Wave+1","Demon Form","Clothesline+1","Chrysalis","Bandage Up","Good Instincts","Body Slam+1","Heavy Blade","Shockwave","Inflame+1"],"relics":["Burning Blood","Torii","Bloody Idol","InkBottle","Pocketwatch","Tiny Chest","Calipers","Sozu","Pear","Bottled Tornado","Centennial Puzzle","Incense Burner","Ice Cream","Gremlin Horn","Lantern","Fusion Hammer","Anchor","Strawberry","Frozen Egg 2","The Courier","Shuriken","Lizard Tail"],"acts_visited":["Exordium","TheCity","TheBeyond"],"potions_floor_usage":[],"damage_taken":[{"damage":2.0,"enemies":"Cultist","floor":1.0,"turns":4.0},{"damage":8.0,"enemies":"Jaw Worm","floor":2.0,"turns":6.0},{"damage":2.0,"enemies":"Small Slimes","floor":3.0,"turns":4.0},{"damage":28.0,"enemies":"Gremlin Nob","floor":6.0,"turns":4.0},{"damage":19.0,"enemies":"3 Sentries","floor":8.0,"turns":7.0},{"damage":2.0,"enemies":"3 Louse","floor":10.0,"turns":3.0},{"damage":2.0,"enemies":"Blue Slaver","floor":12.0,"turns":4.0},{"damage":3.0,"enemies":"Exordium Thugs","floor":14.0,"turns":4.0},{"damage":1.0,"enemies":"The Guardian","floor":16.0,"turns":12.0},{"damage":22.0,"enemies":"Spheric Guardian","floor":18.0,"turns":6.0},{"damage":14.0,"enemies":"Book of Stabbing","floor":23.0,"turns":6.0},{"damage":38.0,"enemies":"Slavers","floor":25.0,"turns":7.0},{"damage":2.0,"enemies":"Shell Parasite","floor":27.0,"turns":5.0},{"damage":14.0,"enemies":"Book of Stabbing","floor":31.0,"turns":7.0},{"damage":44.0,"enemies":"Collector","floor":33.0,"turns":14.0},{"damage":0.0,"enemies":"3 Shapes","floor":35.0,"turns":6.0},{"damage":33.0,"enemies":"3 Darklings","floor":37.0,"turns":9.0},{"damage":30.0,"enemies":"Transient","floor":39.0,"turns":6.0},{"damage":6.0,"enemies":"Sphere and 2 Shapes","floor":41.0,"turns":4.0},{"damage":51.0,"enemies":"Reptomancer","floor":42.0,"turns":8.0},{"damage":36.0,"enemies":"Nemesis","floor":44.0,"turns":8.0},{"damage":19.0,"enemies":"Reptomancer","floor":47.0,"turns":6.0},{"damage":22,"enemies":"3 Darklings","floor":48,"turns":4},{"damage":59,"enemies":"Time Eater","floor":50,"turns":7}],"seed_played":"-3385127165912191067","potions_obtained":[{"floor":3.0,"key":"Strength Potion"},{"floor":10.0,"key":"Explosive Potion"},{"floor":12.0,"key":"LiquidMemories"}],"is_trial":false,"path_per_floor":["M","M","M","?","?","E","R","E","T","M","$","M","R","M","R","B",null,"M","?","?","T","T","E","R","E","T","M","?","R","$","E","R","B",null,"M","?","M","?","M","R","M","E","T","E","T","$","E","M","R","B",null],"character_chosen":"IRONCLAD","items_purchased":["AttackPotion","Gremlin Horn","Shuriken"],"campfire_rested":2,"item_purchase_floors":[11,30,46],"current_hp_per_floor":[72,70,74,74,56,34,34,21,21,25,25,29,29,32,32,37,66,50,50,50,60,62,62,62,52,52,69,69,69,69,73,73,77,77,81,71,81,81,64,81,85,74,86,84,84,84,92,91,92,49],"gold":116,"neow_bonus":"ONE_RARE_RELIC","is_daily":false,"chose_seed":false,"campfire_upgraded":6,"win_rate":0.0,"timestamp":1610452507,"path_taken":["M","?","M","?","?","E","R","E","T","M","$","M","R","M","R","BOSS","M","?","?","?","?","E","R","E","T","M","?","R","$","E","R","BOSS","M","?","M","?","M","R","M","E","T","E","?","?","E","M","R","BOSS"],"items_purchased_type":["Potion","Relic","Relic"],"build_version":"2020-12-22","purchased_purges":1,"victory":true,"max_hp_per_floor":[75,75,75,75,75,75,75,75,75,75,75,75,75,75,75,75,75,75,75,52,62,62,62,62,66,66,69,69,69,69,73,73,77,77,81,81,81,81,81,81,85,85,92,92,92,92,92,92,92,92],"relic_stats":{"Torii":120,"Gremlin Horn":[33,33],"counters":[24,151],"Burning Blood":131,"Sozu":6,"Centennial Puzzle":[36],"Lizard Tail":0,"Shuriken":[8],"Bloody Idol":33,"Tiny Chest":2,"obtain_stats":[{"Ice Cream":26,"Lantern":31,"Calipers":9,"Pear":21,"Torii":0,"Gremlin Horn":30,"Golden Idol":4,"The Courier":45,"Incense Burner":25,"Bottled Tornado":22,"Frozen Egg 2":44,"Burning Blood":0,"Sozu":17,"Centennial Puzzle":23,"Anchor":42,"Lizard Tail":47,"Shuriken":46,"Bloody Idol":19,"Strawberry":43,"Tiny Chest":8,"Fusion Hammer":34,"InkBottle":5,"Pocketwatch":6},{"Ice Cream":12,"Lantern":14,"Calipers":5,"Pear":10,"Torii":0,"Gremlin Horn":13,"Golden Idol":3,"The Courier":21,"Incense Burner":12,"Bottled Tornado":10,"Frozen Egg 2":21,"Burning Blood":0,"Sozu":9,"Centennial Puzzle":11,"Anchor":20,"Lizard Tail":22,"Shuriken":21,"Bloody Idol":10,"Strawberry":20,"Tiny Chest":5,"Fusion Hammer":15,"InkBottle":3,"Pocketwatch":4},{"Ice Cream":67,"Lantern":79,"Calipers":25,"Pear":54,"Torii":0,"Gremlin Horn":72,"Golden Idol":14,"The Courier":134,"Incense Burner":67,"Bottled Tornado":54,"Frozen Egg 2":134,"Burning Blood":0,"Sozu":48,"Centennial Puzzle":60,"Anchor":126,"Lizard Tail":140,"Shuriken":134,"Bloody Idol":54,"Strawberry":126,"Tiny Chest":25,"Fusion Hammer":93,"InkBottle":14,"Pocketwatch":18}],"InkBottle":[50],"Pocketwatch":[132]},"card_choices":[{"not_picked":["Warcry","Twin Strike"],"picked":"Shrug It Off","floor":1.0},{"not_picked":["Havoc","Battle Trance"],"picked":"Cleave","floor":2.0},{"not_picked":["Wild Strike","Heavy Blade"],"picked":"Sword Boomerang","floor":3.0},{"not_picked":["Cleave","Warcry"],"picked":"Armaments","floor":6.0},{"not_picked":["Heavy Blade","Dual Wield"],"picked":"Headbutt","floor":8.0},{"not_picked":["Warcry","Thunderclap"],"picked":"Disarm","floor":10.0},{"not_picked":["Sword Boomerang","Seeing Red"],"picked":"Juggernaut","floor":12.0},{"not_picked":["Clash","Anger","Headbutt"],"picked":"SKIP","floor":14.0},{"not_picked":["Fiend Fire","Limit Break"],"picked":"Feed","floor":16.0},{"not_picked":["Infernal Blade","Bloodletting","Cleave"],"picked":"SKIP","floor":18.0},{"not_picked":["Cleave","Offering"],"picked":"Iron Wave","floor":23.0},{"not_picked":["Pommel Strike","Iron Wave","Flex"],"picked":"SKIP","floor":25.0},{"not_picked":["Iron Wave","Headbutt","Combust"],"picked":"SKIP","floor":27.0},{"not_picked":["Flex+1","Warcry","Clash"],"picked":"SKIP","floor":31.0},{"not_picked":["Fiend Fire","Exhume"],"picked":"Demon Form","floor":33.0},{"not_picked":["Searing Blow","Perfected Strike+1"],"picked":"Clothesline+1","floor":35.0},{"not_picked":["Forethought","Purity"],"picked":"Chrysalis","floor":36.0},{"not_picked":["Mind Blast","Enlightenment"],"picked":"Bandage Up","floor":36.0},{"not_picked":["Magnetism","Forethought"],"picked":"Good Instincts","floor":36.0},{"not_picked":["Rupture+1","Havoc","Second Wind"],"picked":"SKIP","floor":37.0},{"not_picked":["Headbutt","Seeing Red","Infernal Blade"],"picked":"SKIP","floor":39.0},{"not_picked":["Pommel Strike","Bludgeon"],"picked":"Body Slam+1","floor":41.0},{"not_picked":["True Grit","Thunderclap+1"],"picked":"Heavy Blade","floor":42.0},{"not_picked":["Warcry","Shrug It Off"],"picked":"Shockwave","floor":44.0},{"not_picked":["Pommel Strike","Fire Breathing+1","Clothesline"],"picked":"SKIP","floor":47.0},{"not_picked":["Perfected Strike","Flame Barrier+1"],"picked":"Inflame+1","floor":48}],"player_experience":516473,"relics_obtained":[{"floor":6.0,"key":"Pocketwatch"},{"floor":8.0,"key":"Tiny Chest"},{"floor":9.0,"key":"Calipers"},{"floor":21.0,"key":"Pear"},{"floor":22.0,"key":"Bottled Tornado"},{"floor":23.0,"key":"Centennial Puzzle"},{"floor":25.0,"key":"Incense Burner"},{"floor":26.0,"key":"Ice Cream"},{"floor":31.0,"key":"Lantern"},{"floor":42.0,"key":"Anchor"},{"floor":43.0,"key":"Strawberry"},{"floor":44.0,"key":"Frozen Egg 2"},{"floor":45.0,"key":"The Courier"},{"floor":47.0,"key":"Lizard Tail"}],"event_choices":[{"damage_healed":0.0,"max_hp_gain":0.0,"max_hp_loss":0.0,"gold_gain":0.0,"event_name":"Golden Idol","player_choice":"Take Wound","floor":4.0,"gold_loss":0.0,"damage_taken":0.0,"relics_obtained":["Golden Idol"],"cards_obtained":["Injury"]},{"damage_healed":0.0,"max_hp_gain":0.0,"max_hp_loss":0.0,"gold_gain":0.0,"event_name":"Scrap Ooze","player_choice":"Success","floor":5.0,"gold_loss":0.0,"damage_taken":18.0,"relics_obtained":["InkBottle"]},{"damage_healed":0.0,"max_hp_gain":0.0,"max_hp_loss":0.0,"gold_gain":0.0,"event_name":"Forgotten Altar","player_choice":"Gave Idol","floor":19.0,"relics_lost":["Golden Idol"],"gold_loss":0.0,"damage_taken":0.0,"relics_obtained":["Bloody Idol"]},{"damage_healed":0.0,"max_hp_gain":0.0,"max_hp_loss":23.0,"gold_gain":0.0,"event_name":"Vampires","player_choice":"Became a vampire","floor":20.0,"gold_loss":0.0,"damage_taken":0.0,"cards_obtained":["Bite","Bite","Bite","Bite","Bite"]},{"damage_healed":0.0,"max_hp_gain":0.0,"max_hp_loss":0.0,"gold_gain":0.0,"event_name":"Ghosts","player_choice":"Ignored","floor":28.0,"gold_loss":0.0,"damage_taken":0.0},{"damage_healed":0.0,"max_hp_gain":0.0,"max_hp_loss":0.0,"gold_gain":0.0,"event_name":"SensoryStone","player_choice":"Memory 3","floor":36.0,"gold_loss":0.0,"damage_taken":10.0},{"cards_removed":["Disarm"],"damage_healed":0.0,"max_hp_gain":0.0,"max_hp_loss":0.0,"gold_gain":0.0,"event_name":"Falling","player_choice":"Removed Skill","floor":38.0,"gold_loss":0.0,"damage_taken":0.0}],"is_beta":false,"boss_relics":[{"not_picked":["Busted Crown","Pandora\u0027s Box"],"picked":"Sozu"},{"not_picked":["Empty Cage","Velvet Choker"],"picked":"Fusion Hammer"}],"items_purged_floors":[11],"is_endless":false,"potions_floor_spawned":[3,10,12,27,31,33,37,41,44],"ascension_level":18}}