{"host":"v711dtdb46xe9u7l","time":1610466338,"event":{"mods":["BaseMod","Minty Spire (QoL Compilation)","StSLib"],"gold_per_floor":[119,119,129,144,158,190,210,220,243,243,268,285,296,323,323,428,428,441,456,475,487,487,518,518,543,543,543,558,584,584,65,65,160,160,174,74,89,311,311,311,361,361,386,396,425,442,470,484,484,484,484,484,35,67,67],"floor_reached":56,"playtime":5273,"items_purged":["Bite","Defend_R"],"score":1636,"play_id":"18140a54-cace-4998-991a-c8c8721881f0","local_time":"20210112154538","is_ascension_mode":true,"campfire_choices":[{"data":"Berserk","floor":10,"key":"SMITH"},{"data":"Uppercut","floor":15,"key":"SMITH"},{"floor":24,"key":"REST"},{"floor":27,"key":"REST"},{"floor":32,"key":"REST"},{"data":"Barricade","floor":40,"key":"SMITH"},{"floor":42,"key":"RECALL"},{"data":"Entrench","floor":49,"key":"SMITH"},{"data":"True Grit","floor":52,"key":"SMITH"}],"circlet_count":0,"master_deck":["Defend_R","Defend_R+1","Defend_R","Bash","Berserk+1","Twin Strike","Burning Pact","Uppercut+1","Shrug It Off","True Grit+1","Pommel Strike","Dark Embrace","Immolate","Shockwave","Exhume","Flex+1","Flame Barrier","Power Through","Battle Trance+1","Dark Embrace+1","True Grit+1","Bite","Bite","Bite","Bite","Evolve","Barricade+1","Entrench+1","Madness","Madness","True Grit+1","Body Slam","Pommel Strike+1","Body Slam+1","Offering","Offering"],"relics":["Burning Blood","Bottled Tornado","Pen Nib","Orichalcum","Mark of Pain","War Paint","Anchor","Red Mask","ClockworkSouvenir","Centennial Puzzle","SacredBark","Unceasing Top","PreservedInsect","MealTicket","Boot","Bag of Preparation","Happy Flower"],"acts_visited":["Exordium","TheCity","TheBeyond","TheEnding"],"potions_floor_usage":[6,11,13,23,23,29,29,33,47,47,47,48,54,55,55,55,55],"damage_taken":[{"damage":7,"enemies":"Jaw Worm","floor":1,"turns":5},{"damage":0,"enemies":"Cultist","floor":3,"turns":4},{"damage":0,"enemies":"Small Slimes","floor":4,"turns":3},{"damage":13,"enemies":"Looter","floor":5,"turns":3},{"damage":22,"enemies":"3 Sentries","floor":6,"turns":8},{"damage":0,"enemies":"Exordium Wildlife","floor":7,"turns":4},{"damage":9,"enemies":"Blue Slaver","floor":8,"turns":4},{"damage":20,"enemies":"Lagavulin","floor":11,"turns":7},{"damage":7,"enemies":"Looter","floor":12,"turns":3},{"damage":11,"enemies":"3 Louse","floor":13,"turns":2},{"damage":10,"enemies":"3 Sentries","floor":14,"turns":2},{"damage":24,"enemies":"Hexaghost","floor":16,"turns":10},{"damage":10,"enemies":"2 Thieves","floor":18,"turns":2},{"damage":17,"enemies":"Shell Parasite","floor":19,"turns":5},{"damage":10,"enemies":"Snecko","floor":20,"turns":5},{"damage":28,"enemies":"Chosen and Byrds","floor":21,"turns":8},{"damage":52,"enemies":"Slavers","floor":23,"turns":12},{"damage":20,"enemies":"Gremlin Leader","floor":25,"turns":8},{"damage":16,"enemies":"Centurion and Healer","floor":28,"turns":6},{"damage":17,"enemies":"Masked Bandits","floor":29,"turns":4},{"damage":55,"enemies":"Automaton","floor":33,"turns":9},{"damage":3,"enemies":"3 Shapes","floor":35,"turns":4},{"damage":6,"enemies":"Orb Walker","floor":37,"turns":3},{"damage":0,"enemies":"Mind Bloom Boss Battle","floor":41,"turns":4},{"damage":32,"enemies":"Spire Growth","floor":44,"turns":8},{"damage":3,"enemies":"Nemesis","floor":45,"turns":11},{"damage":2,"enemies":"4 Shapes","floor":46,"turns":5},{"damage":30,"enemies":"Giant Head","floor":47,"turns":7},{"damage":8,"enemies":"Transient","floor":48,"turns":5},{"damage":38,"enemies":"Time Eater","floor":50,"turns":15},{"damage":28,"enemies":"Shield and Spear","floor":54,"turns":6},{"damage":70,"enemies":"The Heart","floor":55,"turns":13}],"seed_played":"-4255238369511692825","potions_obtained":[{"floor":1,"key":"GamblersBrew"},{"floor":2,"key":"FairyPotion"},{"floor":2,"key":"SkillPotion"},{"floor":3,"key":"PowerPotion"},{"floor":6,"key":"BloodPotion"},{"floor":11,"key":"BlessingOfTheForge"},{"floor":18,"key":"FearPotion"},{"floor":23,"key":"CultistPotion"},{"floor":25,"key":"EssenceOfSteel"},{"floor":37,"key":"SteroidPotion"},{"floor":46,"key":"Regen Potion"},{"floor":47,"key":"DuplicationPotion"},{"floor":48,"key":"Weak Potion"}],"is_trial":false,"path_per_floor":["M","?","M","M","M","E","M","M","T","R","E","M","M","E","R","B",null,"M","M","M","M","?","E","R","E","T","R","M","?","?","$","R","B",null,"M","$","M","?","?","R","?","R","T","M","E","M","E","M","R","B",null,"R","$","E","B",null],"character_chosen":"IRONCLAD","items_purchased":["ClockworkSouvenir","Evolve","SkillPotion","AttackPotion","Centennial Puzzle","Bag of Preparation","Weak Potion","EntropicBrew","Offering"],"campfire_rested":3,"item_purchase_floors":[31,31,31,31,31,53,53,53,53],"current_hp_per_floor":[71,71,77,80,73,57,63,60,60,60,62,61,56,52,52,34,69,65,54,50,28,28,8,32,18,18,42,34,25,25,25,49,20,65,74,74,80,80,70,70,76,76,76,54,65,75,66,72,72,48,72,72,80,66,12],"gold":67,"neow_bonus":"ONE_RANDOM_RARE_CARD","is_daily":false,"chose_seed":false,"campfire_upgraded":5,"win_rate":0.0,"timestamp":1610466338,"path_taken":["M","?","M","M","M","E","M","M","T","R","E","M","M","E","R","BOSS","M","M","M","M","?","E","R","E","T","R","M","?","?","$","R","BOSS","M","$","M","?","?","R","?","R","T","M","E","M","E","M","R","BOSS","R","$","E","BOSS"],"items_purchased_type":["Relic","Card","Potion","Potion","Relic","Relic","Potion","Potion","Card"],"build_version":"2020-12-22","purchased_purges":2,"victory":true,"max_hp_per_floor":[80,80,80,80,80,80,80,80,80,80,80,80,80,80,80,80,80,80,80,80,80,80,80,80,80,80,80,80,80,80,80,80,80,80,80,80,80,80,80,80,80,80,80,80,80,80,80,80,80,80,80,80,80,80,80],"card_choices":[{"not_picked":["Metallicize","Hemokinesis"],"picked":"Twin Strike","floor":1},{"not_picked":["Bloodletting","Power Through"],"picked":"Burning Pact","floor":3},{"not_picked":["Dark Embrace","Metallicize"],"picked":"Uppercut","floor":4},{"not_picked":["True Grit","Power Through"],"picked":"Shrug It Off","floor":5},{"not_picked":["Anger","Cleave"],"picked":"True Grit","floor":6},{"not_picked":["Iron Wave","Cleave"],"picked":"Pommel Strike","floor":7},{"not_picked":["Cleave","Wild Strike"],"picked":"Dark Embrace","floor":8},{"not_picked":["Heavy Blade","Metallicize"],"picked":"Immolate","floor":11},{"not_picked":["Iron Wave","True Grit","Havoc"],"picked":"SKIP","floor":12},{"not_picked":["Anger","Power Through"],"picked":"Shockwave","floor":13},{"not_picked":["Cleave","Iron Wave","Havoc"],"picked":"SKIP","floor":14},{"not_picked":["Corruption","Fiend Fire"],"picked":"Exhume","floor":16},{"not_picked":["Sentinel","Armaments"],"picked":"Flex+1","floor":18},{"not_picked":["Bloodletting","Iron Wave"],"picked":"Flame Barrier","floor":19},{"not_picked":["Twin Strike","Rage","Flex+1"],"picked":"SKIP","floor":20},{"not_picked":["Clothesline","Cleave+1"],"picked":"Power Through","floor":21},{"not_picked":["Dark Embrace","Cleave","Perfected Strike"],"picked":"SKIP","floor":23},{"not_picked":["Dual Wield+1","Headbutt"],"picked":"Battle Trance+1","floor":25},{"not_picked":["Havoc","Inflame"],"picked":"Dark Embrace+1","floor":28},{"not_picked":["Ghostly Armor","Shrug It Off"],"picked":"True Grit","floor":29},{"not_picked":["Berserk","Reaper"],"picked":"Barricade","floor":33},{"not_picked":["Havoc+1","Heavy Blade+1","Uppercut"],"picked":"SKIP","floor":35},{"not_picked":["Thunderclap","Sentinel"],"picked":"Entrench","floor":37},{"not_picked":["Sword Boomerang+1","Heavy Blade"],"picked":"True Grit+1","floor":41},{"not_picked":["Iron Wave+1","Evolve+1","Thunderclap+1"],"picked":"SKIP","floor":44},{"not_picked":["Twin Strike+1","Clothesline+1"],"picked":"Body Slam","floor":45},{"not_picked":["Havoc+1","Rage+1","Perfected Strike+1"],"picked":"SKIP","floor":46},{"not_picked":["Headbutt","Bloodletting"],"picked":"Pommel Strike+1","floor":47},{"not_picked":["Power Through+1","Intimidate+1"],"picked":"Body Slam+1","floor":48},{"not_picked":["Pommel Strike","Thunderclap+1"],"picked":"Offering","floor":54}],"player_experience":319594,"relics_obtained":[{"floor":6,"key":"Bottled Tornado"},{"floor":11,"key":"Pen Nib"},{"floor":14,"key":"Orichalcum"},{"floor":23,"key":"War Paint"},{"floor":25,"key":"Blood Vial"},{"floor":26,"key":"Anchor"},{"floor":29,"key":"Red Mask"},{"floor":41,"key":"Unceasing Top"},{"floor":43,"key":"PreservedInsect"},{"floor":45,"key":"MealTicket"},{"floor":47,"key":"Boot"},{"floor":54,"key":"Happy Flower"}],"event_choices":[{"damage_healed":0,"gold_gain":0,"player_choice":"Got Potions","damage_taken":0,"max_hp_gain":0,"max_hp_loss":0,"event_name":"Lab","floor":2,"gold_loss":0},{"damage_healed":0,"gold_gain":0,"player_choice":"Ignored","damage_taken":0,"max_hp_gain":0,"max_hp_loss":0,"event_name":"Ghosts","floor":22,"gold_loss":0},{"damage_healed":0,"gold_gain":0,"player_choice":"Fought Bandits","damage_taken":0,"max_hp_gain":0,"max_hp_loss":0,"event_name":"Masked Bandits","floor":29,"gold_loss":0},{"damage_healed":0,"gold_gain":0,"player_choice":"Became a vampire (Vial)","damage_taken":0,"max_hp_gain":0,"max_hp_loss":0,"event_name":"Vampires","floor":30,"relics_lost":["Blood Vial"],"gold_loss":0,"cards_obtained":["Bite","Bite","Bite","Bite","Bite"]},{"damage_healed":0,"gold_gain":222,"player_choice":"Wore Mask","damage_taken":0,"max_hp_gain":0,"max_hp_loss":0,"event_name":"Tomb of Lord Red Mask","floor":38,"gold_loss":0},{"damage_healed":0,"gold_gain":0,"player_choice":"Embrace Madness","damage_taken":10,"max_hp_gain":0,"max_hp_loss":0,"event_name":"Winding Halls","floor":39,"gold_loss":0,"cards_obtained":["Madness","Madness"]},{"damage_healed":0,"gold_gain":0,"player_choice":"Fight","damage_taken":0,"max_hp_gain":0,"max_hp_loss":0,"event_name":"MindBloom","floor":41,"gold_loss":0}],"is_beta":false,"boss_relics":[{"not_picked":["Coffee Dripper","Ectoplasm"],"picked":"Mark of Pain"},{"not_picked":["Busted Crown","Velvet Choker"],"picked":"SacredBark"}],"items_purged_floors":[31,36],"is_endless":false,"potions_floor_spawned":[1,3,6,7,11,18,23,25,37,46,47,48],"ascension_level":7}}