{"host":"p9t7qd83igtcp2bh","time":1610431904,"event":{"mods":["2.2 Compatiblity","AchievementEnabler","BaseMod","Colored Map","Colored Powertips","Custom Start","DeckTracker","Keyboard Shortcuts","Minty Spire (QoL Compilation)","Permanent Neow","StSLib","SuperFastMode","everything is the same but u backflip on backflip"],"gold_per_floor":[212,212,85,105,5,5,5,15,15,15,41,41,60,90,90,164,164,179,194,207,157,157,192,192,211,266,157,174,174,174,174,174,249,249,268,268,268,115,115,115,140,170,193,193,83,117,117,168,168,168,168,168,61,93,93],"floor_reached":56,"playtime":1860,"items_purged":["Defend_B","Defend_B","Defend_B","Strike_B","Zap","Defend_B","Auto Shields+1"],"score":2295,"play_id":"926b322c-1f88-450e-9589-fcfaed551342","local_time":"20210112151144","is_ascension_mode":true,"campfire_choices":[{"data":"Fusion","floor":6.0,"key":"SMITH"},{"data":"Sweeping Beam","floor":10.0,"key":"SMITH"},{"data":"Dualcast","floor":15.0,"key":"SMITH"},{"data":"Auto Shields","floor":24.0,"key":"SMITH"},{"data":"Coolheaded","floor":30.0,"key":"SMITH"},{"floor":32.0,"key":"RECALL"},{"floor":40.0,"key":"REST"},{"floor":44.0,"key":"REST"},{"floor":47.0,"key":"REST"},{"floor":49.0,"key":"REST"},{"floor":52.0,"key":"REST"}],"circlet_count":0,"master_deck":["AscendersBane","Dualcast+1","Fusion+1","Sweeping Beam+1","BootSequence","Coolheaded+1","Meteor Strike","Coolheaded+1","Flash of Steel","Madness+1","Madness","Recycle+1"],"relics":["Cracked Core","Turnip","Symbiotic Virus","Smiling Mask","White Beast Statue","Philosopher\u0027s Stone","Tiny Chest","Ancient Tea Set","Fusion Hammer","CaptainsWheel","Art of War","DataDisk","War Paint","Strawberry","Lizard Tail","StrikeDummy"],"acts_visited":["Exordium","TheCity","TheBeyond","TheEnding"],"potions_floor_usage":[55,55,55,55,55,55,55],"damage_taken":[{"damage":3.0,"enemies":"2 Louse","floor":1.0,"turns":2.0},{"damage":1.0,"enemies":"Cultist","floor":4.0,"turns":3.0},{"damage":12.0,"enemies":"Small Slimes","floor":8.0,"turns":3.0},{"damage":29.0,"enemies":"3 Sentries","floor":11.0,"turns":5.0},{"damage":0.0,"enemies":"Exordium Thugs","floor":13.0,"turns":4.0},{"damage":0.0,"enemies":"Lagavulin","floor":14.0,"turns":6.0},{"damage":0.0,"enemies":"The Guardian","floor":16.0,"turns":12.0},{"damage":16.0,"enemies":"3 Byrds","floor":18.0,"turns":4.0},{"damage":17.0,"enemies":"2 Thieves","floor":19.0,"turns":4.0},{"damage":6.0,"enemies":"Cultist and Chosen","floor":20.0,"turns":7.0},{"damage":0.0,"enemies":"Book of Stabbing","floor":23.0,"turns":3.0},{"damage":0.0,"enemies":"Snecko","floor":25.0,"turns":2.0},{"damage":0.0,"enemies":"Centurion and Healer","floor":28.0,"turns":3.0},{"damage":32.0,"enemies":"Champ","floor":33.0,"turns":14.0},{"damage":21.0,"enemies":"Orb Walker","floor":35.0,"turns":3.0},{"damage":34.0,"enemies":"Mind Bloom Boss Battle","floor":41.0,"turns":5.0},{"damage":29.0,"enemies":"Nemesis","floor":42.0,"turns":7.0},{"damage":0.0,"enemies":"Giant Head","floor":46.0,"turns":2.0},{"damage":46.0,"enemies":"2 Orb Walkers","floor":48.0,"turns":5.0},{"damage":12.0,"enemies":"Time Eater","floor":50.0,"turns":8.0},{"damage":60,"enemies":"Shield and Spear","floor":54,"turns":4},{"damage":67,"enemies":"The Heart","floor":55,"turns":6}],"seed_played":"7704730810480312944","potions_obtained":[{"floor":7.0,"key":"Energy Potion"},{"floor":7.0,"key":"LiquidMemories"},{"floor":14.0,"key":"DuplicationPotion"},{"floor":16.0,"key":"Explosive Potion"},{"floor":18.0,"key":"EssenceOfSteel"},{"floor":20.0,"key":"DuplicationPotion"},{"floor":23.0,"key":"FearPotion"},{"floor":25.0,"key":"EssenceOfSteel"},{"floor":28.0,"key":"Fire Potion"},{"floor":33.0,"key":"Fire Potion"},{"floor":41.0,"key":"SpeedPotion"},{"floor":42.0,"key":"LiquidMemories"},{"floor":46.0,"key":"Strength Potion"},{"floor":48.0,"key":"AttackPotion"}],"is_trial":false,"path_per_floor":["M","?","$","M","$","R","?","M","T","R","E","?","M","E","R","B",null,"M","M","M","$","?","E","R","M","T","$","M","?","R","?","R","B",null,"M","?","T","$","?","R","?","E","T","R","$","E","R","?","R","B",null,"R","$","E","B",null],"character_chosen":"DEFECT","items_purchased":["Sweeping Beam","Coolheaded","Flash of Steel","War Paint","Strength Potion"],"campfire_rested":5,"item_purchase_floors":[3,27,38,45,53],"current_hp_per_floor":[61,61,61,60,60,60,60,48,48,48,19,1,1,1,1,1,54,38,21,15,15,15,15,15,15,15,15,15,15,15,39,39,67,74,53,53,53,53,39,61,27,43,43,65,65,72,83,37,61,49,75,83,83,23,15],"gold":93,"neow_bonus":"HUNDRED_GOLD","is_daily":false,"chose_seed":false,"campfire_upgraded":5,"win_rate":0.0,"timestamp":1610431904,"path_taken":["M","?","?","M","$","R","?","?","T","R","E","?","M","E","R","BOSS","M","M","M","$","?","E","R","M","T","$","M","?","R","?","R","BOSS","M","?","?","$","?","R","?","E","T","R","$","E","R","?","R","BOSS","R","$","E","BOSS"],"items_purchased_type":["Card","Card","Card","Relic","Potion"],"build_version":"2020-12-22","purchased_purges":7,"victory":true,"max_hp_per_floor":[71,71,71,71,71,71,71,71,71,71,71,71,71,71,71,71,71,71,71,71,71,71,71,71,71,71,71,71,71,71,76,76,76,76,76,76,76,76,76,76,76,76,76,76,76,83,83,83,83,83,83,83,83,83,83],"card_choices":[{"not_picked":["Turbo","Go for the Eyes"],"picked":"Fusion","floor":1.0},{"not_picked":["Lockon","Loop","Capacitor"],"picked":"SKIP","floor":4.0},{"not_picked":["Rebound","Conserve Battery","Leap"],"picked":"SKIP","floor":8.0},{"not_picked":["Beam Cell","Gash"],"picked":"BootSequence","floor":11.0},{"not_picked":["Tempest","Stack","Ball Lightning"],"picked":"SKIP","floor":13.0},{"not_picked":["Sweeping Beam","Barrage","Stack"],"picked":"SKIP","floor":14.0},{"not_picked":["Force Field","Beam Cell+1","Self Repair"],"picked":"SKIP","floor":18.0},{"not_picked":["Barrage","Gash+1","FTL"],"picked":"SKIP","floor":19.0},{"not_picked":["Reprogram","Glacier","Turbo"],"picked":"SKIP","floor":20.0},{"not_picked":["Barrage","Ball Lightning","Double Energy+1"],"picked":"SKIP","floor":23.0},{"not_picked":["Capacitor","Steam","Rip and Tear"],"picked":"SKIP","floor":25.0},{"not_picked":["Hologram","Rip and Tear","Genetic Algorithm"],"picked":"SKIP","floor":28.0},{"not_picked":["Buffer","Fission"],"picked":"Meteor Strike","floor":33.0},{"not_picked":["Turbo","Steam"],"picked":"Coolheaded","floor":35.0},{"not_picked":["Coolheaded","Leap","Thunder Strike"],"picked":"SKIP","floor":42.0},{"not_picked":["Go for the Eyes","Ball Lightning","Stack"],"picked":"SKIP","floor":46.0},{"not_picked":["Conserve Battery+1","Aggregate","Static Discharge"],"picked":"SKIP","floor":54}],"player_experience":629761,"relics_obtained":[{"floor":9.0,"key":"Turnip"},{"floor":11.0,"key":"Symbiotic Virus"},{"floor":14.0,"key":"White Beast Statue"},{"floor":23.0,"key":"Tiny Chest"},{"floor":26.0,"key":"Ancient Tea Set"},{"floor":41.0,"key":"CaptainsWheel"},{"floor":42.0,"key":"Art of War"},{"floor":43.0,"key":"DataDisk"},{"floor":46.0,"key":"Strawberry"},{"floor":48.0,"key":"Lizard Tail"},{"floor":54,"key":"StrikeDummy"}],"event_choices":[{"damage_healed":0.0,"max_hp_gain":0.0,"max_hp_loss":0.0,"gold_gain":0.0,"cards_transformed":["Strike_B"],"event_name":"Transmorgrifier","player_choice":"Transformed","floor":2.0,"gold_loss":0.0,"damage_taken":0.0,"cards_obtained":["Auto Shields"]},{"damage_healed":0.0,"max_hp_gain":0.0,"max_hp_loss":0.0,"gold_gain":0.0,"event_name":"Lab","player_choice":"Got Potions","floor":7.0,"gold_loss":0.0,"damage_taken":0.0},{"damage_healed":0.0,"max_hp_gain":0.0,"max_hp_loss":0.0,"gold_gain":0.0,"event_name":"Scrap Ooze","player_choice":"Success","floor":12.0,"gold_loss":0.0,"damage_taken":18.0,"relics_obtained":["Smiling Mask"]},{"damage_healed":0.0,"max_hp_gain":0.0,"max_hp_loss":0.0,"gold_gain":0.0,"event_name":"Ghosts","player_choice":"Ignored","floor":22.0,"gold_loss":0.0,"damage_taken":0.0},{"cards_removed":["Strike_B"],"damage_healed":0.0,"max_hp_gain":0.0,"max_hp_loss":0.0,"gold_gain":0.0,"event_name":"Back to Basics","player_choice":"Elegance","floor":29.0,"gold_loss":0.0,"damage_taken":0.0},{"damage_healed":0.0,"max_hp_gain":5.0,"max_hp_loss":0.0,"gold_gain":0.0,"event_name":"Forgotten Altar","player_choice":"Shed Blood","floor":31.0,"gold_loss":0.0,"damage_taken":25.0},{"cards_removed":["Strike_B"],"damage_healed":0.0,"max_hp_gain":0.0,"max_hp_loss":0.0,"gold_gain":0.0,"event_name":"Falling","player_choice":"Removed Attack","floor":36.0,"gold_loss":0.0,"damage_taken":0.0},{"damage_healed":0.0,"max_hp_gain":0.0,"max_hp_loss":0.0,"gold_gain":0.0,"event_name":"Winding Halls","player_choice":"Embrace Madness","floor":39.0,"gold_loss":0.0,"damage_taken":14.0,"cards_obtained":["Madness","Madness"]},{"damage_healed":0.0,"max_hp_gain":0.0,"max_hp_loss":0.0,"gold_gain":0.0,"event_name":"MindBloom","player_choice":"Fight","floor":41.0,"gold_loss":0.0,"damage_taken":0.0},{"damage_healed":0.0,"max_hp_gain":0.0,"max_hp_loss":0.0,"gold_gain":0.0,"event_name":"Mysterious Sphere","player_choice":"Fight","floor":48.0,"gold_loss":0.0,"damage_taken":0.0}],"is_beta":false,"boss_relics":[{"not_picked":["Snecko Eye","SlaversCollar"],"picked":"Philosopher\u0027s Stone"},{"not_picked":["Astrolabe","SacredBark"],"picked":"Fusion Hammer"}],"items_purged_floors":[3,5,21,27,38,45,53],"is_endless":false,"potions_floor_spawned":[8,14,16,18,19,20,23,25,28,33,35,41,42,46,48,54],"ascension_level":18}}