{"host":"4g8vayc9pwrwu92h","time":1610465334,"event":{"mods":["Act Like it!","BaseMod","Downfall","Friendly Minions","Minty Spire (QoL Compilation)","Pale of the Ancients","StSLib","The Jungle"],"gold_per_floor":[99,116,116,130,141,164,164,68,100,25,200,125,35,135,152,255,255,255,269,281,4,20,45,45,320,340,353,278,291,79,79,91,192,192,192,212,165,185,200,200,253,253,98,98,98,1,20,20,39,39,39,39,39,39],"floor_reached":52,"playtime":4335,"items_purged":["Doubt","Regret"],"score":677,"play_id":"0da1cbea-a2cd-48fb-b712-2386bc32b358","local_time":"20210112232854","is_ascension_mode":false,"campfire_choices":[{"floor":1,"key":"RECALL"},{"data":"Slimebound:FirmFortitude","floor":10,"key":"SMITH"},{"data":"Slimebound:MegaLick","floor":12,"key":"SMITH"},{"data":"Slimebound:Recycling","floor":18,"key":"SMITH"},{"floor":28,"key":"REST"},{"data":"Slimebound:SelfFormingGoo","floor":35,"key":"SMITH"},{"data":"expansioncontent:QuickStudy","floor":40,"key":"SMITH"},{"data":"Slimebound:DouseInSlime","floor":44,"key":"SMITH"}],"circlet_count":0,"master_deck":["Slimebound:Strike_Slimebound","Slimebound:Strike_Slimebound","Slimebound:Strike_Slimebound+1","Slimebound:Tackle+1","Slimebound:Defend_Slimebound","Slimebound:Defend_Slimebound","Slimebound:Defend_Slimebound","Slimebound:Defend_Slimebound","Slimebound:Split+1","Slimebound:CorrosiveSpit+1","Slimebound:SamplingLick+1","Slimebound:RollThrough","Slimebound:SlimeTap","Slimebound:MegaLick+1","Slimebound:FirmFortitude+1","Slimebound:SplitMire","Slimebound:Recycling+1","Slimebound:SelfFormingGoo+1","Slimebound:LeechEnergy+1","Slimebound:DouseInSlime+1","Slimebound:LeadByExample","Slimebound:ProtectTheBoss","Slimebound:GoopSpray+1","Slimebound:RejuvenatingLick","expansioncontent:QuickStudy+1","Slimebound:CheckThePlaybook","Slimebound:RainOfGoop+1","expansioncontent:CaCaw","expansioncontent:AwakenDeath"],"relics":["Slimebound:AbsorbEndCombatUpgraded","Lantern","Slimebound:AggressiveSlimeRelic","Oddly Smooth Stone","downfall:HeartBlessingRed","downfall:HeartBlessingBlue","Velvet Choker","Bottled Tornado","Ornamental Fan","Eternal Feather","downfall:HeartBlessingGreen","Whetstone","War Paint","Toolbox"],"acts_visited":["Exordium","TheCity","TheBeyond","TheEnding"],"potions_floor_usage":[9,16,16,26,33,33,36,38,45,47,50,50],"damage_taken":[{"damage":16,"enemies":"2 Louse","floor":2,"turns":3},{"damage":9,"enemies":"Jaw Worm","floor":4,"turns":4},{"damage":15,"enemies":"Small Slimes","floor":5,"turns":3},{"damage":12,"enemies":"downfall:FleeingMerchant","floor":8,"turns":4},{"damage":26,"enemies":"Lagavulin","floor":9,"turns":5},{"damage":12,"enemies":"downfall:FleeingMerchant","floor":13,"turns":4},{"damage":12,"enemies":"Gremlin Gang","floor":15,"turns":3},{"damage":54,"enemies":"downfall:Silent","floor":16,"turns":6},{"damage":16,"enemies":"3 Byrds","floor":19,"turns":4},{"damage":37,"enemies":"Centurion and Healer","floor":20,"turns":4},{"damage":15,"enemies":"downfall:FleeingMerchant","floor":21,"turns":4},{"damage":30,"enemies":"Chosen and Byrds","floor":22,"turns":4},{"damage":47,"enemies":"Gremlin Leader","floor":23,"turns":5},{"damage":35,"enemies":"Sentry and Sphere","floor":26,"turns":5},{"damage":46,"enemies":"Centurion and Healer","floor":27,"turns":5},{"damage":23,"enemies":"Snecko","floor":29,"turns":5},{"damage":27,"enemies":"downfall:FleeingMerchant","floor":30,"turns":4},{"damage":33,"enemies":"Snake Plant","floor":32,"turns":3},{"damage":74,"enemies":"downfall:Ironclad","floor":33,"turns":6},{"damage":24,"enemies":"3 Darklings","floor":36,"turns":4},{"damage":27,"enemies":"downfall:FleeingMerchant","floor":37,"turns":3},{"damage":4,"enemies":"Orb Walker","floor":38,"turns":3},{"damage":68,"enemies":"Transient","floor":39,"turns":5},{"damage":4,"enemies":"Reptomancer","floor":45,"turns":1},{"damage":25,"enemies":"Sphere and 2 Shapes","floor":47,"turns":5},{"damage":39,"enemies":"4 Shapes","floor":49,"turns":3},{"damage":10,"enemies":"downfall:Watcher","floor":50,"turns":6},{"damage":212,"enemies":"downfall:CharBossMerchant","floor":52,"turns":7}],"seed_played":"2217062989670980911","potions_obtained":[{"floor":2,"key":"ColorlessPotion"},{"floor":5,"key":"SkillPotion"},{"floor":15,"key":"SteroidPotion"},{"floor":16,"key":"FairyPotion"},{"floor":19,"key":"EssenceOfSteel"},{"floor":22,"key":"BlessingOfTheForge"},{"floor":27,"key":"Fire Potion"},{"floor":33,"key":"GamblersBrew"},{"floor":36,"key":"Fire Potion"},{"floor":39,"key":"SmokeBomb"},{"floor":47,"key":"EssenceOfSteel"},{"floor":49,"key":"ColorlessPotion"}],"is_trial":false,"path_per_floor":["R","M","?","M","M","T","T","$","E","R","?","R","$","?","M","B",null,"R","M","M","$","M","E","T","?","M","M","R","M","$","?","M","B",null,"R","M","$","M","M","R","T","?","$","R","E","$","M","$","M","B",null,"E"],"character_chosen":"SLIMEBOUND","items_purchased":["Slimebound:MegaLick","Bottled Tornado","expansioncontent:QuickStudy","Whetstone","expansioncontent:CaCaw","LiquidMemories","Toolbox","expansioncontent:AwakenDeath"],"campfire_rested":1,"item_purchase_floors":[8,21,30,37,37,37,43,46],"current_hp_per_floor":[60,54,47,52,49,49,49,55,45,45,45,55,59,59,65,53,70,70,66,53,60,62,47,47,47,42,20,56,49,50,50,43,13,70,70,70,59,67,57,70,70,70,70,70,70,70,70,70,54,70,70,0,0,0],"gold":39,"neow_bonus":"UPGRADE_CARD","is_daily":false,"chose_seed":false,"campfire_upgraded":6,"win_rate":0.0,"timestamp":1610465334,"path_taken":["R","M","?","M","M","?","T","$","E","R","?","R","$","?","M","BOSS","R","M","M","$","M","E","T","?","M","?","R","M","?","?","M","BOSS","R","M","$","?","?","R","T","?","$","R","E","?","M","$","M","BOSS","E"],"items_purchased_type":["Card","Relic","Card","Relic","Card","Potion","Relic","Card"],"build_version":"2020-12-22","purchased_purges":2,"victory":false,"max_hp_per_floor":[60,60,60,60,60,60,60,60,60,60,60,70,70,70,70,70,70,70,70,70,70,70,70,70,70,70,70,70,70,70,70,70,70,70,70,70,70,70,70,70,70,70,70,70,70,70,70,70,70,70,70,70,70,70],"card_choices":[{"not_picked":["Slimebound:Grow","Slimebound:SlimeBrawl"],"picked":"Slimebound:SamplingLick","floor":2},{"not_picked":["Slimebound:PressTheAttack","Slimebound:LeechingTouch"],"picked":"Slimebound:RollThrough","floor":4},{"not_picked":["Slimebound:DivideAndConquer","Slimebound:RollThrough"],"picked":"Slimebound:SlimeTap","floor":5},{"not_picked":["Slimebound:GoopTackle","Slimebound:SamplingLick"],"picked":"Slimebound:AcidTongue","floor":8},{"not_picked":["Slimebound:MegaLick","Slimebound:LeechEnergy"],"picked":"Slimebound:FirmFortitude","floor":9},{"not_picked":["Slimebound:GoopSpray","Slimebound:SplitLeeching"],"picked":"Slimebound:SplitMire","floor":13},{"not_picked":["Slimebound:SplitLeeching","Slimebound:SplitMire"],"picked":"Slimebound:Recycling","floor":15},{"not_picked":["Slimebound:Teamwork","Slimebound:MinionMaster"],"picked":"Slimebound:SelfFormingGoo","floor":16},{"not_picked":["Slimebound:Schlurp","Slimebound:SplitLeeching"],"picked":"Slimebound:LeechEnergy+1","floor":19},{"not_picked":["Slimebound:ViciousTackle","Slimebound:Recollect","Slimebound:Schlurp+1"],"picked":"SKIP","floor":20},{"not_picked":["Slimebound:GoopTackle","Slimebound:SamplingLick"],"picked":"Slimebound:DouseInSlime","floor":21},{"not_picked":["Slimebound:ServeAndProtect+1","Slimebound:Schlurp+1","Slimebound:Gluttony"],"picked":"SKIP","floor":22},{"not_picked":["Slimebound:SlimeBrawl","Slimebound:DouseInSlime"],"picked":"Slimebound:LeadByExample","floor":23},{"not_picked":["Slimebound:SlimeSpikes","Slimebound:FinishingTackle"],"picked":"Slimebound:ProtectTheBoss","floor":26},{"not_picked":["Slimebound:Gluttony","Slimebound:SplitLeeching"],"picked":"Slimebound:GoopSpray+1","floor":27},{"not_picked":["Slimebound:SlimeSpikes","Slimebound:LeechEnergy","Slimebound:Schlurp"],"picked":"SKIP","floor":29},{"not_picked":["Slimebound:MegaLick+1","Slimebound:Dissolve"],"picked":"Slimebound:RejuvenatingLick","floor":30},{"not_picked":["Slimebound:SlimeTap","Slimebound:ServeAndProtect","Slimebound:RallyTheTroops"],"picked":"SKIP","floor":32},{"not_picked":["Slimebound:Teamwork","Slimebound:RallyTheTroops"],"picked":"Slimebound:CheckThePlaybook","floor":33},{"not_picked":["Slimebound:ServeAndProtect+1","Slimebound:ComboTackle"],"picked":"Slimebound:RainOfGoop+1","floor":36},{"not_picked":["Slimebound:PressTheAttack","Slimebound:FormOfPuddle+1","Slimebound:SplitAcid"],"picked":"SKIP","floor":37},{"not_picked":["Slimebound:SplitMire","Slimebound:ComboTackle","Slimebound:SplitLeeching+1"],"picked":"SKIP","floor":38},{"not_picked":["Slimebound:DisruptingSlam","Slimebound:SamplingLick+1","Slimebound:Equalize"],"picked":"SKIP","floor":39},{"not_picked":["Slimebound:SlimeSpikes+1","Slimebound:LeechingTouch","Slimebound:SplitAcid+1"],"picked":"SKIP","floor":47},{"not_picked":["Slimebound:SplitBruiser","Slimebound:SplitAcid","Slimebound:FinishingTackle+1"],"picked":"SKIP","floor":49}],"player_experience":393946,"relics_obtained":[{"floor":6,"key":"Slimebound:AggressiveSlimeRelic"},{"floor":9,"key":"Oddly Smooth Stone"},{"floor":23,"key":"Ornamental Fan"},{"floor":24,"key":"Eternal Feather"},{"floor":41,"key":"War Paint"}],"event_choices":[{"damage_healed":0,"gold_gain":0,"player_choice":"Success","damage_taken":7,"relics_obtained":["Lantern"],"max_hp_gain":0,"max_hp_loss":0,"event_name":"Scrap Ooze","floor":3,"gold_loss":0},{"damage_healed":0,"gold_gain":0,"player_choice":"Ignored","damage_taken":0,"max_hp_gain":0,"max_hp_loss":0,"event_name":"NoteForYourself","floor":31,"gold_loss":0},{"cards_removed":["Slimebound:AcidTongue"],"damage_healed":0,"gold_gain":0,"player_choice":"Removed Power","damage_taken":0,"max_hp_gain":0,"max_hp_loss":0,"event_name":"Falling","floor":42,"gold_loss":0}],"is_beta":false,"boss_relics":[{"not_picked":["Runic Dome","Snecko Eye"],"picked":"Velvet Choker"},{"not_picked":["Runic Pyramid","Busted Crown"],"picked":"Slimebound:AbsorbEndCombatUpgraded"}],"items_purged_floors":[13,37],"is_endless":false,"potions_floor_spawned":[2,5,15,16,19,22,27,33,36,39,47,49],"killed_by":"downfall:CharBossMerchant","ascension_level":0}}