{"host":"bpkhhmvsfrvlto2l","time":1610418879,"event":{"mods":["2.2 Compatiblity","AchievementEnabler","Act Like it!","AlwaysNeverKeys","Aspiration","BaseMod","Better Silent Start","Challenge The Spire","Colored Map","Colored Powertips","Custom Start","Downfall","Energized Spire","Friendly Minions","GifTheSpireLib","Halation","Hubris","Infinite Spire","Ironclad Rager","Mimic Mod","Minty Spire (QoL Compilation)","Permanent Neow","Quick Restart","Random Character Button","Relic Sorter","Replay The Spire","Spikes Relics","StSLib","Stuff the Spire","Swap Starting Deck Mod","Trackpad"],"gold_per_floor":[119,139,139,93,93,93,128,145,145,245,245,256,256,275,275,378,378,388,388,402,402,501,501,534,544,568,579,604,615,615,615,615,615,615],"floor_reached":33,"playtime":789,"items_purged":[],"score":366,"play_id":"8d742992-82f0-4076-bc08-d83298b26e5d","local_time":"20210111213439","is_ascension_mode":true,"campfire_choices":[{"data":"Poisoned Stab","floor":6,"key":"SMITH"},{"data":"Neutralize","floor":11,"key":"SMITH"},{"data":"Dagger Spray","floor":13,"key":"SMITH"},{"data":"Poisoned Stab","floor":15,"key":"SMITH"},{"data":"Survivor","floor":23,"key":"SMITH"},{"floor":30,"key":"REST"},{"floor":32,"key":"REST"}],"circlet_count":0,"master_deck":["Strike_G","Strike_G","Strike_G","Defend_G","Defend_G","Defend_G","Defend_G","Survivor+1","Neutralize+1","Poisoned Stab+1","Dagger Spray+1","Poisoned Stab+1","Poisoned Stab+1","Caltrops","Poisoned Stab","Decay"],"relics":["Ring of the Snake","trackpad:PetRock","trackpad:ByrdBGone","Paper Crane","Centennial Puzzle","trackpad:RapidFire"],"acts_visited":["Exordium","TheCity"],"potions_floor_usage":[7,7,7,16,18,24,29,33,33],"damage_taken":[{"damage":1,"enemies":"2 Louse","floor":1,"turns":3},{"damage":14,"enemies":"Cultist","floor":2,"turns":5},{"damage":13,"enemies":"3 Sentries","floor":7,"turns":10},{"damage":0,"enemies":"Small Slimes","floor":8,"turns":2},{"damage":0,"enemies":"3 Louse","floor":12,"turns":4},{"damage":0,"enemies":"Lots of Slimes","floor":14,"turns":1},{"damage":35,"enemies":"Fading Forest","floor":16,"turns":11},{"damage":11,"enemies":"2 Thieves","floor":18,"turns":4},{"damage":12,"enemies":"Chosen","floor":20,"turns":3},{"damage":0,"enemies":"Replay:Snechameleon","floor":24,"turns":4},{"damage":5,"enemies":"Snecko","floor":25,"turns":4},{"damage":1,"enemies":"Cultist and Chosen","floor":27,"turns":5},{"damage":25,"enemies":"Gremlin Leader","floor":28,"turns":7},{"damage":6,"enemies":"3 Cultists","floor":29,"turns":4},{"damage":74,"enemies":"Champ","floor":33,"turns":6}],"seed_played":"992743157006699719","potions_obtained":[{"floor":1,"key":"Reflective Coating"},{"floor":3,"key":"Elixir"},{"floor":3,"key":"Death Potion"},{"floor":3,"key":"EntropicBrew"},{"floor":16,"key":"Adrenaline Potion"},{"floor":18,"key":"DistilledChaos"},{"floor":28,"key":"Poison Potion"}],"is_trial":false,"path_per_floor":["M","M","?","$","?","R","E","M","T","?","R","M","R","M","R","B",null,"M","?","M","?","?","R","E","M","T","M","E","M","R","?","R","B"],"character_chosen":"THE_SILENT","items_purchased":["Poisoned Stab"],"campfire_rested":2,"item_purchase_floors":[4],"current_hp_per_floor":[76,62,62,62,62,62,49,49,49,49,49,49,49,49,49,34,77,66,66,54,54,54,54,54,49,49,48,23,17,40,40,63,0,0],"gold":615,"neow_bonus":"TEN_PERCENT_HP_BONUS","is_daily":false,"chose_seed":false,"campfire_upgraded":5,"win_rate":0.0,"timestamp":1610418879,"path_taken":["M","M","?","?","?","R","E","M","T","?","R","?","R","M","R","BOSS","M","?","?","?","?","R","E","?","T","M","E","M","R","?","R","BOSS"],"items_purchased_type":["Card"],"build_version":"2020-12-22","purchased_purges":0,"victory":false,"max_hp_per_floor":[77,77,77,77,77,77,77,77,77,77,77,77,77,77,77,77,77,77,77,77,77,77,77,77,77,77,77,77,77,77,77,77,77,77],"card_choices":[{"not_picked":["Skewer","Dash","Bane"],"picked":"SKIP","floor":2},{"not_picked":["Doppelganger","Bane","Flying Knee"],"picked":"SKIP","floor":7},{"not_picked":["Flying Knee","Masterful Stab","Cloak And Dagger"],"picked":"SKIP","floor":8},{"not_picked":["Underhanded Strike","StuffTheSpire:Python"],"picked":"Dagger Spray","floor":12},{"not_picked":["Flying Knee","StuffTheSpire:Repulse"],"picked":"Poisoned Stab","floor":14},{"not_picked":["Cloak And Dagger+1","Flying Knee+1"],"picked":"Poisoned Stab+1","floor":18},{"not_picked":["Heel Hook+1","Expertise","PiercingWail"],"picked":"SKIP","floor":20},{"not_picked":["StuffTheSpire:Incantation","Flechettes"],"picked":"Caltrops","floor":24},{"not_picked":["Dagger Throw","Flying Knee","Predator"],"picked":"SKIP","floor":25},{"not_picked":["Unload","Dodge and Roll","PiercingWail+1"],"picked":"SKIP","floor":27},{"not_picked":["Predator","StuffTheSpire:DoubleShiv"],"picked":"Poisoned Stab","floor":28},{"not_picked":["Quick Slash","Prepared","Acrobatics"],"picked":"SKIP","floor":29}],"player_experience":72153,"relics_obtained":[{"floor":7,"key":"trackpad:PetRock"},{"floor":9,"key":"trackpad:ByrdBGone"},{"floor":24,"key":"Paper Crane"},{"floor":26,"key":"Centennial Puzzle"},{"floor":28,"key":"trackpad:RapidFire"}],"event_choices":[{"damage_healed":0,"gold_gain":0,"player_choice":"Got Potions","damage_taken":0,"max_hp_gain":0,"max_hp_loss":0,"event_name":"Lab","floor":3,"gold_loss":0},{"damage_healed":0,"gold_gain":100,"player_choice":"Pray","damage_taken":0,"max_hp_gain":0,"max_hp_loss":0,"event_name":"Golden Shrine","floor":10,"gold_loss":0},{"cards_removed":["Strike_G"],"damage_healed":0,"gold_gain":0,"player_choice":"Offered Basic","damage_taken":0,"max_hp_gain":0,"max_hp_loss":0,"event_name":"Bonfire Elementals","floor":19,"gold_loss":0},{"damage_healed":0,"gold_gain":99,"player_choice":"Stole From Cult","damage_taken":0,"max_hp_gain":0,"max_hp_loss":0,"event_name":"Nest","floor":22,"gold_loss":0},{"damage_healed":0,"gold_gain":0,"player_choice":"Smashed Altar","damage_taken":0,"max_hp_gain":0,"max_hp_loss":0,"event_name":"Forgotten Altar","floor":31,"gold_loss":0,"cards_obtained":["Decay"]}],"is_beta":false,"boss_relics":[{"not_picked":["energizedSpire:SpiderWeb","hubris:HollowSoul","hubris:BlackHole"]}],"items_purged_floors":[],"is_endless":false,"potions_floor_spawned":[1,7,16,18,20,28],"killed_by":"Champ","ascension_level":2}}