{"host":"5h7tnviy6ct1qpjn","time":1610467497,"event":{"mods":["AchievementEnabler","BaseMod","Minty Spire (QoL Compilation)","Shop Mod","StSLib"],"gold_per_floor":[109,109,120,136,136,171,191,191,191,204,204,220,1,26,26,126,126,136,136,156,81,91,91,107,107,107,118,145,145,179,193,193,293,293,308,308,319,331,344,344,344,344],"floor_reached":41,"playtime":4400,"items_purged":["Strike_G"],"score":472,"play_id":"44c09df0-49dc-4472-85f4-2bfe3edfdbed","local_time":"20210112170457","is_ascension_mode":false,"campfire_choices":[{"floor":11,"key":"REST"},{"floor":15,"key":"REST"},{"data":"Burst","floor":23,"key":"SMITH"},{"data":"Caltrops","floor":29,"key":"SMITH"},{"data":"Blade Dance","floor":32,"key":"SMITH"},{"floor":40,"key":"REST"}],"circlet_count":0,"master_deck":["Strike_G+1","Strike_G+1","Defend_G+1","Defend_G+1","Defend_G+1","Defend_G+1","Defend_G+1","Survivor","Neutralize","Dagger Throw+1","Outmaneuver","PiercingWail","Quick Slash","Flying Knee","Blade Dance","Underhanded Strike","Blade Dance+1","Burst+1","Outmaneuver+1","Caltrops+1","Dagger Spray+1","Backflip+1","Slice+1","Skewer+1","Footwork","A Thousand Cuts","Dash+1","Blur+1","Acrobatics+1","Infinite Blades+1"],"relics":["HoveringKite","Shuriken","InkBottle","Kunai","MealTicket","Molten Egg 2","Cursed Key","Question Card","Pantograph","Bottled Lightning","Empty Cage","Meat on the Bone"],"acts_visited":["Exordium","TheCity","TheBeyond"],"potions_floor_usage":[10,14,27,28,30],"damage_taken":[{"damage":2,"enemies":"Cultist","floor":1,"turns":6},{"damage":0,"enemies":"2 Louse","floor":3,"turns":3},{"damage":3,"enemies":"Jaw Worm","floor":4,"turns":3},{"damage":14,"enemies":"3 Sentries","floor":6,"turns":10},{"damage":7,"enemies":"Blue Slaver","floor":7,"turns":3},{"damage":5,"enemies":"2 Fungi Beasts","floor":10,"turns":3},{"damage":0,"enemies":"3 Louse","floor":12,"turns":2},{"damage":16,"enemies":"Gremlin Nob","floor":14,"turns":3},{"damage":18,"enemies":"Hexaghost","floor":16,"turns":7},{"damage":0,"enemies":"Shell Parasite","floor":18,"turns":4},{"damage":7,"enemies":"Spheric Guardian","floor":20,"turns":4},{"damage":0,"enemies":"Cultist and Chosen","floor":22,"turns":6},{"damage":19,"enemies":"Snake Plant","floor":24,"turns":5},{"damage":1,"enemies":"Sentry and Sphere","floor":27,"turns":3},{"damage":0,"enemies":"Book of Stabbing","floor":28,"turns":5},{"damage":1,"enemies":"Slavers","floor":30,"turns":7},{"damage":11,"enemies":"Cultist and Chosen","floor":31,"turns":6},{"damage":24,"enemies":"Collector","floor":33,"turns":8},{"damage":7,"enemies":"3 Darklings","floor":35,"turns":3},{"damage":21,"enemies":"Orb Walker","floor":37,"turns":4},{"damage":32,"enemies":"Writhing Mass","floor":38,"turns":6},{"damage":21,"enemies":"4 Shapes","floor":39,"turns":9},{"damage":34,"enemies":"Jaw Worm Horde","floor":41,"turns":2}],"seed_played":"-5608680835810490290","potions_obtained":[{"floor":3,"key":"CunningPotion"},{"floor":6,"key":"Explosive Potion"},{"floor":14,"key":"Dexterity Potion"},{"floor":18,"key":"Fire Potion"},{"floor":24,"key":"Weak Potion"},{"floor":28,"key":"SneckoOil"}],"is_trial":false,"path_per_floor":["M","?","M","M","?","E","M","T","T","M","R","M","$","E","R","B",null,"M","?","M","?","M","R","M","?","T","M","E","R","E","M","R","B",null,"M","?","M","M","M","R","M"],"character_chosen":"THE_SILENT","items_purchased":["MealTicket"],"campfire_rested":3,"item_purchase_floors":[13],"current_hp_per_floor":[68,68,68,65,51,37,30,30,30,25,46,46,46,30,51,33,70,70,70,63,63,63,63,44,44,44,43,43,43,42,31,31,32,70,63,63,42,22,13,34,0,0],"gold":344,"neow_bonus":"BOSS_RELIC","is_daily":false,"chose_seed":false,"campfire_upgraded":3,"win_rate":0.0,"timestamp":1610467497,"path_taken":["M","?","M","?","?","E","M","?","T","M","R","M","?","E","R","BOSS","M","?","M","?","M","R","M","?","T","?","E","R","E","?","R","BOSS","M","?","M","?","M","R","M"],"items_purchased_type":["Relic"],"build_version":"2020-12-22","purchased_purges":1,"victory":false,"max_hp_per_floor":[70,70,70,70,70,70,70,70,70,70,70,70,70,70,70,70,70,70,70,70,70,70,70,70,70,70,70,70,70,70,70,70,70,70,70,70,70,70,70,70,70,70],"card_choices":[{"not_picked":["Deadly Poison","Sucker Punch"],"picked":"Dagger Throw","floor":1},{"not_picked":["Deflect","Calculated Gamble"],"picked":"Outmaneuver","floor":3},{"not_picked":["Distraction","Deadly Poison"],"picked":"PiercingWail","floor":4},{"not_picked":["Malaise","Bouncing Flask"],"picked":"Quick Slash","floor":6},{"not_picked":["Dagger Spray","Tactician"],"picked":"Flying Knee","floor":7},{"not_picked":["Flying Knee","Dodge and Roll"],"picked":"Blade Dance","floor":10},{"not_picked":["Crippling Poison","Reflex"],"picked":"Underhanded Strike","floor":12},{"not_picked":["Poisoned Stab+1","Flechettes+1"],"picked":"Blade Dance","floor":14},{"not_picked":["Venomology","Doppelganger"],"picked":"Burst","floor":16},{"not_picked":["Underhanded Strike+1","Sucker Punch+1"],"picked":"Outmaneuver+1","floor":18},{"not_picked":["Poisoned Stab+1","Dodge and Roll+1"],"picked":"Caltrops","floor":20},{"not_picked":["Outmaneuver","All Out Attack+1"],"picked":"Dagger Spray+1","floor":22},{"not_picked":["Quick Slash+1","Venomology"],"picked":"Backflip","floor":24},{"not_picked":["Quick Slash+1","Escape Plan","Deadly Poison"],"picked":"Slice+1","floor":27},{"not_picked":["Dodge and Roll","Well Laid Plans","Unload+1","Outmaneuver+1"],"picked":"SKIP","floor":28},{"not_picked":["Sucker Punch+1","Backflip+1","Well Laid Plans"],"picked":"Skewer+1","floor":30},{"not_picked":["Endless Agony+1","Tactician","Dodge and Roll"],"picked":"Footwork","floor":31},{"not_picked":["Glass Knife+1","Adrenaline","Wraith Form v2"],"picked":"A Thousand Cuts","floor":33},{"not_picked":["Prepared+1","All Out Attack+1","Quick Slash+1"],"picked":"Dash+1","floor":35},{"not_picked":["Flechettes+1","Slice+1","Dagger Spray+1"],"picked":"Blur+1","floor":37},{"not_picked":["Masterful Stab+1","Outmaneuver","Dagger Throw+1"],"picked":"Acrobatics+1","floor":38},{"not_picked":["Slice+1","Flying Knee+1","Backflip+1"],"picked":"Infinite Blades+1","floor":39}],"player_experience":15455,"relics_obtained":[{"floor":6,"key":"Shuriken"},{"floor":8,"key":"InkBottle"},{"floor":9,"key":"Kunai"},{"floor":14,"key":"Molten Egg 2"},{"floor":26,"key":"Question Card"},{"floor":28,"key":"Pantograph"},{"floor":30,"key":"Bottled Lightning"}],"event_choices":[{"damage_healed":0,"gold_gain":0,"player_choice":"Upgraded","damage_taken":0,"max_hp_gain":0,"max_hp_loss":0,"event_name":"Upgrade Shrine","floor":2,"gold_loss":0,"cards_upgraded":["Dagger Throw"]},{"damage_healed":0,"gold_gain":0,"player_choice":"Entered Light","damage_taken":14,"max_hp_gain":0,"max_hp_loss":0,"event_name":"Shining Light","floor":5,"gold_loss":0,"cards_upgraded":["Defend_G","Strike_G"]},{"damage_healed":0,"gold_gain":0,"player_choice":"Simplicity","damage_taken":0,"max_hp_gain":0,"max_hp_loss":0,"event_name":"Back to Basics","floor":19,"gold_loss":0,"cards_upgraded":["Strike_G","Strike_G","Strike_G","Defend_G","Defend_G","Defend_G","Defend_G"]},{"cards_removed":["Strike_G"],"damage_healed":0,"gold_gain":0,"player_choice":"Gave Gold","damage_taken":0,"max_hp_gain":0,"max_hp_loss":0,"event_name":"Beggar","floor":21,"gold_loss":75},{"damage_healed":0,"gold_gain":0,"player_choice":"Upgraded","damage_taken":0,"max_hp_gain":0,"max_hp_loss":0,"event_name":"Upgrade Shrine","floor":25,"gold_loss":0,"cards_upgraded":["Backflip"]},{"damage_healed":0,"gold_gain":0,"player_choice":"Gave Potion","damage_taken":0,"relics_obtained":["Meat on the Bone"],"max_hp_gain":0,"max_hp_loss":0,"event_name":"WeMeetAgain","floor":36,"gold_loss":0}],"is_beta":false,"boss_relics":[{"not_picked":["Fusion Hammer","Ectoplasm"],"picked":"Cursed Key"},{"not_picked":["SacredBark","Snecko Eye"],"picked":"Empty Cage"}],"items_purged_floors":[13],"is_endless":false,"potions_floor_spawned":[3,6,14,18,24,28],"killed_by":"Jaw Worm Horde","ascension_level":0}}