{"host":"Ceyx","time":1610453680,"event":{"mods":["BaseMod","Beaked The Cultist","Better Match","Better Skull","Better Third Choice","BetterRewards","Conspire","Downfall","Hermit","Hubris","Infinite Spire","KinomotoSakuraMod(????)","Minty Spire (QoL Compilation)","Permanent Neow","Prisma Mod","Replay The Spire","Shop Mod","StSLib","The Alterego","The Jungle","The Poker Player","Waifu the Spire"],"gold_per_floor":[114,214,227,177,195,225,238,272,272,299,299,188,206,223,223,320,320,339,339,339,339,366,366,396,396,443,443,443,457,473,473,473,576,576,591,644,644,644,692,692,705,722,722,566,566,597,607,636,636,636],"floor_reached":51,"playtime":6156,"items_purged":["Burn"],"score":870,"play_id":"aed325a4-873d-4bdb-b716-a4f86b6a1e6e","local_time":"20210112191440","is_ascension_mode":true,"metric_token":1426,"campfire_choices":[{"data":"PokerPlayerMod:TrumpStrike","floor":15.0,"key":"SMITH"},{"data":"PokerPlayerMod:FakeSymbols","floor":23.0,"key":"SMITH"},{"data":"PokerPlayerMod:Mulligan","floor":25.0,"key":"SMITH"},{"data":"PokerPlayerMod:BadJoker","floor":27.0,"key":"SMITH"},{"data":"infinitespire:SevenWalls","floor":32.0,"key":"SMITH"},{"data":"PokerPlayerMod:TheDieIsCast","floor":40.0,"key":"SMITH"},{"data":"infinitespire:TheBestDefense","floor":45.0,"key":"SMITH"},{"data":"PokerPlayerMod:Diamond3","floor":49,"key":"SMITH"}],"circlet_count":0,"master_deck":["PokerPlayerMod:Diamond1","PokerPlayerMod:Diamond2","PokerPlayerMod:Diamond4","PokerPlayerMod:Diamond4","PokerPlayerMod:Diamond5","PokerPlayerMod:Spade1","PokerPlayerMod:Spade2","PokerPlayerMod:Spade3","PokerPlayerMod:Spade4","PokerPlayerMod:Club1","PokerPlayerMod:Club2","PokerPlayerMod:Heart2","PokerPlayerMod:TrumpStrike+1","PokerPlayerMod:BadJoker+1","PokerPlayerMod:Mulligan+1","PokerPlayerMod:DartThrow","PokerPlayerMod:DiamondStrike","PokerPlayerMod:Diamond5","PokerPlayerMod:Heart3","PokerPlayerMod:FakeSymbols+1","PokerPlayerMod:Club6","PokerPlayerMod:Club4","PokerPlayerMod:SpadeStrike","PokerPlayerMod:Raise+1","PokerPlayerMod:Club6","CurseOfTheBell","PokerPlayerMod:DiamondStrike","PokerPlayerMod:Diamond9","PokerPlayerMod:Club4","hubris:Fate","infinitespire:SevenWalls+1","PokerPlayerMod:TheDieIsCast+1","PokerPlayerMod:Overdeal+1","infinitespire:TheBestDefense+1","PokerPlayerMod:DamnStraight+1","PokerPlayerMod:ClubsClub","PokerPlayerMod:Harden+1","PokerPlayerMod:DiamondStrike","PokerPlayerMod:Club6","PokerPlayerMod:Club5","PokerPlayerMod:Diamond4","PokerPlayerMod:Diamond10+","PokerPlayerMod:Diamond6"],"relics":["PokerPlayerMod:DeckCase","Potion Belt","Counterbalance","Gremlin Horn","infinitespire:Satchel","Calling Bell","Smiling Mask","Replay:Bottled Flurry","Unceasing Top","hubris:BottledHeart","Red Mask","PokerPlayerMod:StuffedPocket","Lantern","hubris:Backtick","Dead Branch","Replay:Grab Bag","Replay:Bronze Core","infinitespire:Cupcake","Snecko Eye","hubris:CuriousFeather","hubris:BottledRain","Pet Ghost","infinitespire:FocusingShard","PokerPlayerMod:FairLicense","hubris:ToyBattleship"],"acts_visited":["Exordium","TheCity","TheBeyond"],"potions_floor_usage":[50,50,50,50,50,50,50],"damage_taken":[{"damage":0.0,"enemies":"2 Louse","floor":1.0,"turns":2.0},{"damage":0.0,"enemies":"Cultist","floor":3.0,"turns":3.0},{"damage":0.0,"enemies":"Small Slimes","floor":5.0,"turns":3.0},{"damage":3.0,"enemies":"Gremlin Nob","floor":6.0,"turns":4.0},{"damage":0.0,"enemies":"Blue Slaver","floor":7.0,"turns":2.0},{"damage":22.0,"enemies":"Lagavulin","floor":8.0,"turns":6.0},{"damage":14.0,"enemies":"Gremlin Nob","floor":10.0,"turns":4.0},{"damage":0.0,"enemies":"2 Fungi Beasts","floor":13.0,"turns":2.0},{"damage":0.0,"enemies":"Lots of Slimes","floor":14.0,"turns":1.0},{"damage":24.0,"enemies":"Slime Boss","floor":16.0,"turns":5.0},{"damage":4.0,"enemies":"Chosen","floor":18.0,"turns":3.0},{"damage":0.0,"enemies":"Masked Bandits","floor":22.0,"turns":2.0},{"damage":0.0,"enemies":"Gremlin Leader","floor":24.0,"turns":5.0},{"damage":0.0,"enemies":"Spheric Guardian","floor":29.0,"turns":4.0},{"damage":0.0,"enemies":"Chosen and Byrds","floor":30.0,"turns":3.0},{"damage":0.0,"enemies":"Automaton","floor":33.0,"turns":8.0},{"damage":0.0,"enemies":"3 Shapes","floor":35.0,"turns":1.0},{"damage":0.0,"enemies":"2 Orb Walkers","floor":36.0,"turns":3.0},{"damage":0.0,"enemies":"3 Darklings","floor":41.0,"turns":2.0},{"damage":0.0,"enemies":"Jaw Worm Horde","floor":42.0,"turns":3.0},{"damage":0.0,"enemies":"Giant Head","floor":46.0,"turns":5.0},{"damage":0.0,"enemies":"Maw","floor":47.0,"turns":5.0},{"damage":0,"enemies":"Reptomancer","floor":48,"turns":3},{"damage":0,"enemies":"Replay:Hell Engine","floor":50,"turns":7}],"seed_played":"-5067377383352611688","potions_obtained":[{"floor":5.0,"key":"LifebloodPotion"},{"floor":6.0,"key":"Elixir"},{"floor":7.0,"key":"Languid Potion"},{"floor":8.0,"key":"ColorlessPotion"},{"floor":14.0,"key":"DistilledChaos"},{"floor":29.0,"key":"ColorlessPotion"},{"floor":30.0,"key":"Strength Potion"},{"floor":33.0,"key":"EntropicBrew"},{"floor":39.0,"key":"EntropicBrew"},{"floor":47,"key":"AttackPotion"},{"floor":48,"key":"SpeedPotion"}],"is_trial":false,"path_per_floor":["M","?","M","?","M","E","M","E","T","E","?","$","M","M","R","B",null,"M","$","?","?","?","R","E","R","T","R","$","M","M","AVR","R","B",null,"M","?","AVR","T","?","R","M","M","T","$","R","E","M","E","R","B",null],"character_chosen":"THE_POKER_PLAYER","items_purchased":["PokerPlayerMod:Raise+1","PokerPlayerMod:Club6","PokerPlayerMod:Club5"],"campfire_rested":0,"item_purchase_floors":[12,44,44],"current_hp_per_floor":[52,52,52,52,52,49,49,30,30,19,19,19,27,27,27,3,52,52,52,1,1,1,1,1,1,1,1,1,1,1,1,1,1,1,1,1,1,1,1,1,1,1,1,1,1,1,1,1,1,1],"gold":636,"neow_bonus":"THREE_CARDS","is_daily":false,"chose_seed":false,"campfire_upgraded":8,"win_rate":0.0,"timestamp":1610453680,"path_taken":["M","?","?","?","M","E","M","E","T","E","?","$","M","M","R","BOSS","M","$","?","?","?","R","E","R","T","R","?","?","M","AVR","R","BOSS","M","?","AVR","?","?","R","M","M","T","$","R","E","M","E","R","BOSS"],"items_purchased_type":["Card","Card","Card"],"build_version":"2020-12-18","purchased_purges":1,"victory":true,"max_hp_per_floor":[52,52,52,52,52,52,52,52,52,52,52,52,52,52,52,52,52,52,52,1,1,1,1,1,1,1,1,1,1,1,1,1,1,1,1,1,1,1,1,1,1,1,1,1,1,1,1,1,1,1],"card_choices":[{"not_picked":["PokerPlayerMod:ClubsClub","PokerPlayerMod:MagicTrick"],"picked":"PokerPlayerMod:DartThrow","floor":0.0},{"not_picked":["PokerPlayerMod:Diamond4","PokerPlayerMod:Spade5"],"picked":"PokerPlayerMod:DiamondStrike","floor":1.0},{"not_picked":["PokerPlayerMod:Raise","PokerPlayerMod:Club2"],"picked":"PokerPlayerMod:Diamond5","floor":3.0},{"not_picked":["PokerPlayerMod:Diamond2","PokerPlayerMod:DartThrow"],"picked":"PokerPlayerMod:Heart3","floor":5.0},{"not_picked":["PokerPlayerMod:Fold","PokerPlayerMod:ClubStrike"],"picked":"PokerPlayerMod:FakeSymbols","floor":6.0},{"not_picked":["PokerPlayerMod:HiddenCard","PokerPlayerMod:Manipulation"],"picked":"PokerPlayerMod:Club6","floor":7.0},{"not_picked":["PokerPlayerMod:Club2","PokerPlayerMod:Spade3"],"picked":"PokerPlayerMod:Club4","floor":8.0},{"not_picked":["PokerPlayerMod:Diamond2","PokerPlayerMod:Spade4"],"picked":"PokerPlayerMod:SpadeStrike","floor":10.0},{"not_picked":["PokerPlayerMod:Configure","PokerPlayerMod:Club3"],"picked":"PokerPlayerMod:Club6","floor":13.0},{"not_picked":["PokerPlayerMod:Fold","PokerPlayerMod:CardPrinter","PokerPlayerMod:Spade3"],"picked":"SKIP","floor":14.0},{"not_picked":["PokerPlayerMod:Spade3","PokerPlayerMod:Club2","PokerPlayerMod:Manipulation"],"picked":"SKIP","floor":18.0},{"not_picked":["PokerPlayerMod:Spade1","PokerPlayerMod:Diamond2"],"picked":"PokerPlayerMod:DiamondStrike","floor":22.0},{"not_picked":["PokerPlayerMod:Spade3","PokerPlayerMod:Diamond6"],"picked":"PokerPlayerMod:Diamond9","floor":24.0},{"not_picked":["PokerPlayerMod:Spade1","PokerPlayerMod:Diamond1","PokerPlayerMod:Spade2"],"picked":"SKIP","floor":29.0},{"not_picked":["PokerPlayerMod:SpadeStrike","PokerPlayerMod:MagicTrick"],"picked":"PokerPlayerMod:Club4","floor":30.0},{"not_picked":["PokerPlayerMod:Club8","PokerPlayerMod:VarietyAttack"],"picked":"PokerPlayerMod:TheDieIsCast","floor":33.0},{"not_picked":["PokerPlayerMod:Trickery+1","PokerPlayerMod:HiddenCard+1","PokerPlayerMod:CardBurn+1"],"picked":"SKIP","floor":35.0},{"not_picked":["PokerPlayerMod:DartThrow","PokerPlayerMod:Diamond4"],"picked":"PokerPlayerMod:Overdeal+1","floor":36.0},{"not_picked":["PokerPlayerMod:JackOfSpades","PokerPlayerMod:Spade5"],"picked":"PokerPlayerMod:DamnStraight+1","floor":39.0},{"not_picked":["PokerPlayerMod:DiamondStrike+1","PokerPlayerMod:Raise"],"picked":"PokerPlayerMod:ClubsClub","floor":39.0},{"not_picked":["PokerPlayerMod:Club2","PokerPlayerMod:ClubDance"],"picked":"PokerPlayerMod:Harden+1","floor":41.0},{"not_picked":["PokerPlayerMod:DartThrow+1","PokerPlayerMod:RiskyBet+1"],"picked":"PokerPlayerMod:DiamondStrike","floor":42.0},{"not_picked":["PokerPlayerMod:Raise","PokerPlayerMod:Spade8"],"picked":"PokerPlayerMod:Diamond4","floor":46.0},{"not_picked":["PokerPlayerMod:ClubsClub+1","PokerPlayerMod:Heart4"],"picked":"PokerPlayerMod:Diamond10+","floor":47},{"not_picked":["PokerPlayerMod:Configure","PokerPlayerMod:ItsShowtime"],"picked":"PokerPlayerMod:Diamond6","floor":48}],"player_experience":614726,"relics_obtained":[{"floor":6.0,"key":"Potion Belt"},{"floor":8.0,"key":"Counterbalance"},{"floor":9.0,"key":"Gremlin Horn"},{"floor":10.0,"key":"infinitespire:Satchel"},{"floor":17.0,"key":"Smiling Mask"},{"floor":17.0,"key":"Replay:Bottled Flurry"},{"floor":17.0,"key":"Unceasing Top"},{"floor":22.0,"key":"Red Mask"},{"floor":24.0,"key":"PokerPlayerMod:StuffedPocket"},{"floor":26.0,"key":"Lantern"},{"floor":36.0,"key":"hubris:CuriousFeather"},{"floor":38.0,"key":"hubris:BottledRain"},{"floor":39.0,"key":"Pet Ghost"},{"floor":43.0,"key":"infinitespire:FocusingShard"},{"floor":46.0,"key":"PokerPlayerMod:FairLicense"},{"floor":48,"key":"hubris:ToyBattleship"}],"event_choices":[{"damage_healed":0.0,"max_hp_gain":0.0,"max_hp_loss":0.0,"gold_gain":100.0,"event_name":"Wheel of Change","player_choice":"Gold","floor":2.0,"gold_loss":0.0,"damage_taken":0.0},{"cards_removed":["PrismaMod:IllyaCommonDefend"],"damage_healed":0.0,"max_hp_gain":0.0,"max_hp_loss":0.0,"gold_gain":0.0,"event_name":"The Cleric","player_choice":"Card Removal","floor":4.0,"gold_loss":50.0,"damage_taken":0.0},{"damage_healed":19.0,"max_hp_gain":0.0,"max_hp_loss":52.0,"gold_gain":0.0,"event_name":"betterThird:BetterShining","player_choice":"Embrace Burn","floor":11.0,"gold_loss":0.0,"damage_taken":0.0},{"damage_healed":0.0,"max_hp_gain":5.0,"max_hp_loss":0.0,"gold_gain":0.0,"event_name":"Forgotten Altar","player_choice":"Shed Blood","floor":21.0,"gold_loss":0.0,"damage_taken":0.0},{"damage_healed":0.0,"max_hp_gain":0.0,"max_hp_loss":0.0,"gold_gain":0.0,"event_name":"Masked Bandits","player_choice":"Fought Bandits","floor":22.0,"gold_loss":0.0,"damage_taken":0.0},{"damage_healed":0.0,"max_hp_gain":0.0,"max_hp_loss":0.0,"gold_gain":0.0,"event_name":"Mysterious Sphere","player_choice":"Fight","floor":36.0,"gold_loss":0.0,"damage_taken":0.0}],"is_beta":true,"boss_relics":[{"not_picked":["conspire:RunicOctahedron","ChewingGum"],"picked":"Calling Bell"},{"not_picked":["ReplayTheSpireMod:SealedPack","hubris:CrackedHourglass"],"picked":"Replay:Grab Bag"},{"not_picked":["ReplayTheSpireMod:Onyx Gauntlets","conspire:SlowCooker"],"picked":"Replay:Bronze Core"},{"not_picked":["Busted Crown","beaked:MawFillet"],"picked":"infinitespire:Cupcake"},{"not_picked":["beaked:SacredDeck","Kintsugi"],"picked":"Snecko Eye"}],"items_purged_floors":[12],"is_endless":false,"potions_floor_spawned":[5,6,7,8,14,29,30,33,35,47,48],"ascension_level":3}}