{"host":"n8nwnk07cm0pcacx","time":1610417586,"event":{"mods":["Ascension Reborn","BaseMod","Conspire","Downfall","Infinite Spire","Minty Spire (QoL Compilation)","Quick Restart","Replay The Spire","Shop Mod","StSLib","SuperFastMode","[IsaacMod]ÒÔÈö¼âËþ","vexMod"],"gold_per_floor":[110,110,120,120,130,144,170,170,170,170,193,206,231,247,247,306,306,316,316,326,326,326,326,340,143,163,184,200,223,223,245,245,306,306,315,337,349,349,362,390,390,406,406,412,412],"floor_reached":44,"playtime":1648,"items_purged":[],"score":921,"play_id":"dfa3f6cb-d4b0-4082-833d-5c1a0aef825f","local_time":"20210112101306","is_ascension_mode":true,"campfire_choices":[{"data":"Armaments","floor":8.0,"key":"SMITH"},{"floor":15.0,"key":"REST"},{"data":"EpicFetus","floor":23.0,"key":"SMITH"},{"floor":30.0,"key":"RECALL"},{"data":"Barricade","floor":32.0,"key":"SMITH"},{"data":"Feed","floor":41.0,"key":"SMITH"}],"circlet_count":0,"master_deck":["Defend_R+1","Defend_R","Defend_R+1","Defend_R+1","Bash","AscMod:ascendersbane","EpicFetus+1","Thunderclap","Metallicize+1","Armaments+1","Cleave","Reaper","Flex","Replay:Undeath\u0027s Touch","Replay:Many Hands","ReplayTheSpireMod:Muscle Training","Barricade+1","Bite","Bite","Bite","Bite","Bite","RitualDagger","Spot Weakness+1","ReplayUltimateDefense","Dropkick","Clash","Injury","Slimebound:Icky","conspire:HitWhereItHurts","conspire:ExplosiveBarrier","ReplayTheSpireMod:Limb From Limb","Feed+1","Brutality"],"relics":["Burning Blood","HushsDoor","GuppysHead","Ginger","Question Card","Garlic","vexMod:BarristanHead","SacredBark","Incubus","BelialBook","MagicMushroom","War Paint","vexMod:FocusSash","Happy Flower","Mirror","conspire:Flyswatter","GuppysHairball","The Courier","MoneyPower","infinitespire:Midas Blood"],"acts_visited":["Exordium","TheCity","TheBeyond"],"potions_floor_usage":[],"damage_taken":[{"damage":2.0,"enemies":"Small Slimes","floor":1.0,"turns":3.0},{"damage":7.0,"enemies":"2 Louse","floor":3.0,"turns":2.0},{"damage":6.0,"enemies":"Jaw Worm","floor":5.0,"turns":4.0},{"damage":8.0,"enemies":"Blue Slaver","floor":6.0,"turns":6.0},{"damage":29.0,"enemies":"Gremlin Nob","floor":7.0,"turns":4.0},{"damage":7.0,"enemies":"Lagavulin","floor":11.0,"turns":5.0},{"damage":11.0,"enemies":"Looter","floor":12.0,"turns":4.0},{"damage":11.0,"enemies":"3 Sentries","floor":13.0,"turns":3.0},{"damage":0.0,"enemies":"Exordium Wildlife","floor":14.0,"turns":6.0},{"damage":35.0,"enemies":"The Guardian","floor":16.0,"turns":8.0},{"damage":19.0,"enemies":"Shell Parasite","floor":18.0,"turns":2.0},{"damage":0.0,"enemies":"Chosen","floor":20.0,"turns":3.0},{"damage":14.0,"enemies":"Centurion and Healer","floor":24.0,"turns":3.0},{"damage":24.0,"enemies":"Book of Stabbing","floor":27.0,"turns":4.0},{"damage":1.0,"enemies":"3 Cultists","floor":28.0,"turns":3.0},{"damage":3.0,"enemies":"conspire:Head Lice","floor":29.0,"turns":3.0},{"damage":0.0,"enemies":"Gremlin Leader","floor":31.0,"turns":3.0},{"damage":45.0,"enemies":"Champ","floor":33.0,"turns":7.0},{"damage":1.0,"enemies":"3 Shapes","floor":35.0,"turns":5.0},{"damage":12.0,"enemies":"conspire:MimicChest","floor":36.0,"turns":4.0},{"damage":0.0,"enemies":"3 Darklings","floor":37.0,"turns":3.0},{"damage":30.0,"enemies":"Sphere and 2 Shapes","floor":39.0,"turns":5.0},{"damage":7.0,"enemies":"Nemesis","floor":40.0,"turns":6.0},{"damage":20.0,"enemies":"Writhing Mass","floor":42.0,"turns":5.0},{"damage":55,"enemies":"Reptomancer","floor":44,"turns":2}],"seed_played":"3401761356054538617","potions_obtained":[{"floor":3.0,"key":"Strength Potion"},{"floor":11.0,"key":"Venom Potion"},{"floor":12.0,"key":"Dexterity Potion"},{"floor":16.0,"key":"Swift Potion"},{"floor":24.0,"key":"Strength Potion"},{"floor":27.0,"key":"Adrenaline Potion"},{"floor":36.0,"key":"champ:CounterPotion"}],"is_trial":false,"path_per_floor":["M","?","M","?","M","M","E","R","T","?","E","M","E","M","R","B",null,"M","AVR","M","?","?","R","M","$","T","E","M","E","R","E","R","B",null,"M","?","M","?","M","E","R","M","T","E"],"character_chosen":"IRONCLAD","items_purchased":["Incubus","BelialBook","ReplayUltimateDefense","GuppysHairball"],"campfire_rested":1,"item_purchase_floors":[17,17,25,34],"current_hp_per_floor":[81,81,79,53,52,49,25,25,25,25,23,20,14,25,46,24,45,31,37,43,43,37,37,42,42,42,31,45,45,45,45,45,10,25,35,33,35,35,25,38,38,32,32,0,0],"gold":412,"neow_bonus":"TEN_PERCENT_HP_BONUS","is_daily":false,"chose_seed":false,"campfire_upgraded":4,"win_rate":0.0,"timestamp":1610417586,"path_taken":["M","?","M","?","M","M","E","R","T","?","E","M","E","M","R","BOSS","M","AVR","M","?","?","R","M","$","T","E","M","E","R","E","R","BOSS","M","?","M","?","M","E","R","M","T","E"],"items_purchased_type":["Relic","Relic","Card","Relic"],"build_version":"2020-12-22","purchased_purges":0,"victory":false,"max_hp_per_floor":[88,88,88,88,88,88,88,88,88,88,88,88,88,88,88,88,58,58,65,65,45,45,45,45,45,45,45,45,45,45,45,45,45,35,35,35,35,35,38,38,38,38,38,38,38],"card_choices":[{"not_picked":[],"picked":"EpicFetus","floor":0.0},{"not_picked":["Shrug It Off","Heavy Blade"],"picked":"Thunderclap","floor":1.0},{"not_picked":["ReplayTheSpireMod:Corrosion Curse","Fire Breathing"],"picked":"Metallicize","floor":3.0},{"not_picked":["Rampage","Evolve"],"picked":"Armaments","floor":5.0},{"not_picked":["Shrug It Off","Iron Wave"],"picked":"Cleave","floor":6.0},{"not_picked":["Wild Strike","Heavy Blade"],"picked":"Reaper","floor":7.0},{"not_picked":["Sever Soul","Life Link","Pommel Strike"],"picked":"Flex","floor":11.0},{"not_picked":["Flex","Uppercut","ReplayReversal"],"picked":"Replay:Undeath\u0027s Touch","floor":12.0},{"not_picked":["Fiend Fire","Rage","Infernal Blade"],"picked":"Replay:Many Hands","floor":13.0},{"not_picked":["Evolve","Clothesline","Rampage"],"picked":"ReplayTheSpireMod:Muscle Training","floor":14.0},{"not_picked":["Fiend Fire","Brutality","Replay:Many Hands"],"picked":"Barricade","floor":16.0},{"not_picked":["Perfected Strike","Reckless Charge","Wild Strike","ReplayTheSpireMod:Strike From Hell"],"picked":"SKIP","floor":18.0},{"not_picked":["Thunderclap","True Grit+1","ReplayTheSpireMod:Corrosion Curse","Iron Wave"],"picked":"SKIP","floor":20.0},{"not_picked":["Bloodletting+1","ReplayTheSpireMod:Strike From Hell","Cleave"],"picked":"Spot Weakness+1","floor":24.0},{"not_picked":["Wild Strike","True Grit","Abandon","Whirlwind+1"],"picked":"SKIP","floor":27.0},{"not_picked":["Headbutt","Shrug It Off","Fire Breathing"],"picked":"Dropkick","floor":28.0},{"not_picked":["Anger","Sword Boomerang+1","Headbutt","Evolve"],"picked":"SKIP","floor":29.0},{"not_picked":["Hemokinesis","Sever Soul","Clothesline"],"picked":"Clash","floor":31.0},{"not_picked":["Exhume","Fiend Fire","Barricade"],"picked":"conspire:HitWhereItHurts","floor":33.0},{"not_picked":["Armaments","Wild Strike","Bloodletting"],"picked":"conspire:ExplosiveBarrier","floor":35.0},{"not_picked":["Sword Boomerang","Warcry+1","Iron Wave"],"picked":"ReplayTheSpireMod:Limb From Limb","floor":36.0},{"not_picked":["Havoc+1","True Grit","infinitespire:OneForAll"],"picked":"Feed","floor":37.0},{"not_picked":["Evolve","Flex","Twin Strike","Shrug It Off"],"picked":"SKIP","floor":39.0},{"not_picked":["Clash","Reckless Charge","Thunderclap"],"picked":"Brutality","floor":40.0},{"not_picked":["Uppercut","Perfected Strike","Wild Strike","Power Through+1"],"picked":"SKIP","floor":42.0}],"player_experience":898769,"relics_obtained":[{"floor":2.0,"key":"Ginger"},{"floor":7.0,"key":"Question Card"},{"floor":11.0,"key":"Garlic"},{"floor":13.0,"key":"vexMod:BarristanHead"},{"floor":26.0,"key":"vexMod:FocusSash"},{"floor":27.0,"key":"Happy Flower"},{"floor":29.0,"key":"Mirror"},{"floor":31.0,"key":"conspire:Flyswatter"},{"floor":36.0,"key":"The Courier"},{"floor":40.0,"key":"MoneyPower"},{"floor":43.0,"key":"infinitespire:Midas Blood"}],"event_choices":[{"damage_healed":0.0,"max_hp_gain":0.0,"max_hp_loss":0.0,"gold_gain":0.0,"event_name":"Shining Light","player_choice":"Entered Light","floor":4.0,"gold_loss":0.0,"damage_taken":26.0,"cards_upgraded":["Strike_R","Defend_R"]},{"damage_healed":0.0,"max_hp_gain":0.0,"max_hp_loss":20.0,"gold_gain":0.0,"event_name":"Vampires","player_choice":"Became a vampire","floor":21.0,"gold_loss":0.0,"damage_taken":0.0,"cards_obtained":["Bite","Bite","Bite","Bite","Bite"]},{"damage_healed":0.0,"max_hp_gain":0.0,"max_hp_loss":0.0,"gold_gain":0.0,"event_name":"Nest","player_choice":"Joined the Cult","floor":22.0,"gold_loss":0.0,"damage_taken":6.0,"cards_obtained":["RitualDagger"]},{"damage_healed":0.0,"max_hp_gain":0.0,"max_hp_loss":0.0,"gold_gain":0.0,"event_name":"Tomb of Lord Red Mask","player_choice":"Ignored","floor":38.0,"gold_loss":0.0,"damage_taken":0.0}],"is_beta":false,"boss_relics":[{"not_picked":["Scatterbrain"],"picked":"Accursed"},{"not_picked":["Scatterbrain"],"picked":"Accursed"},{"not_picked":["vexMod:ImprovementManual","infinitespire:Burning Sword"],"picked":"SacredBark"},{"not_picked":[]},{"not_picked":["TwistingMind"],"picked":"GraspOfShadows"},{"not_picked":["TwistingMind"],"picked":"GraspOfShadows"},{"not_picked":["Empty Cage","vexMod:CursedCompass","Replay:Bronze Core"]}],"items_purged_floors":[],"is_endless":false,"potions_floor_spawned":[3,11,12,16,24,27,36,37,40],"killed_by":"Reptomancer","ascension_level":13}}