{"host":"7sy3dyg71hje4mzx","time":1610450095,"event":{"mods":["BaseMod","Downfall","Minty Spire (QoL Compilation)","StSLib"],"gold_per_floor":[99,99,99,99,118,118,118,146,146,161,171,171,181,206,216,216,216,216],"floor_reached":16,"playtime":632,"items_purged":[],"score":100,"play_id":"7a9232cf-9300-4d37-949e-7c1bce4f66d7","local_time":"20210112221455","is_ascension_mode":false,"campfire_choices":[{"data":"Slimebound:Split","floor":1,"key":"SMITH"},{"data":"Slimebound:Schlurp","floor":12,"key":"SMITH"}],"circlet_count":0,"master_deck":["Slimebound:Strike_Slimebound","Slimebound:Strike_Slimebound","Slimebound:Tackle+1","Slimebound:Defend_Slimebound","Slimebound:Defend_Slimebound","Slimebound:Defend_Slimebound","Slimebound:Defend_Slimebound","Slimebound:Split+1","Slimebound:CorrosiveSpit","Slimebound:SplitMire","Slimebound:GrowthPunch+1","Slimebound:DisruptingSlam","Slimebound:SplitLeeching+1","Regret","Slimebound:FirmFortitude","Slimebound:FinishingTackle","Slimebound:Schlurp+1","Slimebound:SplitBruiser","Slimebound:DuplicatedForm"],"relics":["Slimebound:AbsorbEndCombat","downfall:HeartsMalice","Matryoshka","Blue Candle","Lantern","Art of War"],"acts_visited":["Exordium"],"potions_floor_usage":[],"damage_taken":[{"damage":0,"enemies":"2 Louse","floor":2,"turns":1},{"damage":0,"enemies":"Jaw Worm","floor":3,"turns":1},{"damage":0,"enemies":"Small Slimes","floor":4,"turns":1},{"damage":19,"enemies":"Blue Slaver","floor":5,"turns":3},{"damage":26,"enemies":"3 Sentries","floor":8,"turns":6},{"damage":22,"enemies":"Gremlin Gang","floor":10,"turns":4},{"damage":21,"enemies":"Exordium Thugs","floor":11,"turns":4},{"damage":19,"enemies":"Red Slaver","floor":13,"turns":3},{"damage":35,"enemies":"Lots of Slimes","floor":15,"turns":4},{"damage":40,"enemies":"downfall:Defect","floor":16,"turns":4}],"seed_played":"-5785558773972351501","potions_obtained":[{"floor":5,"key":"SmokeBomb"},{"floor":8,"key":"Swift Potion"},{"floor":11,"key":"hexamod:EctoCoolerPotion"}],"is_trial":false,"path_per_floor":["R","M","M","M","M","?","T","E","?","M","M","R","M","T","M","B"],"character_chosen":"SLIMEBOUND","items_purchased":[],"campfire_rested":0,"item_purchase_floors":[],"current_hp_per_floor":[60,60,60,60,55,55,55,51,51,47,48,48,47,47,38,0,0,0],"gold":216,"neow_bonus":"THREE_ENEMY_KILL","is_daily":false,"chose_seed":false,"campfire_upgraded":2,"win_rate":0.0,"timestamp":1610450095,"path_taken":["R","M","M","M","M","?","T","E","?","M","M","R","M","?","M","BOSS"],"items_purchased_type":[],"build_version":"2020-12-22","purchased_purges":0,"victory":false,"max_hp_per_floor":[60,60,60,60,60,60,60,60,60,60,60,60,60,60,60,60,60,60],"card_choices":[{"not_picked":["Slimebound:GoopSpray","Slimebound:ComboTackle"],"picked":"Slimebound:SplitMire","floor":2},{"not_picked":["Slimebound:SamplingLick","Slimebound:ViciousTackle"],"picked":"Slimebound:GrowthPunch","floor":3},{"not_picked":["Slimebound:SamplingLick","Slimebound:AcidTongue"],"picked":"Slimebound:DisruptingSlam","floor":4},{"not_picked":["Slimebound:RejuvenatingLick","Slimebound:FlameTackle"],"picked":"Slimebound:SplitLeeching","floor":5},{"not_picked":["Slimebound:Schlurp","Slimebound:FormOfPuddle"],"picked":"Slimebound:FirmFortitude","floor":8},{"not_picked":["Slimebound:GrowthPunch","Slimebound:MegaLick"],"picked":"Slimebound:FinishingTackle","floor":10},{"not_picked":["Slimebound:LeechingTouch","Slimebound:RejuvenatingLick"],"picked":"Slimebound:Schlurp","floor":11},{"not_picked":["Slimebound:Schlurp","Slimebound:GoopSpray"],"picked":"Slimebound:SplitBruiser","floor":13},{"not_picked":["Slimebound:SlimeSpikes","Slimebound:SplitLeeching"],"picked":"Slimebound:DuplicatedForm","floor":15}],"player_experience":200524,"relics_obtained":[{"floor":7,"key":"Matryoshka"},{"floor":8,"key":"Blue Candle"},{"floor":14,"key":"Lantern"},{"floor":14,"key":"Art of War"}],"event_choices":[],"is_beta":false,"boss_relics":[],"items_purged_floors":[],"is_endless":false,"potions_floor_spawned":[5,8,11,15],"killed_by":"downfall:Defect","ascension_level":0}}