{"host":"sav7uxregyirlf69","time":1610461180,"event":{"mods":["AchievementEnabler","BaseMod","Colored Map","DeckTracker","Keyboard Shortcuts","Minty Spire (QoL Compilation)","READ ME - Guardian Mod","StSLib","SuperFastMode"],"gold_per_floor":[115,40,40,94,109,109,141,152,152,52,78,78,111,123,123,202,202,212,212,224,224,224],"floor_reached":21,"playtime":371,"items_purged":["Decay","Strike_R"],"score":394,"play_id":"6fb1c7aa-60df-4c2e-9cbf-558cfca8fca7","local_time":"20210112231940","is_ascension_mode":true,"campfire_choices":[{"data":"Fire Breathing","floor":6,"key":"SMITH"},{"data":"Battle Trance","floor":12,"key":"SMITH"},{"data":"Pommel Strike","floor":15,"key":"SMITH"}],"circlet_count":0,"master_deck":["AscendersBane","Strike_R","Strike_R+1","Strike_R","Strike_R+1","Defend_R","Defend_R","Defend_R","Defend_R","Bash","Pommel Strike+1","Infernal Blade+1","Fire Breathing+1","Wild Strike","Battle Trance+1","Bloodletting+1","Offering+1","True Grit+1","Exhume+1","Sentinel+1","Flex+1"],"relics":["Burning Blood","Prayer Wheel","Bag of Marbles","Calipers","Ancient Tea Set","Toxic Egg 2","Whetstone","Fusion Hammer"],"acts_visited":["Exordium","TheCity"],"potions_floor_usage":[13,21],"damage_taken":[{"damage":8.0,"enemies":"2 Louse","floor":1.0,"turns":5.0},{"damage":9.0,"enemies":"Jaw Worm","floor":5.0,"turns":2.0},{"damage":8,"enemies":"Gremlin Nob","floor":7,"turns":3},{"damage":0,"enemies":"Cultist","floor":8,"turns":2},{"damage":15,"enemies":"3 Sentries","floor":11,"turns":3},{"damage":8,"enemies":"Gremlin Nob","floor":13,"turns":3},{"damage":6,"enemies":"2 Fungi Beasts","floor":14,"turns":1},{"damage":16,"enemies":"Slime Boss","floor":16,"turns":3},{"damage":42,"enemies":"Shell Parasite","floor":18,"turns":4},{"damage":30,"enemies":"3 Byrds","floor":20,"turns":4},{"damage":12,"enemies":"Shelled Parasite and Fungi","floor":21,"turns":3}],"seed_played":"-6915503037273464398","potions_obtained":[{"floor":7,"key":"DistilledChaos"},{"floor":11,"key":"SpeedPotion"},{"floor":18,"key":"Explosive Potion"}],"is_trial":false,"path_per_floor":["M","$","?","T","M","R","E","M","T","$","E","R","E","M","R","B",null,"M","?","M","M"],"character_chosen":"IRONCLAD","items_purchased":[],"campfire_rested":0,"item_purchase_floors":[],"current_hp_per_floor":[66,66,66,66,63,63,61,67,67,67,58,58,56,56,56,46,68,32,32,8,0,0],"gold":224,"neow_bonus":"ONE_RARE_RELIC","is_daily":false,"chose_seed":false,"campfire_upgraded":3,"win_rate":0.0,"timestamp":1610461180,"path_taken":["M","$","?","?","M","R","E","M","T","?","E","R","E","M","R","BOSS","M","?","M","?"],"items_purchased_type":[],"build_version":"2020-12-22","purchased_purges":2,"victory":false,"max_hp_per_floor":[75,75,75,75,75,75,75,75,75,75,75,75,75,75,75,75,75,75,75,75,75,75],"card_choices":[{"not_picked":["Headbutt","Armaments"],"picked":"Pommel Strike","floor":1.0},{"not_picked":["Thunderclap","Body Slam"],"picked":"Infernal Blade","floor":1.0},{"not_picked":["Twin Strike","Armaments"],"picked":"Fire Breathing","floor":5},{"not_picked":["Disarm","Clothesline"],"picked":"Wild Strike","floor":5},{"not_picked":["Havoc","Bloodletting"],"picked":"Battle Trance","floor":7},{"not_picked":["Flex","Limit Break","Bloodletting"],"picked":"SKIP","floor":8},{"not_picked":["True Grit","Pommel Strike","Combust"],"picked":"SKIP","floor":8},{"not_picked":["Battle Trance+1","Clash"],"picked":"Bloodletting+1","floor":11},{"not_picked":["Dual Wield+1","Combust"],"picked":"Offering+1","floor":13},{"not_picked":["Thunderclap","Sword Boomerang"],"picked":"True Grit+1","floor":14},{"not_picked":["Twin Strike","Heavy Blade","Rupture"],"picked":"SKIP","floor":14},{"not_picked":["Barricade","Double Tap+1"],"picked":"Exhume+1","floor":16},{"not_picked":["Fire Breathing+1","Anger"],"picked":"Sentinel+1","floor":18},{"not_picked":["Anger","True Grit+1","Warcry+1"],"picked":"SKIP","floor":18},{"not_picked":["Clothesline","Clash+1"],"picked":"Flex+1","floor":20},{"not_picked":["Pommel Strike","Sword Boomerang","Twin Strike"],"picked":"SKIP","floor":20}],"player_experience":1265122,"relics_obtained":[{"floor":4.0,"key":"Bag of Marbles"},{"floor":7,"key":"Calipers"},{"floor":9,"key":"Ancient Tea Set"},{"floor":11,"key":"Toxic Egg 2"},{"floor":13,"key":"Whetstone"}],"event_choices":[{"damage_healed":0.0,"max_hp_gain":0.0,"max_hp_loss":0.0,"gold_gain":0.0,"event_name":"Living Wall","player_choice":"Grow","floor":3.0,"gold_loss":0.0,"damage_taken":0.0,"cards_upgraded":["Infernal Blade"]},{"damage_healed":0,"gold_gain":0,"player_choice":"Ignored","damage_taken":0,"max_hp_gain":0,"max_hp_loss":0,"event_name":"N\u0027loth","floor":19,"gold_loss":0}],"is_beta":false,"boss_relics":[{"not_picked":["Snecko Eye","SlaversCollar"],"picked":"Fusion Hammer"}],"items_purged_floors":[2,10],"is_endless":false,"potions_floor_spawned":[7,11,18,20],"killed_by":"Shelled Parasite and Fungi","ascension_level":20}}