{"host":"4q6g5wn1adpnm0z5","time":1610468733,"event":{"mods":["2.2 Compatiblity","Aspiration","Astrologer","BaseMod","Hubris","Minty Spire (QoL Compilation)","Replay The Spire","StSLib","The Cursed","The Jungle"],"gold_per_floor":[119,132,148,148,167,200,217,244,244,22,34,34,67,84,84,161,161,171,189,206,206,220,220,220],"floor_reached":23,"playtime":1831,"items_purged":["hubris:SlightOfHand"],"score":504,"play_id":"5546b19e-70f2-403a-b0e2-0fbb5c39fd41","local_time":"20210112172533","daily_mods":["Insanity","ControlledChaos","DeadlyEvents"],"is_ascension_mode":true,"campfire_choices":[{"data":"Sneak Up","floor":12.0,"key":"SMITH"},{"data":"Cloak And Dagger","floor":15.0,"key":"SMITH"}],"circlet_count":0,"master_deck":["AscendersBane","Sneak Up+1","Acrobatics","Infinite Blades","Flying Knee","ReplayTheSpireMod:Tripwire","Deflect","Outmaneuver","Dodge and Roll","Deflect","Riddle With Holes","Caltrops","Bane","Cloak And Dagger+1","Sucker Punch","Quick Slash","Draining Mist","ReplayTheSpireMod:Tripwire","Blur","ReplayTheSpireMod:Tripwire","Toxin Wave","Concentrate","Slice","Backflip","ReplayTheSpireMod:The Works","Prepared","Eviscerate","Deflect","Choke","ReplayTheSpireMod:Scrap Shanks","Poisoned Stab","Blur","Draining Mist","Prepared","Eviscerate","Sucker Punch","Outmaneuver","PiercingWail","Cloak And Dagger","Backflip","Cloak And Dagger","Dodge and Roll","Blur","Backflip","Flying Knee","Outmaneuver","Slice","Caltrops","Dodge and Roll","Blade Dance","Escape Plan","Dagger Throw","Sucker Punch+1"],"relics":["Ring of the Snake","Frozen Eye","Pantograph","hubris:SlimyHat","ReplayTheSpireMod:TigerMarble","ClockworkSouvenir","HoveringKite"],"acts_visited":["Exordium","TheCity"],"potions_floor_usage":[16,16,20,23],"damage_taken":[{"damage":0.0,"enemies":"Cultist","floor":1.0,"turns":3.0},{"damage":0.0,"enemies":"Small Slimes","floor":2.0,"turns":3.0},{"damage":0.0,"enemies":"2 Louse","floor":3.0,"turns":3.0},{"damage":0.0,"enemies":"2 Fungi Beasts","floor":5.0,"turns":4.0},{"damage":0.0,"enemies":"Replay:BlueRogue","floor":6.0,"turns":7.0},{"damage":2.0,"enemies":"3 Louse","floor":7.0,"turns":3.0},{"damage":0.0,"enemies":"3 Sentries","floor":8.0,"turns":10.0},{"damage":0.0,"enemies":"Red Slaver","floor":11.0,"turns":4.0},{"damage":13.0,"enemies":"Gremlin Nob","floor":13.0,"turns":5.0},{"damage":0.0,"enemies":"Exordium Wildlife","floor":14.0,"turns":3.0},{"damage":16,"enemies":"Hexaghost","floor":16,"turns":10},{"damage":18,"enemies":"Shell Parasite","floor":18,"turns":6},{"damage":0,"enemies":"Chosen","floor":19,"turns":5},{"damage":17,"enemies":"Sentry and Sphere","floor":20,"turns":6},{"damage":0,"enemies":"Snecko","floor":22,"turns":4},{"damage":38,"enemies":"Slavers","floor":23,"turns":5}],"seed_played":"-2294555041982112405","potions_obtained":[{"floor":1.0,"key":"Fire Potion"},{"floor":2.0,"key":"AttackPotion"},{"floor":5.0,"key":"LifebloodPotion"},{"floor":8.0,"key":"Strength Potion"},{"floor":14.0,"key":"Block Potion"},{"floor":19,"key":"AttackPotion"}],"is_trial":true,"path_per_floor":["M","M","M","?","M","E","M","E","T","$","M","R","E","M","R","B",null,"M","M","M","?","M","E"],"character_chosen":"THE_SILENT","items_purchased":["ClockworkSouvenir"],"campfire_rested":0,"item_purchase_floors":[10],"current_hp_per_floor":[59,59,59,64,64,64,62,62,62,62,62,62,49,49,49,55,67,49,49,32,32,32,0,0],"gold":220,"neow_bonus":"","is_daily":false,"chose_seed":false,"campfire_upgraded":2,"win_rate":0.0,"timestamp":1610468733,"path_taken":["M","M","M","?","M","E","M","E","T","$","M","R","E","M","R","BOSS","M","M","M","?","M","E"],"items_purchased_type":["Relic"],"build_version":"2020-12-22","purchased_purges":1,"victory":false,"max_hp_per_floor":[66,66,66,71,71,71,71,71,71,71,71,71,71,71,71,71,71,71,71,71,71,71,71,71],"card_choices":[{"not_picked":["Backflip","Outmaneuver","Infinite Blades"],"picked":"SKIP","floor":1.0},{"not_picked":["Flying Knee","Blade Dance","Sucker Punch"],"picked":"SKIP","floor":2.0},{"not_picked":["Bullet Time","Infinite Blades","ReplayTheSpireMod:Scrap Shanks"],"picked":"SKIP","floor":3.0},{"not_picked":["Backflip","hubris:Counter","Well Laid Plans"],"picked":"SKIP","floor":5.0},{"not_picked":["Hidden Blade","Draining Mist","Blur"],"picked":"SKIP","floor":6.0},{"not_picked":["ReplayTheSpireMod:The Works","Infinite Blades"],"picked":"Escape Plan","floor":7.0},{"not_picked":["Infinite Blades","Tactician","Sucker Punch"],"picked":"SKIP","floor":8.0},{"not_picked":["Cloak And Dagger","Deadly Poison","Slice"],"picked":"SKIP","floor":11.0},{"not_picked":["Dagger Spray","Calculated Gamble"],"picked":"Dagger Throw","floor":13.0},{"not_picked":["Dagger Throw","Poisoned Stab","Bane"],"picked":"SKIP","floor":14.0},{"not_picked":["Cloak And Dagger","hubris:SlightOfHand","Quick Slash"],"picked":"SKIP","floor":18},{"not_picked":["Dagger Spray","ReplayTheSpireMod:Speed Training","Bane"],"picked":"SKIP","floor":19},{"not_picked":["Dagger Throw","Distraction"],"picked":"Sucker Punch+1","floor":20},{"not_picked":["Backflip","Bane+1","Outmaneuver"],"picked":"SKIP","floor":22}],"player_experience":2342092,"relics_obtained":[{"floor":6.0,"key":"Pantograph"},{"floor":8.0,"key":"hubris:SlimyHat"},{"floor":9.0,"key":"ReplayTheSpireMod:TigerMarble"}],"event_choices":[{"damage_healed":0.0,"max_hp_gain":5.0,"max_hp_loss":0.0,"gold_gain":0.0,"event_name":"Big Fish","player_choice":"Donut","floor":4.0,"gold_loss":0.0,"damage_taken":0.0},{"damage_healed":0,"gold_gain":0,"player_choice":"Ignored","damage_taken":0,"max_hp_gain":0,"max_hp_loss":0,"event_name":"Vampires","floor":21,"gold_loss":0}],"is_beta":false,"boss_relics":[{"not_picked":["Velvet Choker","aspiration:FutureDiary"],"picked":"HoveringKite"}],"items_purged_floors":[10],"is_endless":false,"potions_floor_spawned":[1,2,5,8,14,19],"killed_by":"Slavers","ascension_level":14}}