{"host":"d61fcf2p3sjwe6yo","time":1610443014,"event":{"mods":["AchievementEnabler","BaseMod","Colored Map","Minty Spire (QoL Compilation)","StSLib","SuperFastMode"],"gold_per_floor":[368,378,392,67,82,101,101,121,144,155,185,185,217,217,217,217,217],"floor_reached":16,"playtime":634,"items_purged":["Defend_G"],"score":188,"play_id":"7f31acd9-a8d5-41b7-85a1-d477604bc271","local_time":"20210112121654","is_ascension_mode":true,"campfire_choices":[{"data":"Neutralize","floor":7,"key":"SMITH"},{"data":"Glass Knife","floor":12,"key":"SMITH"},{"data":"Backflip","floor":15,"key":"SMITH"}],"circlet_count":0,"master_deck":["AscendersBane","Strike_G","Strike_G","Strike_G","Strike_G","Strike_G","Defend_G","Defend_G","Defend_G","Defend_G","Survivor","Neutralize+1","Backflip+1","Glass Knife+1"],"relics":["Ring of the Snake","Ninja Scroll","Lantern","Bag of Preparation","Dream Catcher"],"acts_visited":["Exordium"],"potions_floor_usage":[11],"damage_taken":[{"damage":0,"enemies":"2 Louse","floor":1,"turns":3},{"damage":2,"enemies":"Cultist","floor":2,"turns":4},{"damage":6,"enemies":"Small Slimes","floor":3,"turns":6},{"damage":1,"enemies":"Exordium Wildlife","floor":5,"turns":3},{"damage":3,"enemies":"Blue Slaver","floor":6,"turns":5},{"damage":13,"enemies":"Gremlin Gang","floor":8,"turns":6},{"damage":1,"enemies":"2 Fungi Beasts","floor":10,"turns":4},{"damage":5,"enemies":"Gremlin Nob","floor":11,"turns":3},{"damage":7,"enemies":"3 Sentries","floor":13,"turns":8},{"damage":33,"enemies":"Hexaghost","floor":16,"turns":11}],"seed_played":"-723059603700621244","potions_obtained":[{"floor":2,"key":"SteroidPotion"},{"floor":5,"key":"Energy Potion"},{"floor":8,"key":"FairyPotion"}],"is_trial":false,"path_per_floor":["M","M","M","$","M","M","R","M","T","M","E","R","E","?","R","B"],"character_chosen":"THE_SILENT","items_purchased":["Ninja Scroll"],"campfire_rested":0,"item_purchase_floors":[4],"current_hp_per_floor":[63,61,55,55,54,51,51,38,38,37,32,32,25,25,25,12,12],"gold":217,"neow_bonus":"TWO_FIFTY_GOLD","is_daily":false,"chose_seed":false,"campfire_upgraded":3,"win_rate":0.0,"timestamp":1610443014,"path_taken":["M","M","M","$","M","M","R","M","T","M","E","R","E","?","R","BOSS"],"items_purchased_type":["Relic"],"build_version":"2020-12-22","purchased_purges":1,"victory":false,"max_hp_per_floor":[63,63,63,63,63,63,63,63,63,63,63,63,63,63,63,63,63],"card_choices":[{"not_picked":["Terror","Cloak And Dagger"],"picked":"Backflip","floor":1},{"not_picked":["Terror","PiercingWail","Slice"],"picked":"SKIP","floor":2},{"not_picked":["Finisher","Underhanded Strike","Flying Knee"],"picked":"SKIP","floor":3},{"not_picked":["Eviscerate","Escape Plan","Infinite Blades"],"picked":"SKIP","floor":5},{"not_picked":["Blur","Predator","Noxious Fumes"],"picked":"SKIP","floor":6},{"not_picked":["Sucker Punch","Acrobatics","Prepared"],"picked":"SKIP","floor":8},{"not_picked":["Heel Hook","Eviscerate","PiercingWail"],"picked":"SKIP","floor":10},{"not_picked":["Concentrate","Backstab"],"picked":"Glass Knife","floor":11},{"not_picked":["Deflect","Calculated Gamble","Grand Finale"],"picked":"SKIP","floor":13}],"player_experience":195828,"relics_obtained":[{"floor":9,"key":"Lantern"},{"floor":11,"key":"Bag of Preparation"},{"floor":13,"key":"Dream Catcher"}],"event_choices":[{"damage_healed":0,"gold_gain":0,"player_choice":"0 cards matched","damage_taken":0,"max_hp_gain":0,"max_hp_loss":0,"event_name":"Match and Keep!","floor":14,"gold_loss":0,"cards_obtained":[]}],"is_beta":false,"boss_relics":[],"items_purged_floors":[4],"is_endless":false,"potions_floor_spawned":[2,5,8],"killed_by":"Hexaghost","ascension_level":13}}