{"host":"cnq91ghfhf6lz0gv","time":1610427176,"event":{"mods":["BaseMod","Clockwork Mod","Colored Map","Colored Powertips","Conspire","Downfall","Googly Eyes","Highlight Path","Minty Spire (QoL Compilation)","Replay The Spire","StSLib","SuperFastMode","The IronCluck","The Showman","slay the spire mod where everything is the same but ironclad has a cowboy hat"],"gold_per_floor":[116,116,134,134,152,152,172,190,263,263,263,278,293,310,610,710,710,721,121,133,33,53,53,64,64,89,89,89,89,99,117,117,215,215,231,241,89,89,103,135,75,75,75,100,116,116,150,169,169,169,169,169,26,58,58],"floor_reached":56,"playtime":3036,"items_purged":["Clockwork:TestingEnvironment","Clockwork:RampUp"],"score":1508,"play_id":"230c4496-34bb-4251-8a97-16caf96bd8b2","local_time":"20210111235256","is_ascension_mode":false,"campfire_choices":[{"data":"Clockwork:Improve","floor":6.0,"key":"SMITH"},{"data":"Clockwork:Strike","floor":10.0,"key":"SMITH"},{"floor":15.0,"key":"DIG"},{"data":"Clockwork:Inspiration","floor":23.0,"key":"SMITH"},{"data":"Clockwork:TimeWalk","floor":25.0,"key":"SMITH"},{"data":"Clockwork:EnthusiasticStrike","floor":27.0,"key":"SMITH"},{"floor":29.0,"key":"RECALL"},{"floor":32.0,"key":"REST"},{"floor":42.0,"key":"REST"},{"floor":46.0,"key":"REST"},{"data":"Clockwork:CraftCopperScales","floor":49,"key":"SMITH"}],"circlet_count":0,"master_deck":["Clockwork:Tinker+1","Clockwork:Improve+1","Clockwork:HeadStart+1","Clockwork:TimeWalk+1","Clockwork:Improve+1","Clockwork:Inspiration+1","Clockwork:AssemblyLine+1","Clockwork:EnthusiasticStrike+1","Clockwork:SystemHardening"],"relics":["Clockwork:MomentumEngine","Singing Bowl","Clockwork:SomewhatSmoothStone","Old Coin","Clockwork:QuicksilverHourglass","Pandora\u0027s Box","Unceasing Top","Strange Spoon","Black Star","Replay:Wax Seal","Pear","Darkstone Periapt","Replay:Accelerometer","Mercury Hourglass","Chameleon Ring","Clockwork:CopperScales","Orrery","Nunchaku","conspire:DeflatedDodgeball"],"acts_visited":["Exordium","TheCity","TheBeyond","TheEnding"],"potions_floor_usage":[55,55],"damage_taken":[{"damage":5.0,"enemies":"2 Louse","floor":1.0,"turns":7.0},{"damage":0.0,"enemies":"Jaw Worm","floor":3.0,"turns":5.0},{"damage":9.0,"enemies":"Cultist","floor":5.0,"turns":6.0},{"damage":11.0,"enemies":"Large Slime","floor":7.0,"turns":10.0},{"damage":14.0,"enemies":"Exordium Thugs","floor":8.0,"turns":10.0},{"damage":0.0,"enemies":"Exordium Wildlife","floor":12.0,"turns":14.0},{"damage":14.0,"enemies":"Large Slime","floor":13.0,"turns":9.0},{"damage":3.0,"enemies":"Blue Slaver","floor":14.0,"turns":3.0},{"damage":12.0,"enemies":"Slime Boss","floor":16.0,"turns":6.0},{"damage":10.0,"enemies":"Shell Parasite","floor":18.0,"turns":2.0},{"damage":25.0,"enemies":"3 Byrds","floor":20.0,"turns":3.0},{"damage":17.0,"enemies":"Snecko","floor":22.0,"turns":4.0},{"damage":0.0,"enemies":"Snake Plant","floor":24.0,"turns":1.0},{"damage":0.0,"enemies":"Shelled Parasite and Fungi","floor":30.0,"turns":1.0},{"damage":10.0,"enemies":"Cultist and Chosen","floor":31.0,"turns":2.0},{"damage":0.0,"enemies":"Automaton","floor":33.0,"turns":1.0},{"damage":16.0,"enemies":"3 Shapes","floor":35.0,"turns":2.0},{"damage":0.0,"enemies":"Orb Walker","floor":36.0,"turns":1.0},{"damage":31.0,"enemies":"4 Shapes","floor":39.0,"turns":3.0},{"damage":0.0,"enemies":"Reptomancer","floor":40.0,"turns":1.0},{"damage":0.0,"enemies":"Giant Head","floor":44.0,"turns":1.0},{"damage":0.0,"enemies":"Writhing Mass","floor":45.0,"turns":1.0},{"damage":0.0,"enemies":"R_Hoarder","floor":47.0,"turns":2.0},{"damage":0,"enemies":"Jaw Worm Horde","floor":48,"turns":1},{"damage":102,"enemies":"Time Eater","floor":50,"turns":6},{"damage":0,"enemies":"Shield and Spear","floor":54,"turns":1},{"damage":15,"enemies":"The Heart","floor":55,"turns":3}],"seed_played":"-3518964717900252910","potions_obtained":[{"floor":3.0,"key":"Energy Potion"},{"floor":7.0,"key":"EssenceOfSteel"},{"floor":12.0,"key":"Fire Potion"},{"floor":13.0,"key":"Death Potion"},{"floor":16.0,"key":"ColorlessPotion"},{"floor":22.0,"key":"CultistPotion"},{"floor":31.0,"key":"PowerPotion"},{"floor":39.0,"key":"Adrenaline Potion"},{"floor":44.0,"key":"Elixir"},{"floor":52,"key":"Languid Potion"}],"is_trial":false,"path_per_floor":["M","?","M","?","M","R","M","M","T","R","?","M","M","M","R_BF","B",null,"M","$","M","$","M","R","M","R","T","R","$","R","M","M","R","B",null,"M","M","$","?","M","E","?","R","T","E","M","R","E","M","R","B",null,"R","$","E","B",null],"character_chosen":"CLOCKWORK","items_purchased":["Unceasing Top","Strange Spoon","Clockwork:CraftSomewhatSmoothStone","Clockwork:CraftMomentumEngine","Orrery"],"campfire_rested":3,"item_purchase_floors":[19,19,19,37,53],"current_hp_per_floor":[80,80,80,73,64,64,53,39,39,39,39,39,27,26,26,14,89,81,81,58,58,43,43,45,45,45,45,45,45,47,39,69,71,103,89,91,91,91,62,74,74,110,110,112,114,125,127,127,127,25,127,127,135,135,120],"gold":58,"neow_bonus":"UPGRADE_CARD","is_daily":false,"chose_seed":false,"campfire_upgraded":6,"win_rate":0.0,"timestamp":1610427176,"path_taken":["M","?","M","?","M","R","M","M","T","R","?","M","M","M","R_BF","BOSS","M","$","M","$","M","R","M","R","T","R","$","R","M","M","R","BOSS","M","M","$","?","?","E","?","R","T","E","M","R","E","M","R","BOSS","R","$","E","BOSS"],"items_purchased_type":["Relic","Relic","Card","Card","Relic"],"build_version":"2020-12-22","purchased_purges":2,"victory":true,"max_hp_per_floor":[85,85,85,85,85,85,85,85,85,85,85,85,87,89,89,89,89,91,91,93,93,95,95,97,97,97,97,97,97,99,101,101,103,103,105,107,107,107,109,121,121,121,121,123,125,125,127,127,127,127,127,127,135,135,135],"card_choices":[{"not_picked":["Clockwork:SystemScan","Clockwork:SnapKeep"],"picked":"Clockwork:Improve","floor":1.0},{"not_picked":["Clockwork:Improve","Clockwork:Friction","Clockwork:HoardingStrike"],"picked":"SKIP","floor":3.0},{"not_picked":["Clockwork:CogBarrier","Clockwork:AssemblyLine","Clockwork:TiltAWhirl"],"picked":"SKIP","floor":5.0},{"not_picked":["Clockwork:ReserveSystems","Clockwork:HeadStart"],"picked":"Clockwork:CraftSomewhatSmoothStone","floor":7.0},{"not_picked":["Clockwork:StasisBreak","Clockwork:MechanicalMass","Clockwork:Minimalism"],"picked":"SKIP","floor":8.0},{"not_picked":["Clockwork:LogisticRegression","Clockwork:Redundancy"],"picked":"Clockwork:CraftQuicksilverHourglass","floor":12.0},{"not_picked":["Clockwork:MechanicalBulk","Clockwork:Efficiency","Clockwork:SearchingStrike"],"picked":"Singing Bowl","floor":13.0},{"not_picked":["Clockwork:Redundancy","Clockwork:LiteraryArmor","Clockwork:CogBarrier"],"picked":"Singing Bowl","floor":14.0},{"not_picked":["Clockwork:Randomization","Clockwork:WindupStrike"],"picked":"Clockwork:TimeWalk","floor":16.0},{"not_picked":["Clockwork:Enhance","Clockwork:LiteraryArmor","Clockwork:Minimalism"],"picked":"Singing Bowl","floor":18.0},{"not_picked":["Clockwork:Minimalism+1","Clockwork:SystemHardening+1","Clockwork:AdaptiveShield+1"],"picked":"Singing Bowl","floor":20.0},{"not_picked":["Clockwork:Roundhouse","Clockwork:SystemScan","Clockwork:OccamsRazor"],"picked":"Singing Bowl","floor":22.0},{"not_picked":["Clockwork:SnapKeep+1","Clockwork:ChargingBlade+1","Clockwork:ForgeStrike"],"picked":"Singing Bowl","floor":24.0},{"not_picked":["Clockwork:SnapKeep","Clockwork:CogBarrier","Clockwork:TimeOut+1"],"picked":"Singing Bowl","floor":30.0},{"not_picked":["Clockwork:RampUp","Clockwork:LiteraryArmor","Clockwork:ForgeStrike+1"],"picked":"Singing Bowl","floor":31.0},{"not_picked":["Clockwork:Inspiration","Clockwork:WindupStrike","Clockwork:DefectiveParts"],"picked":"Singing Bowl","floor":33.0},{"not_picked":["Clockwork:AdaptiveCannon","Clockwork:Enhance","Clockwork:SpurOn+1"],"picked":"Singing Bowl","floor":35.0},{"not_picked":["Clockwork:CraftVarja","Clockwork:CogToss","Clockwork:ChargingBlade"],"picked":"Singing Bowl","floor":36.0},{"not_picked":["Clockwork:ChargingShield","Clockwork:TimeOut","Clockwork:ReserveSystems+1"],"picked":"Singing Bowl","floor":39.0},{"not_picked":["Clockwork:RampUp","Clockwork:EnthusiasticStrike+1","Clockwork:SnapKeep+1"],"picked":"Singing Bowl","floor":40.0},{"not_picked":["Clockwork:Redundancy","Clockwork:CogBarrier","Clockwork:Roundhouse"],"picked":"Singing Bowl","floor":44.0},{"not_picked":["Clockwork:ChargingBlade+1","Clockwork:ReserveSystems","Clockwork:SnapKeep+1"],"picked":"Singing Bowl","floor":45.0},{"not_picked":["Clockwork:ForgeStrike","Clockwork:ElasticNanites","Clockwork:SnapKeep+1"],"picked":"Singing Bowl","floor":47},{"not_picked":["Clockwork:Roundhouse","Clockwork:SnapKeep+1"],"picked":"Clockwork:CraftCopperScales","floor":48},{"not_picked":["Clockwork:Improve+1","Clockwork:KaliMa","Clockwork:AdaptiveShield"],"picked":"Singing Bowl","floor":53},{"not_picked":["Clockwork:ElasticNanites+1","Clockwork:Inspiration"],"picked":"Clockwork:SystemHardening","floor":53},{"not_picked":["Clockwork:ReserveSystems+1","Clockwork:MechanicalMass","Clockwork:PerfectedShield"],"picked":"Singing Bowl","floor":53},{"not_picked":["Clockwork:CogBarrier+1","Clockwork:QuantumStrike+1","Clockwork:ElasticNanites+1"],"picked":"Singing Bowl","floor":53},{"not_picked":["Clockwork:KaliMa","Clockwork:Roundhouse","Clockwork:ChargingShield"],"picked":"Singing Bowl","floor":53},{"not_picked":["Clockwork:CogShield+1","Clockwork:CogBarrier"],"picked":"Clockwork:CraftCopperScales+1","floor":54}],"player_experience":178274,"relics_obtained":[{"floor":9.0,"key":"Singing Bowl"},{"floor":15.0,"key":"Old Coin"},{"floor":40.0,"key":"Replay:Wax Seal"},{"floor":40.0,"key":"Pear"},{"floor":43.0,"key":"Darkstone Periapt"},{"floor":44.0,"key":"Replay:Accelerometer"},{"floor":44.0,"key":"Mercury Hourglass"},{"floor":47,"key":"Chameleon Ring"},{"floor":54,"key":"Nunchaku"},{"floor":54,"key":"conspire:DeflatedDodgeball"}],"event_choices":[{"cards_removed":["Clockwork:Strike"],"damage_healed":0.0,"max_hp_gain":0.0,"max_hp_loss":0.0,"gold_gain":0.0,"event_name":"Golden Wing","player_choice":"Card Removal","floor":4.0,"gold_loss":0.0,"damage_taken":7.0},{"damage_healed":0.0,"max_hp_gain":0.0,"max_hp_loss":0.0,"gold_gain":0.0,"event_name":"Dead Adventurer","player_choice":"Searched \u00271\u0027 times","floor":11.0,"gold_loss":0.0,"damage_taken":0.0},{"damage_healed":0.0,"max_hp_gain":0.0,"max_hp_loss":0.0,"gold_gain":0.0,"event_name":"NoteForYourself","player_choice":"Ignored","floor":38.0,"gold_loss":0.0,"damage_taken":0.0},{"cards_removed":["Clockwork:PerfectForm"],"damage_healed":0.0,"max_hp_gain":0.0,"max_hp_loss":0.0,"gold_gain":0.0,"event_name":"Designer","player_choice":"Single Remove","floor":41.0,"gold_loss":60.0,"damage_taken":0.0}],"is_beta":false,"boss_relics":[{"not_picked":["conspire:SpecialSausage","Sozu"],"picked":"Pandora\u0027s Box"},{"not_picked":["Coffee Dripper","Cursed Key"],"picked":"Black Star"}],"items_purged_floors":[19,21],"is_endless":false,"potions_floor_spawned":[3,7,12,13,16,22,24,31,39,44,45],"ascension_level":0}}