{"host":"z9grmtg2w0nmz8n1","time":1610429927,"event":{"mods":["Aspiration","Bard","BaseMod","Beaked The Cultist","Better Altar","Better Match","Better Note","Better Sensory Stone","Better Skull","Better Third Choice","BetterRewards","CCEM","Colored Map","Conspire","Downfall","GifTheSpireLib","Googly Eyes","Halation","Hermit","Highlight Path","Hubris","Hunter ??","Jedi Mod","Jorbs\u0027s Wanderer Trilogy","Mad Scientist","Marisa????????","Minty Spire (QoL Compilation)","Permanent Neow","Replay The Spire","Shade Mod","Shop Mod","Spicy Shops","StSLib","Stuff the Spire","The Bug Knight","The Construct","The Necromancer","The Runesmith","The Witch"],"gold_per_floor":[119,119,44,44,60,71,97,97,121,131,166,186,31,51,51,146,146,160,85,85,85,102,102,135,145,145,180,195,21,21,71,71,171,171,183,198,212,16,28,28,28],"floor_reached":40,"playtime":1628,"items_purged":["Strike_B","Strike_B","Strike_B","Strike_B"],"score":511,"play_id":"ca7418e5-b0de-45ce-b6cf-1ef039fcc5f6","local_time":"20210112033847","is_ascension_mode":true,"campfire_choices":[{"floor":15,"key":"RECALL"},{"data":"Zap","floor":23,"key":"SMITH"},{"floor":32,"key":"REST"}],"circlet_count":0,"master_deck":["Defend_B","Defend_B","Defend_B+1","Defend_B","Zap+1","Dualcast","Go for the Eyes","Streamline","FTL","Rebound","Leap","Conserve Battery","FTL","FTL","All For One","jedi:reiji","StuffTheSpire:Synthwave","Zap+1","Conserve Battery","ReplayGash","FTL","Go for the Eyes+1","Ball Lightning","Echo Form","Conserve Battery","Gash","Ball Lightning+1"],"relics":["Cracked Core","NeowsBlessing","hubris:Towel","hubris:Icosahedron","jedi:archwizardhat","Cables","Painkiller Herb","CCEMRelics:D6","Kunai","StuffTheSpire:Expresso","SsserpentHead","halation:LoveArrow"],"acts_visited":["Exordium","TheCity","TheBeyond"],"potions_floor_usage":[24,24,33,33,35,40],"damage_taken":[{"damage":0,"enemies":"Jaw Worm","floor":1,"turns":1},{"damage":0,"enemies":"2 Louse","floor":5,"turns":1},{"damage":0,"enemies":"Small Slimes","floor":6,"turns":1},{"damage":0,"enemies":"Replay:BlueRogue","floor":7,"turns":3},{"damage":7,"enemies":"Blue Slaver","floor":10,"turns":2},{"damage":24,"enemies":"Gremlin Nob","floor":11,"turns":4},{"damage":4,"enemies":"Exordium Thugs","floor":12,"turns":3},{"damage":0,"enemies":"Red Slaver","floor":14,"turns":2},{"damage":4,"enemies":"Hexaghost","floor":16,"turns":8},{"damage":6,"enemies":"conspire:FuzzyDice","floor":18,"turns":4},{"damage":1,"enemies":"3 Byrds","floor":22,"turns":4},{"damage":27,"enemies":"Slavers","floor":24,"turns":4},{"damage":6,"enemies":"conspire:HollyBat","floor":25,"turns":6},{"damage":14,"enemies":"Replay:Snechameleon","floor":27,"turns":4},{"damage":8,"enemies":"3 Cultists","floor":28,"turns":5},{"damage":15,"enemies":"Champ","floor":33,"turns":8},{"damage":16,"enemies":"3 Shapes","floor":35,"turns":4},{"damage":2,"enemies":"Orb Walker","floor":36,"turns":3},{"damage":25,"enemies":"Maw","floor":37,"turns":7},{"damage":31,"enemies":"3 Darklings","floor":39,"turns":4},{"damage":8,"enemies":"HollowMod:StalkingDevout","floor":40,"turns":4}],"seed_played":"7160137817486647010","potions_obtained":[{"floor":10,"key":"EssenceOfDarkness"},{"floor":11,"key":"Energy Potion"},{"floor":18,"key":"CultistPotion"},{"floor":28,"key":"SpeedPotion"},{"floor":33,"key":"PowerPotion"},{"floor":35,"key":"Venom Potion"},{"floor":39,"key":"jedi:StrikingPotion"}],"is_trial":false,"path_per_floor":["M","?","$","?","M","M","E","?","T","M","E","M","$","M","R","B",null,"?","?","?","T","?","T","E","?","T","E","?","T","?","?","T","B",null,"?","?","?","T","?","E"],"character_chosen":"DEFECT","items_purchased":["FTL","Ball Lightning","Gash"],"campfire_rested":1,"item_purchase_floors":[13,29,38],"current_hp_per_floor":[75,75,75,75,75,75,75,75,75,68,44,40,40,40,40,36,75,69,69,69,69,68,68,41,35,35,21,13,13,13,13,35,20,75,59,57,32,32,1,0,0],"gold":28,"neow_bonus":"THREE_ENEMY_KILL","is_daily":false,"chose_seed":false,"campfire_upgraded":1,"win_rate":0.0,"timestamp":1610429927,"path_taken":["M","?","$","?","M","M","E","?","T","M","E","?","?","?","R","BOSS","?","?","?","T","?","T","E","?","T","E","?","T","?","?","T","BOSS","?","?","?","T","?","E"],"items_purchased_type":["Card","Card","Card"],"build_version":"2020-12-22","purchased_purges":4,"victory":false,"max_hp_per_floor":[75,75,75,75,75,75,75,75,75,75,75,75,75,75,75,75,75,75,75,75,75,75,75,75,75,75,75,75,75,75,75,75,75,75,75,75,75,75,75,75,75],"card_choices":[{"not_picked":["Coolheaded","Steam"],"picked":"Go for the Eyes","floor":1},{"not_picked":["Steam Power","jedi:BurstFrost"],"picked":"Streamline","floor":5},{"not_picked":["Panic Button","Compile Driver"],"picked":"FTL","floor":6},{"not_picked":["Tempest","Panic Button"],"picked":"Rebound","floor":7},{"not_picked":["Compile Driver","Rebound"],"picked":"Leap","floor":10},{"not_picked":["Fusion","jedi:BurstLightning","Undo"],"picked":"SKIP","floor":11},{"not_picked":["Panic Button","Rip and Tear"],"picked":"Conserve Battery","floor":12},{"not_picked":["StuffTheSpire:Coldhearted","conspire:Rain","ReplaySolidLightProjector"],"picked":"SKIP","floor":14},{"not_picked":["jedi:readyaimfire","jedi:BurstDark"],"picked":"All For One","floor":16},{"not_picked":["Rebound+1","Beam Cell"],"picked":"jedi:reiji","floor":18},{"not_picked":["Static Discharge","jedi:markofdeath"],"picked":"StuffTheSpire:Synthwave","floor":19},{"not_picked":["StuffTheSpire:LoadUp+1","Hologram"],"picked":"Conserve Battery","floor":22},{"not_picked":["StuffTheSpire:EventHorizon","Conserve Battery"],"picked":"ReplayGash","floor":24},{"not_picked":["Turbo","Fusion+1"],"picked":"FTL","floor":25},{"not_picked":["Conserve Battery","Melter","StuffTheSpire:ForEach"],"picked":"SKIP","floor":27},{"not_picked":["Stack","Beam Cell"],"picked":"Go for the Eyes+1","floor":28},{"not_picked":["hubris:Prefetch","Amplify"],"picked":"Echo Form","floor":33},{"not_picked":["Self Repair+1","ReplaySort","StuffTheSpire:LoadUp"],"picked":"SKIP","floor":35},{"not_picked":["Streamline","StuffTheSpire:LoadUp"],"picked":"Conserve Battery","floor":36},{"not_picked":["StuffTheSpire:CleanHardDrive","Stack","StuffTheSpire:GlassShard"],"picked":"SKIP","floor":37},{"not_picked":["FTL","Sweeping Beam+1"],"picked":"Ball Lightning+1","floor":39}],"player_experience":846612,"relics_obtained":[{"floor":7,"key":"jedi:archwizardhat"},{"floor":11,"key":"Cables"},{"floor":24,"key":"CCEMRelics:D6"},{"floor":26,"key":"Kunai"},{"floor":27,"key":"StuffTheSpire:Expresso"}],"event_choices":[{"damage_healed":0,"gold_gain":0,"player_choice":"1","damage_taken":0,"max_hp_gain":0,"max_hp_loss":0,"event_name":"betterMatch:BetterMatch","floor":19,"gold_loss":0,"cards_obtained":["betterMatch:UncommonCard","betterMatch:UncommonCard","betterMatch:ColorlessUncommonCard"]},{"damage_healed":0,"gold_gain":0,"player_choice":"Copied","damage_taken":0,"max_hp_gain":0,"max_hp_loss":0,"event_name":"Duplicator","floor":20,"gold_loss":0,"cards_obtained":["Zap"]},{"damage_healed":0,"gold_gain":0,"player_choice":"Trade","damage_taken":0,"relics_obtained":["SsserpentHead"],"max_hp_gain":0,"max_hp_loss":0,"event_name":"FaceTrader","floor":30,"gold_loss":0},{"damage_healed":0,"gold_gain":0,"player_choice":"Upgraded","damage_taken":0,"max_hp_gain":0,"max_hp_loss":0,"event_name":"Upgrade Shrine","floor":31,"gold_loss":0,"cards_upgraded":["Zap"]}],"is_beta":false,"boss_relics":[{"not_picked":["halation:CatFaceCupcake","conspire:SeveredTorchhead"],"picked":"Painkiller Herb"},{"not_picked":["Replay:Wanted Poster","beaked:MawFillet"],"picked":"halation:LoveArrow"}],"items_purged_floors":[3,13,29,38],"is_endless":false,"potions_floor_spawned":[10,11,18,28,33,35,39],"killed_by":"HollowMod:StalkingDevout","ascension_level":1}}