{"host":"l2dnabsh5e0fsksb","time":1610429389,"event":{"mods":["2.2 Compatiblity","BaseMod","Downfall","Minty Spire (QoL Compilation)","Quick Restart","StSLib"],"gold_per_floor":[199,212,212,232,246,271,271,135,310,85,85,100,100,100,115,210,210,210,226,18,32,51,36,36,36,56,56,79,113,113,113,113],"floor_reached":30,"playtime":1656,"items_purged":["Doubt"],"score":360,"play_id":"3a81e2fe-1882-480d-8687-4d83817ff535","local_time":"20210112155949","is_ascension_mode":true,"campfire_choices":[{"floor":1.0,"key":"RECALL"},{"floor":10.0,"key":"REST"},{"data":"champ:CrookedStrike","floor":13.0,"key":"SMITH"},{"data":"champ:CheapShot","floor":18.0,"key":"SMITH"},{"floor":25.0,"key":"REST"},{"floor":27.0,"key":"REST"}],"circlet_count":0,"master_deck":["champ:Strike","champ:Strike","champ:Strike","champ:Strike","champ:Defend","champ:Defend","champ:Defend","champ:Defend","champ:Execute","champ:Taunt+1","champ:Encircle","champ:CrookedStrike+1","champ:BerserkersShout","champ:FocusedGladiator","champ:BringItOn","champ:BerserkerStyle","champ:FlashCut","champ:BerserkerStyle","champ:Backstep","champ:CheapShot+1","champ:EnchantCrown","champ:TornadoPunch+1","champ:ShieldSigil","champ:PreciseThrust","champ:SwordSigil+1","champ:Duel+1","champ:ShieldWall","champ:ViciousMockery","champ:RecklessLeap","champ:ShieldWall","champ:CalledShot+1","champ:Circumvent"],"relics":["champ:ChampionCrown","Prayer Wheel","downfall:HeartBlessingBlue","downfall:HeartBlessingRed","downfall:HeartBlessingGreen","champ:LiftRelic","Black Star","Membership Card","Question Card","Art of War","Potion Belt","Pantograph"],"acts_visited":["Exordium","TheCity"],"potions_floor_usage":[30],"damage_taken":[{"damage":5.0,"enemies":"Jaw Worm","floor":2.0,"turns":4.0},{"damage":9.0,"enemies":"Cultist","floor":4.0,"turns":4.0},{"damage":4.0,"enemies":"Small Slimes","floor":5.0,"turns":2.0},{"damage":73.0,"enemies":"Gremlin Nob","floor":6.0,"turns":5.0},{"damage":22.0,"enemies":"downfall:FleeingMerchant","floor":8.0,"turns":4.0},{"damage":20.0,"enemies":"3 Louse","floor":12.0,"turns":3.0},{"damage":14.0,"enemies":"2 Fungi Beasts","floor":15.0,"turns":3.0},{"damage":58.0,"enemies":"downfall:Watcher","floor":16.0,"turns":10.0},{"damage":21.0,"enemies":"3 Byrds","floor":19.0,"turns":4.0},{"damage":26.0,"enemies":"downfall:FleeingMerchant","floor":20.0,"turns":5.0},{"damage":38.0,"enemies":"Spheric Guardian","floor":21.0,"turns":5.0},{"damage":60.0,"enemies":"Snecko","floor":22.0,"turns":5.0},{"damage":15.0,"enemies":"downfall:FleeingMerchant","floor":23.0,"turns":5.0},{"damage":59.0,"enemies":"Shelled Parasite and Fungi","floor":26.0,"turns":7.0},{"damage":51,"enemies":"Gremlin Leader","floor":29,"turns":8},{"damage":22,"enemies":"Centurion and Healer","floor":30,"turns":4}],"seed_played":"-569922209146894964","potions_obtained":[{"floor":2.0,"key":"FearPotion"},{"floor":12.0,"key":"LiquidBronze"},{"floor":14.0,"key":"Fire Potion"},{"floor":14.0,"key":"champ:CounterPotion"},{"floor":15.0,"key":"DistilledChaos"},{"floor":16.0,"key":"LiquidBronze"},{"floor":21.0,"key":"champ:OpenerPotion"},{"floor":26.0,"key":"SneckoOil"}],"is_trial":false,"path_per_floor":["R","M","?","M","M","E","T","$","?","R","?","M","R","?","M","B",null,"R","M","$","M","M","$","T","R","M","R","T","E","M"],"character_chosen":"THE_CHAMP","items_purchased":["champ:BerserkerStyle","champ:FlashCut","Membership Card"],"campfire_rested":3,"item_purchase_floors":[8,8,20],"current_hp_per_floor":[81,81,81,81,81,23,23,18,18,58,58,55,55,55,49,14,79,79,67,63,42,16,16,16,46,10,40,40,20,0,0,0],"gold":113,"neow_bonus":"HUNDRED_GOLD","is_daily":false,"chose_seed":false,"campfire_upgraded":2,"win_rate":0.0,"timestamp":1610429389,"path_taken":["R","M","?","M","M","E","T","?","?","R","?","M","R","?","M","BOSS","R","M","$","?","M","$","T","R","M","R","?","E","M"],"items_purchased_type":["Card","Card","Relic"],"build_version":"2020-12-22","purchased_purges":1,"victory":false,"max_hp_per_floor":[90,90,90,90,90,90,90,90,90,100,100,100,100,100,100,100,100,100,100,100,100,100,100,100,100,100,100,100,100,100,100,100],"card_choices":[{"not_picked":["champ:RageSigil","champ:Aggression"],"picked":"champ:Encircle","floor":2.0},{"not_picked":["champ:FanOfKnives","champ:Shatter"],"picked":"champ:CrookedStrike","floor":4.0},{"not_picked":["champ:FocusedGladiator","champ:GladiatorsShout"],"picked":"champ:BerserkersShout","floor":5.0},{"not_picked":["champ:ShieldSigil","champ:Control"],"picked":"champ:FocusedGladiator","floor":6.0},{"not_picked":["champ:Haymaker","champ:Circumvent"],"picked":"champ:BringItOn","floor":8.0},{"not_picked":["champ:FanOfKnives","champ:GladiatorsShout"],"picked":"champ:BerserkerStyle","floor":12.0},{"not_picked":["champ:Circumvent","champ:PerfectedStrike"],"picked":"champ:Backstep","floor":12.0},{"not_picked":["champ:ArenaPreparation","champ:BringItOn"],"picked":"champ:CheapShot","floor":15.0},{"not_picked":["champ:PerfectedStrike","champ:BerserkersShout"],"picked":"champ:FightOn","floor":15.0},{"not_picked":["champ:IgnorePain","champ:HeavySlash"],"picked":"champ:EnchantCrown","floor":16.0},{"not_picked":["champ:FaceSlap","champ:BladeFlurry"],"picked":"champ:TornadoPunch+1","floor":19.0},{"not_picked":["champ:HeartStrike","champ:BladeFlurry+1"],"picked":"champ:ShieldSigil","floor":19.0},{"not_picked":["champ:PerfectedStrike","champ:BladeFlurry"],"picked":"champ:PreciseThrust","floor":20.0},{"not_picked":["champ:BerserkersShout","champ:DefensiveShout"],"picked":"champ:SwordSigil+1","floor":21.0},{"not_picked":["champ:FanOfKnives","champ:FalseCounter"],"picked":"champ:Duel+1","floor":21.0},{"not_picked":["champ:Balance","champ:Haymaker"],"picked":"champ:ShieldWall","floor":22.0},{"not_picked":["champ:Haymaker","champ:ShieldWall"],"picked":"champ:ViciousMockery","floor":22.0},{"not_picked":["champ:PerfectedStrike","champ:RapidStrikes"],"picked":"champ:RecklessLeap","floor":23.0},{"not_picked":["champ:FocusedGladiator","champ:CrookedStrike","champ:FalseCounter"],"picked":"champ:ShieldWall","floor":26.0},{"not_picked":["champ:RageSigil","champ:Haymaker","champ:FocusedBerserking"],"picked":"champ:CalledShot+1","floor":26.0},{"not_picked":["champ:CalledShot","champ:BerserkersShout+1","champ:FlashCut"],"picked":"champ:Circumvent","floor":29}],"player_experience":1765519,"relics_obtained":[{"floor":6.0,"key":"Prayer Wheel"},{"floor":24.0,"key":"Question Card"},{"floor":28.0,"key":"Art of War"},{"floor":29,"key":"Potion Belt"},{"floor":29,"key":"Pantograph"}],"event_choices":[{"damage_healed":0.0,"max_hp_gain":0.0,"max_hp_loss":0.0,"gold_gain":0.0,"event_name":"Upgrade Shrine","player_choice":"Upgraded","floor":3.0,"gold_loss":0.0,"damage_taken":0.0,"cards_upgraded":["champ:Taunt"]},{"damage_healed":0.0,"max_hp_gain":0.0,"max_hp_loss":0.0,"gold_gain":0.0,"event_name":"Lab","player_choice":"Got Potions","floor":14.0,"gold_loss":0.0,"damage_taken":0.0}],"is_beta":false,"boss_relics":[{"not_picked":["Fusion Hammer","SacredBark"],"picked":"Black Star"}],"items_purged_floors":[20],"is_endless":false,"potions_floor_spawned":[2,12,15,16,21,26],"killed_by":"Centurion and Healer","ascension_level":9}}