{"host":"ekha54jsiuuqgn65","time":1610467177,"event":{"mods":["BaseMod","Colored Map","Conspire","Lobotomy","LobotomyExtend","Minty Spire (QoL Compilation)","Quick Restart","Replay The Spire","StSLib","SuperFastMode","The Marked","[IsaacMod]ÒÔÈö¼âËþ","vexMod","¡¾ÒÅÎï¿¨ÅÆ¡¿REMEMod"],"gold_per_floor":[115,37,37,151,168,193,211,244,271,337,387,387,414,433,433,536,536,548,624,773,773,773],"floor_reached":21,"playtime":1096,"items_purged":[],"score":272,"play_id":"a01bbb18-0a7b-4178-bca7-851438d69f73","local_time":"20210112235937","is_ascension_mode":false,"campfire_choices":[{"floor":12,"key":"REST"},{"floor":15,"key":"REST"}],"circlet_count":0,"master_deck":["Strike_R","Strike_R","Strike_R","Strike_R","Strike_R","Defend_R","Defend_R","Defend_R","Defend_R","Bash","EpicFetus+1","conspire:Banana+1","Perfected Strike","OldLady","REME_Cut+1","Flex","Perfected Strike","Scarecrow","Iron Wave","UniverseFragment","Metallicize+1","Wellcheers","Demon Form+1","BigBadWolf","WallGazer","Intimidate","DreamingCurrent","Run Through","VoidDream","Juggernaut","MeltingLove","REME_Fury","ShyLook","QueenOfHatred","Pommel Strike"],"relics":["Burning Blood","HushsDoor","REME_ComplimentaryCards","CogitoBucket","DeadEye","LetterFromLob","SsserpentHead","REME_HandOfSuture","PreservedInsect","HornCleat","Boot","SkinProphecy","Ginger","vexMod:ImprovementManual","GuppysHairball","BloodDonationMachine"],"acts_visited":["Exordium","TheCity"],"potions_floor_usage":[16,16,19],"damage_taken":[{"damage":7,"enemies":"2 Louse","floor":1,"turns":3},{"damage":15,"enemies":"Cultist","floor":5,"turns":4},{"damage":21,"enemies":"3 Sentries","floor":6,"turns":4},{"damage":11,"enemies":"Jaw Worm","floor":7,"turns":3},{"damage":16,"enemies":"Gremlin Nob","floor":8,"turns":3},{"damage":20,"enemies":"Looter","floor":10,"turns":3},{"damage":2,"enemies":"3 Sentries","floor":13,"turns":5},{"damage":25,"enemies":"Large Slime","floor":14,"turns":4},{"damage":100,"enemies":"The Guardian","floor":16,"turns":8},{"damage":17,"enemies":"Chosen","floor":18,"turns":4},{"damage":125,"enemies":"conspire:MimicChest","floor":19,"turns":8},{"damage":20,"enemies":"conspire:FuzzyDice","floor":21,"turns":1}],"seed_played":"4970020436740829760","potions_obtained":[{"floor":4,"key":"FairyPotion"},{"floor":4,"key":"CultistPotion"},{"floor":5,"key":"FearPotion"},{"floor":10,"key":"ColorlessPotion"},{"floor":18,"key":"Explosive Potion"}],"is_trial":false,"path_per_floor":["M","$","?","?","M","E","M","E","T","M","?","R","E","M","R","B",null,"M","?","?","M"],"character_chosen":"IRONCLAD","items_purchased":["REME_Cut","GuppysHairball"],"campfire_rested":2,"item_purchase_floors":[2,17],"current_hp_per_floor":[80,80,80,60,52,38,37,28,28,18,18,43,59,54,81,8,83,81,18,18,0,0],"gold":773,"neow_bonus":"","is_daily":false,"chose_seed":false,"campfire_upgraded":0,"win_rate":0.0,"timestamp":1610467177,"path_taken":["M","$","?","?","M","E","M","E","T","?","?","R","E","M","R","BOSS","M","?","?","M"],"items_purchased_type":["Card","Relic"],"build_version":"2020-12-22","purchased_purges":0,"victory":false,"max_hp_per_floor":[81,81,81,81,82,83,83,84,84,84,84,84,87,90,90,93,83,87,91,91,95,95],"card_choices":[{"not_picked":[],"picked":"EpicFetus","floor":0},{"not_picked":["Run Through","Heavy Blade"],"picked":"Perfected Strike","floor":1},{"not_picked":["SpiderBud","PunishingBird"],"picked":"OldLady","floor":1},{"not_picked":["Warcry","Abandon"],"picked":"Flex","floor":4},{"not_picked":["ReplayTheSpireMod:Stacked","Flex"],"picked":"Perfected Strike","floor":5},{"not_picked":["MeatLantern","UniverseFragment"],"picked":"Scarecrow","floor":5},{"not_picked":["conspire:ExplosiveBarrier","Combust"],"picked":"Iron Wave","floor":6},{"not_picked":["OSAHOGD","ShyLook"],"picked":"UniverseFragment","floor":6},{"not_picked":["Abandon","True Grit"],"picked":"Metallicize","floor":7},{"not_picked":["BlackSwan","MHz"],"picked":"Wellcheers","floor":7},{"not_picked":["Body Slam","Iron Wave"],"picked":"Demon Form","floor":8},{"not_picked":["Scorched","MHz"],"picked":"BigBadWolf","floor":8},{"not_picked":["Run Through","Dual Wield"],"picked":"Pommel Strike","floor":10},{"not_picked":["SpiderBud","MeatLantern"],"picked":"WallGazer","floor":10},{"not_picked":["Clothesline","Bloodletting"],"picked":"Intimidate","floor":13},{"not_picked":["SpiderBud","Yin"],"picked":"DreamingCurrent","floor":13},{"not_picked":["Body Slam","Life Link"],"picked":"Run Through","floor":14},{"not_picked":["SpiderBud","CherryBlossoms"],"picked":"VoidDream","floor":14},{"not_picked":["Demonic Infusion","Offering"],"picked":"Juggernaut","floor":16},{"not_picked":["HeroicMonk","ShyLook"],"picked":"MeltingLove","floor":16},{"not_picked":["Searing Blow","Reckless Charge"],"picked":"REME_Fury","floor":18},{"not_picked":["BeautyBeast","HappyTeddy","OSAHOGD"],"picked":"Singing Bowl","floor":18},{"not_picked":["BlackSwan","Murderer"],"picked":"ShyLook","floor":18},{"not_picked":["QueenBee","SingingMachine"],"picked":"QueenOfHatred","floor":19},{"not_picked":["Disarm+1","Combust+1"],"picked":"Pommel Strike","floor":19}],"player_experience":13393,"relics_obtained":[{"floor":1,"key":"LetterFromLob"},{"floor":4,"key":"REME_HandOfSuture"},{"floor":6,"key":"PreservedInsect"},{"floor":8,"key":"HornCleat"},{"floor":9,"key":"Boot"},{"floor":13,"key":"Ginger"},{"floor":19,"key":"BloodDonationMachine"}],"event_choices":[{"damage_healed":0,"gold_gain":0,"player_choice":"Trade","damage_taken":0,"relics_obtained":["SsserpentHead"],"max_hp_gain":0,"max_hp_loss":0,"event_name":"FaceTrader","floor":3,"gold_loss":0},{"damage_healed":0,"gold_gain":99,"player_choice":"Stole From Cult","damage_taken":0,"max_hp_gain":0,"max_hp_loss":0,"event_name":"Nest","floor":20,"gold_loss":0}],"is_beta":false,"boss_relics":[{"not_picked":["Velvet Choker","Replay:Drink Me"],"picked":"vexMod:ImprovementManual"},{"not_picked":[]}],"items_purged_floors":[],"is_endless":false,"potions_floor_spawned":[5,7,10,13,18],"killed_by":"conspire:FuzzyDice","ascension_level":0}}