{"host":"9ko0efgj7t9yomta","time":1610442018,"event":{"mods":["AchievementEnabler","BaseMod","Minty Spire (QoL Compilation)","StSLib","SuperFastMode"],"gold_per_floor":[114,129,144,144,159,174,189,219,219,234,264,114,114,114],"floor_reached":13,"playtime":696,"items_purged":[],"score":149,"play_id":"7e885744-1b96-4444-99fe-d0555a21dc87","local_time":"20210112070018","daily_mods":["Cursed Run","Hoarder","DeadlyEvents"],"is_ascension_mode":false,"campfire_choices":[],"circlet_count":0,"master_deck":["Strike_P","Strike_P","Strike_P","Defend_P","Defend_P","Defend_P","Defend_P","Eruption","Vigilance","DeceiveReality","DeceiveReality","DeceiveReality","ReachHeaven","ReachHeaven","ReachHeaven","Consecrate","Consecrate","Consecrate","CutThroughFate","CutThroughFate","CutThroughFate","Crescendo","Crescendo","Crescendo","Evaluate","Evaluate","Evaluate","EmptyFist","EmptyFist","EmptyFist","Normality","Normality","Normality","ClearTheMind","ClearTheMind","ClearTheMind"],"relics":["Cursed Key","Darkstone Periapt","Du-Vu Doll","Frozen Egg 2","Orichalcum","GoldenEye","Art of War"],"acts_visited":["Exordium"],"potions_floor_usage":[],"damage_taken":[{"damage":0.0,"enemies":"Cultist","floor":1.0,"turns":2.0},{"damage":0.0,"enemies":"2 Louse","floor":2.0,"turns":4.0},{"damage":1,"enemies":"Jaw Worm","floor":3,"turns":3},{"damage":0,"enemies":"Looter","floor":5,"turns":3},{"damage":23,"enemies":"Gremlin Gang","floor":6,"turns":5},{"damage":0,"enemies":"Large Slime","floor":7,"turns":3},{"damage":22,"enemies":"Lagavulin","floor":8,"turns":4},{"damage":10,"enemies":"Red Slaver","floor":10,"turns":3},{"damage":14,"enemies":"Gremlin Nob","floor":11,"turns":4},{"damage":42,"enemies":"Lagavulin","floor":13,"turns":5}],"seed_played":"-5514344210177769252","potions_obtained":[{"floor":1.0,"key":"GamblersBrew"},{"floor":3,"key":"Block Potion"},{"floor":8,"key":"Weak Potion"}],"is_trial":false,"path_per_floor":["M","M","M","?","M","M","M","E","T","M","E","$","E"],"character_chosen":"WATCHER","items_purchased":["Art of War"],"campfire_rested":0,"item_purchase_floors":[12],"current_hp_per_floor":[72,72,71,71,71,48,48,26,44,34,20,20,0,0],"gold":114,"neow_bonus":"","is_daily":true,"chose_seed":false,"campfire_upgraded":0,"win_rate":0.0,"timestamp":1610442018,"path_taken":["M","?","M","?","M","M","M","E","T","M","?","?","?"],"items_purchased_type":["Relic"],"build_version":"2020-12-22","purchased_purges":0,"victory":false,"max_hp_per_floor":[72,72,72,72,72,72,72,72,90,90,90,90,90,90],"card_choices":[{"not_picked":["Evaluate","TalkToTheHand"],"picked":"DeceiveReality","floor":1.0},{"not_picked":["FlyingSleeves","Fasting2"],"picked":"ReachHeaven","floor":2},{"not_picked":["Study","Protect"],"picked":"Consecrate","floor":3},{"not_picked":["BowlingBash","Adaptation"],"picked":"CutThroughFate","floor":5},{"not_picked":["SashWhip","Pray"],"picked":"Crescendo","floor":6},{"not_picked":["ThirdEye","Crescendo"],"picked":"Evaluate","floor":7},{"not_picked":["Conclude","Nirvana+1"],"picked":"EmptyFist","floor":8},{"not_picked":["Consecrate","Perseverance","Meditate"],"picked":"SKIP","floor":10},{"not_picked":["Wish","Nirvana+1"],"picked":"ClearTheMind","floor":11}],"player_experience":63176,"relics_obtained":[{"floor":8,"key":"Frozen Egg 2"},{"floor":9,"key":"Orichalcum"},{"floor":11,"key":"GoldenEye"}],"event_choices":[{"cards_removed":["Strike_P"],"damage_healed":0,"gold_gain":0,"player_choice":"Forget","damage_taken":0,"max_hp_gain":0,"max_hp_loss":0,"event_name":"Living Wall","floor":4,"gold_loss":0}],"is_beta":false,"boss_relics":[],"items_purged_floors":[],"is_endless":false,"potions_floor_spawned":[1,3,8],"killed_by":"Lagavulin","ascension_level":0}}