{"host":"khm4we1ijduz33xh","time":1610424446,"event":{"mods":["AchievementEnabler","BaseMod","Colored Map","Minty Spire (QoL Compilation)","Rare Cards Sparkle","StSLib","SuperFastMode"],"gold_per_floor":[218,218,218,236,44,44,61,61,61,86,96,96,126,153,153,248,248,263,263,263,38,78,78,112,112,112,143,143,162,162,174,174,174,174],"floor_reached":33,"playtime":2407,"items_purged":["Defend_G"],"score":335,"play_id":"c1686ed1-9bca-470d-99a2-9cccca918ab4","local_time":"20210112130726","is_ascension_mode":true,"campfire_choices":[{"data":"Well Laid Plans","floor":6.0,"key":"SMITH"},{"data":"Quick Slash","floor":8.0,"key":"SMITH"},{"data":"Tactician","floor":12.0,"key":"SMITH"},{"data":"Underhanded Strike","floor":15.0,"key":"SMITH"},{"data":"Infinite Blades","floor":23.0,"key":"SMITH"},{"floor":28.0,"key":"REST"},{"floor":32.0,"key":"REST"}],"circlet_count":0,"master_deck":["Strike_G","Strike_G","Strike_G","Defend_G","Defend_G","Defend_G","Defend_G","Survivor","Neutralize","Acrobatics","Quick Slash+1","Well Laid Plans+1","Underhanded Strike+1","Tactician+1","PiercingWail","Caltrops+1","Finisher+1","Venomology+1","Footwork","Infinite Blades+1","Caltrops+1","Terror","Unload"],"relics":["Ring of the Snake","Mummified Hand","Strawberry","Mercury Hourglass","Oddly Smooth Stone","Bottled Flame","Astrolabe","Nilry\u0027s Codex","Strange Spoon","Tingsha","Darkstone Periapt","Blood Vial","Omamori"],"acts_visited":["Exordium","TheCity"],"potions_floor_usage":[33,33],"damage_taken":[{"damage":4.0,"enemies":"Jaw Worm","floor":1.0,"turns":5.0},{"damage":5.0,"enemies":"2 Louse","floor":4.0,"turns":4.0},{"damage":6.0,"enemies":"Cultist","floor":7.0,"turns":4.0},{"damage":33.0,"enemies":"3 Sentries","floor":10.0,"turns":12.0},{"damage":4.0,"enemies":"Large Slime","floor":11.0,"turns":6.0},{"damage":7.0,"enemies":"Gremlin Nob","floor":14.0,"turns":3.0},{"damage":25.0,"enemies":"The Guardian","floor":16.0,"turns":12.0},{"damage":1.0,"enemies":"Spheric Guardian","floor":18.0,"turns":3.0},{"damage":0.0,"enemies":"Chosen","floor":22.0,"turns":4.0},{"damage":28.0,"enemies":"Gremlin Leader","floor":24.0,"turns":6.0},{"damage":28.0,"enemies":"Slavers","floor":27.0,"turns":4.0},{"damage":0.0,"enemies":"Centurion and Healer","floor":29.0,"turns":4.0},{"damage":10.0,"enemies":"Snecko","floor":31.0,"turns":3.0},{"damage":48,"enemies":"Champ","floor":33,"turns":5}],"seed_played":"-4540353541004885174","potions_obtained":[{"floor":3.0,"key":"Regen Potion"},{"floor":3.0,"key":"BlessingOfTheForge"},{"floor":3.0,"key":"CunningPotion"},{"floor":14.0,"key":"Swift Potion"},{"floor":16.0,"key":"ColorlessPotion"},{"floor":18.0,"key":"Strength Potion"},{"floor":31.0,"key":"SmokeBomb"}],"is_trial":false,"path_per_floor":["M","?","?","M","$","R","M","R","T","E","M","R","?","E","R","B",null,"M","?","?","$","M","R","E","?","T","E","R","M","?","M","R","B"],"character_chosen":"THE_SILENT","items_purchased":["Well Laid Plans","Strawberry","Strange Spoon"],"campfire_rested":2,"item_purchase_floors":[5,5,21],"current_hp_per_floor":[66,66,66,61,68,68,62,62,62,29,39,39,39,32,32,7,77,76,76,60,60,60,60,32,32,32,4,27,29,29,21,44,0,0],"gold":174,"neow_bonus":"HUNDRED_GOLD","is_daily":false,"chose_seed":false,"campfire_upgraded":5,"win_rate":0.0,"timestamp":1610424446,"path_taken":["M","?","?","?","$","R","M","R","T","E","M","R","?","E","R","BOSS","M","?","?","$","M","R","E","?","T","E","R","M","?","M","R","BOSS"],"items_purchased_type":["Card","Relic","Relic"],"build_version":"2020-12-22","purchased_purges":1,"victory":false,"max_hp_per_floor":[70,70,70,70,77,77,77,77,77,77,77,77,77,77,77,77,77,77,77,77,77,77,77,77,77,77,77,77,77,77,77,77,77,77],"card_choices":[{"not_picked":["Dodge and Roll","Slice"],"picked":"Acrobatics","floor":1.0},{"not_picked":["Acrobatics","All Out Attack"],"picked":"Quick Slash","floor":4.0},{"not_picked":["Catalyst","Bouncing Flask","Bane"],"picked":"SKIP","floor":7.0},{"not_picked":["Riddle With Holes","Dash"],"picked":"Underhanded Strike","floor":10.0},{"not_picked":["Heel Hook","Blade Dance"],"picked":"Tactician","floor":11.0},{"not_picked":["Bane","Deadly Poison"],"picked":"PiercingWail","floor":14.0},{"not_picked":["Night Terror","Phantasmal Killer"],"picked":"Envenom","floor":16.0},{"not_picked":["Acrobatics","Sucker Punch"],"picked":"Footwork","floor":18.0},{"not_picked":["Bane","Flying Knee+1"],"picked":"Infinite Blades","floor":22.0},{"not_picked":["Eviscerate","Underhanded Strike"],"picked":"Caltrops+1","floor":24.0},{"not_picked":["Deadly Poison","Acrobatics+1"],"picked":"Terror","floor":27.0},{"not_picked":["Dash","Dagger Throw"],"picked":"Unload","floor":29.0},{"not_picked":["Eviscerate","Underhanded Strike+1","Flying Knee"],"picked":"SKIP","floor":31.0}],"player_experience":208225,"relics_obtained":[{"floor":9.0,"key":"Mercury Hourglass"},{"floor":10.0,"key":"Oddly Smooth Stone"},{"floor":14.0,"key":"Bottled Flame"},{"floor":20.0,"key":"Nilry\u0027s Codex"},{"floor":24.0,"key":"Tingsha"},{"floor":26.0,"key":"Darkstone Periapt"},{"floor":27.0,"key":"Blood Vial"}],"event_choices":[{"damage_healed":0.0,"max_hp_gain":0.0,"max_hp_loss":0.0,"gold_gain":0.0,"event_name":"Big Fish","player_choice":"Box","floor":2.0,"gold_loss":0.0,"damage_taken":0.0,"relics_obtained":["Mummified Hand"],"cards_obtained":["Regret"]},{"damage_healed":0.0,"max_hp_gain":0.0,"max_hp_loss":0.0,"gold_gain":0.0,"event_name":"Lab","player_choice":"Got Potions","floor":3.0,"gold_loss":0.0,"damage_taken":0.0},{"damage_healed":0.0,"max_hp_gain":0.0,"max_hp_loss":0.0,"gold_gain":30.0,"event_name":"Dead Adventurer","player_choice":"Searched \u00272\u0027 times","floor":13.0,"gold_loss":0.0,"damage_taken":0.0},{"cards_removed":["Regret"],"damage_healed":0.0,"max_hp_gain":0.0,"max_hp_loss":0.0,"gold_gain":0.0,"event_name":"Back to Basics","player_choice":"Elegance","floor":19.0,"gold_loss":0.0,"damage_taken":0.0},{"damage_healed":0.0,"max_hp_gain":0.0,"max_hp_loss":0.0,"gold_gain":0.0,"event_name":"Cursed Tome","player_choice":"Obtained Book","floor":20.0,"gold_loss":0.0,"damage_taken":16.0},{"damage_healed":0.0,"max_hp_gain":0.0,"max_hp_loss":0.0,"gold_gain":0.0,"event_name":"Ghosts","player_choice":"Ignored","floor":25.0,"gold_loss":0.0,"damage_taken":0.0},{"damage_healed":0.0,"max_hp_gain":0.0,"max_hp_loss":0.0,"gold_gain":0.0,"event_name":"The Mausoleum","player_choice":"Opened","floor":30.0,"gold_loss":0.0,"damage_taken":0.0,"relics_obtained":["Omamori"]}],"is_beta":false,"boss_relics":[{"not_picked":["Runic Dome","WristBlade"],"picked":"Astrolabe"}],"items_purged_floors":[21],"is_endless":false,"potions_floor_spawned":[10,14,16,18,22,31],"killed_by":"Champ","ascension_level":3}}