{"host":"dnvpprmy3abbf89m","time":1610426635,"event":{"mods":["BaseMod","Colored Map","Minty Spire (QoL Compilation)","StSLib"],"gold_per_floor":[119,134,84,101,101,101,121,121,146,177,177,194,194,204,204,309,309,324,249,348,368,368,368],"floor_reached":22,"playtime":6633,"items_purged":["Strike_R"],"score":251,"play_id":"45c75e7f-56ac-4949-8268-451fad470376","local_time":"20210112054355","is_ascension_mode":true,"campfire_choices":[{"data":"Reaper","floor":6.0,"key":"SMITH"},{"data":"Pummel","floor":8.0,"key":"SMITH"},{"data":"Uppercut","floor":15.0,"key":"SMITH"}],"circlet_count":0,"master_deck":["Strike_R","Strike_R","Defend_R","Defend_R","Defend_R","Defend_R","Bash","Reaper+1","Thunderclap","Pummel+1","Iron Wave","Uppercut+1","Disarm","Demon Form","Whirlwind"],"relics":["Burning Blood","PreservedInsect","Oddly Smooth Stone","SlaversCollar"],"acts_visited":["Exordium","TheCity"],"potions_floor_usage":[22],"damage_taken":[{"damage":12.0,"enemies":"Small Slimes","floor":1.0,"turns":4.0},{"damage":12.0,"enemies":"Jaw Worm","floor":2.0,"turns":3.0},{"damage":6.0,"enemies":"Cultist","floor":4.0,"turns":3.0},{"damage":15.0,"enemies":"Exordium Wildlife","floor":7.0,"turns":7.0},{"damage":9.0,"enemies":"3 Sentries","floor":10.0,"turns":5.0},{"damage":20.0,"enemies":"Lots of Slimes","floor":12.0,"turns":5.0},{"damage":3.0,"enemies":"Blue Slaver","floor":14.0,"turns":7.0},{"damage":81,"enemies":"Slime Boss","floor":16,"turns":20},{"damage":31,"enemies":"3 Byrds","floor":18,"turns":9},{"damage":50,"enemies":"Spheric Guardian","floor":21,"turns":10},{"damage":43,"enemies":"Masked Bandits","floor":22,"turns":3}],"seed_played":"805127371768477520","potions_obtained":[{"floor":1.0,"key":"Fire Potion"},{"floor":4.0,"key":"SkillPotion"},{"floor":7.0,"key":"Regen Potion"}],"is_trial":false,"path_per_floor":["M","M","?","M","?","R","M","R","T","E","?","M","?","M","R","B",null,"M","$","?","M","?"],"character_chosen":"IRONCLAD","items_purchased":[],"campfire_rested":0,"item_purchase_floors":[],"current_hp_per_floor":[66,66,66,66,71,71,72,72,72,82,82,71,71,78,78,10,66,51,51,51,12,0,0],"gold":368,"neow_bonus":"ONE_RANDOM_RARE_CARD","is_daily":false,"chose_seed":false,"campfire_upgraded":3,"win_rate":0.0,"timestamp":1610426635,"path_taken":["M","M","?","M","?","R","M","R","T","E","?","?","?","M","R","BOSS","M","$","?","M","?"],"items_purchased_type":[],"build_version":"2020-12-22","purchased_purges":1,"victory":false,"max_hp_per_floor":[80,80,80,80,85,85,85,85,85,85,85,85,85,85,85,85,85,85,85,85,85,85,85],"card_choices":[{"not_picked":["Clash","Second Wind"],"picked":"Thunderclap","floor":1.0},{"not_picked":["True Grit","Rupture"],"picked":"Pummel","floor":2.0},{"not_picked":["Body Slam","Bloodletting","Searing Blow"],"picked":"SKIP","floor":4.0},{"not_picked":["Dropkick","Feel No Pain"],"picked":"Iron Wave","floor":7.0},{"not_picked":["Havoc","Flex","Clash"],"picked":"SKIP","floor":10.0},{"not_picked":["True Grit","Flex"],"picked":"Disarm","floor":12.0},{"not_picked":["Seeing Red","Sever Soul","Thunderclap"],"picked":"SKIP","floor":14.0},{"not_picked":["Berserk","Limit Break"],"picked":"Demon Form","floor":16},{"not_picked":["Iron Wave","Carnage","Clash"],"picked":"SKIP","floor":18},{"not_picked":["Headbutt","Juggernaut"],"picked":"Whirlwind","floor":21}],"player_experience":791532,"relics_obtained":[{"floor":9.0,"key":"PreservedInsect"},{"floor":10.0,"key":"Oddly Smooth Stone"}],"event_choices":[{"cards_removed":["Strike_R"],"damage_healed":0.0,"max_hp_gain":0.0,"max_hp_loss":0.0,"gold_gain":0.0,"event_name":"The Cleric","player_choice":"Card Removal","floor":3.0,"gold_loss":50.0,"damage_taken":0.0},{"damage_healed":0.0,"max_hp_gain":5.0,"max_hp_loss":0.0,"gold_gain":0.0,"event_name":"Big Fish","player_choice":"Donut","floor":5.0,"gold_loss":0.0,"damage_taken":0.0},{"damage_healed":0.0,"max_hp_gain":0.0,"max_hp_loss":0.0,"gold_gain":0.0,"event_name":"Match and Keep!","player_choice":"1 cards matched","floor":11.0,"gold_loss":0.0,"damage_taken":0.0,"cards_obtained":["Uppercut"]},{"cards_removed":["Strike_R"],"damage_healed":0.0,"max_hp_gain":0.0,"max_hp_loss":0.0,"gold_gain":0.0,"event_name":"Purifier","player_choice":"Purged","floor":13.0,"gold_loss":0.0,"damage_taken":0.0},{"damage_healed":0,"gold_gain":99,"player_choice":"Stole From Cult","damage_taken":0,"max_hp_gain":0,"max_hp_loss":0,"event_name":"Nest","floor":20,"gold_loss":0},{"damage_healed":0,"gold_gain":0,"player_choice":"Fought Bandits","damage_taken":0,"max_hp_gain":0,"max_hp_loss":0,"event_name":"Masked Bandits","floor":22,"gold_loss":0}],"is_beta":false,"boss_relics":[{"not_picked":["Ectoplasm","Black Star"],"picked":"SlaversCollar"}],"items_purged_floors":[19],"is_endless":false,"potions_floor_spawned":[1,4,7],"killed_by":"Masked Bandits","ascension_level":7}}