{"host":"31s8hzukbhz1k6i6","time":1610493986,"event":{"mods":["AchievementEnabler","BaseMod","Bestiary","Colored Map","Filter the Spire","Minty Spire (QoL Compilation)","Relic Stats","ojb\u0027s Info Mod"],"gold_per_floor":[112,187,187,199,54,54,54,54,108,108,124,141,157,167,167,263,263,273,298,52,52,52,52,52,52,100,199,199,209,226,246,246,342,342,356,371,246,246,246,246,260,260,260,39,89,13,13,26,26,26],"floor_reached":51,"language":"ENG","playtime":4159,"items_purged":["Strike_R","Strike_R","Strike_R+1","Juggernaut"],"score":683,"play_id":"7ca78a2c-d79b-4dae-89f9-edcb045cfeee","local_time":"20210112152626","is_ascension_mode":false,"campfire_choices":[{"data":"Spot Weakness","floor":6.0,"key":"SMITH"},{"data":"Pommel Strike","floor":8.0,"key":"SMITH"},{"data":"Shockwave","floor":10.0,"key":"SMITH"},{"data":"True Grit","floor":15.0,"key":"SMITH"},{"data":"Corruption","floor":23.0,"key":"SMITH"},{"data":"Dark Embrace","floor":25.0,"key":"SMITH"},{"data":"Double Tap","floor":32.0,"key":"SMITH"},{"floor":40.0,"key":"REST"},{"data":"Offering","floor":47,"key":"SMITH"},{"floor":49,"key":"REST"}],"circlet_count":0,"master_deck":["Defend_R+1","Defend_R+1","Defend_R+1","Defend_R+1","Dropkick","Shockwave+1","Pommel Strike+1","Spot Weakness+1","True Grit+1","Rage","Corruption+1","Seeing Red+1","Offering+1","Dark Embrace+1","Double Tap+1","Trip","Thunderclap","Sentinel+1","Dropkick"],"relics":["Burning Blood"],"acts_visited":["Exordium","TheCity","TheBeyond"],"potions_floor_usage":[41,45,50,50],"damage_taken":[{"damage":10.0,"enemies":"Jaw Worm","floor":1.0,"turns":4.0},{"damage":0.0,"enemies":"Cultist","floor":4.0,"turns":3.0},{"damage":0.0,"enemies":"Small Slimes","floor":11.0,"turns":2.0},{"damage":4.0,"enemies":"Blue Slaver","floor":12.0,"turns":4.0},{"damage":11.0,"enemies":"Large Slime","floor":13.0,"turns":4.0},{"damage":0.0,"enemies":"3 Louse","floor":14.0,"turns":2.0},{"damage":25.0,"enemies":"The Guardian","floor":16.0,"turns":11.0},{"damage":0.0,"enemies":"3 Byrds","floor":18.0,"turns":5.0},{"damage":21.0,"enemies":"Masked Bandits","floor":19.0,"turns":4.0},{"damage":8.0,"enemies":"Chosen","floor":29.0,"turns":2.0},{"damage":18.0,"enemies":"Shelled Parasite and Fungi","floor":30.0,"turns":3.0},{"damage":6.0,"enemies":"Sentry and Sphere","floor":31.0,"turns":3.0},{"damage":6.0,"enemies":"Automaton","floor":33.0,"turns":3.0},{"damage":26.0,"enemies":"3 Darklings","floor":35.0,"turns":2.0},{"damage":7.0,"enemies":"Orb Walker","floor":36.0,"turns":3.0},{"damage":16,"enemies":"Transient","floor":41,"turns":5},{"damage":6,"enemies":"Mind Bloom Boss Battle","floor":45,"turns":5},{"damage":21,"enemies":"4 Shapes","floor":48,"turns":4},{"damage":6,"enemies":"Awakened One","floor":50,"turns":4}],"seed_played":"7918217836248893626","potions_obtained":[{"floor":12.0,"key":"SmokeBomb"},{"floor":14.0,"key":"Energy Potion"},{"floor":16.0,"key":"SkillPotion"},{"floor":18.0,"key":"Fire Potion"},{"floor":29.0,"key":"FearPotion"},{"floor":30.0,"key":"Swift Potion"},{"floor":35.0,"key":"AttackPotion"},{"floor":45,"key":"FearPotion"}],"is_trial":false,"path_per_floor":["M","?","?","M","$","R","$","R","T","R","M","M","M","M","R","B",null,"M","?","$","?","?","R","?","R","T","?","T","M","M","M","R","B",null,"M","M","$","?","T","R","M","?","T","$","?","$","R","M","R","B",null],"character_chosen":"IRONCLAD","items_purchased":["Spot Weakness","Offering","Dark Embrace","Dropkick","Regen Potion"],"campfire_rested":2,"item_purchase_floors":[5,20,20,44,46],"current_hp_per_floor":[76,65,65,71,71,71,71,71,71,71,77,79,74,80,80,61,80,80,65,65,65,65,65,65,65,65,65,65,63,51,51,51,51,80,60,59,59,59,59,80,70,70,70,70,70,70,70,55,76,76],"gold":26,"neow_bonus":"RANDOM_COLORLESS","is_daily":false,"chose_seed":false,"campfire_upgraded":8,"win_rate":0.0,"timestamp":1610493986,"path_taken":["M","?","?","?","$","R","?","R","T","R","M","M","M","M","R","BOSS","M","?","$","?","?","R","?","R","T","?","?","?","M","M","R","BOSS","M","M","$","?","?","R","M","?","T","$","?","?","R","M","R","BOSS"],"items_purchased_type":["Card","Card","Card","Card","Potion"],"build_version":"2020-12-22","purchased_purges":4,"victory":true,"max_hp_per_floor":[80,80,80,80,80,80,80,80,80,80,80,80,80,80,80,80,80,80,80,80,80,80,80,80,80,80,80,80,80,80,80,80,80,80,80,80,80,80,80,80,80,76,76,76,76,76,76,76,76,76],"relic_stats":{"counters":[19,73],"obtain_stats":[{"Burning Blood":0},{"Burning Blood":0},{"Burning Blood":0}],"Burning Blood":105},"card_choices":[{"not_picked":["Swift Strike","Bandage Up"],"picked":"Dramatic Entrance","floor":0.0},{"not_picked":["Dual Wield","Anger"],"picked":"Dropkick","floor":1.0},{"not_picked":["Havoc","Sword Boomerang"],"picked":"Pommel Strike","floor":4.0},{"not_picked":["True Grit","Clash","Pommel Strike"],"picked":"SKIP","floor":11.0},{"not_picked":["Clash","Pommel Strike"],"picked":"True Grit","floor":11.0},{"not_picked":["Sword Boomerang","Blood for Blood","Flex"],"picked":"SKIP","floor":12.0},{"not_picked":["Warcry","Combust","Dual Wield"],"picked":"SKIP","floor":13.0},{"not_picked":["Armaments","Flame Barrier"],"picked":"Rage","floor":14.0},{"not_picked":["Bludgeon","Exhume"],"picked":"Corruption","floor":16.0},{"not_picked":["True Grit","Cleave"],"picked":"Seeing Red+1","floor":18.0},{"not_picked":["Flex","Sword Boomerang","Double Tap"],"picked":"SKIP","floor":29.0},{"not_picked":["Seeing Red","Twin Strike+1","Whirlwind"],"picked":"SKIP","floor":30.0},{"not_picked":["Warcry","Reckless Charge+1"],"picked":"Thunderclap","floor":31.0},{"not_picked":["Feed","Bludgeon"],"picked":"Juggernaut","floor":33.0},{"not_picked":["Thunderclap","Headbutt+1"],"picked":"Sentinel+1","floor":35.0},{"not_picked":["Iron Wave","Seeing Red","Headbutt"],"picked":"SKIP","floor":36.0},{"not_picked":["Brutality","Infernal Blade","Warcry"],"picked":"SKIP","floor":41},{"not_picked":["Heavy Blade+1","Warcry","Havoc+1"],"picked":"SKIP","floor":48}],"player_experience":186154,"relics_obtained":[],"event_choices":[{"damage_healed":0.0,"max_hp_gain":0.0,"max_hp_loss":0.0,"gold_gain":75.0,"event_name":"World of Goop","player_choice":"Gather Gold","floor":2.0,"gold_loss":0.0,"damage_taken":11.0},{"damage_healed":0.0,"max_hp_gain":0.0,"max_hp_loss":0.0,"gold_gain":0.0,"cards_transformed":["Strike_R"],"event_name":"Transmorgrifier","player_choice":"Transformed","floor":3.0,"gold_loss":0.0,"damage_taken":0.0,"cards_obtained":["Shockwave"]},{"damage_healed":0.0,"max_hp_gain":0.0,"max_hp_loss":0.0,"gold_gain":0.0,"event_name":"Masked Bandits","player_choice":"Fought Bandits","floor":19.0,"gold_loss":0.0,"damage_taken":0.0},{"damage_healed":0.0,"max_hp_gain":0.0,"max_hp_loss":0.0,"gold_gain":0.0,"event_name":"Back to Basics","player_choice":"Simplicity","floor":21.0,"gold_loss":0.0,"damage_taken":0.0,"cards_upgraded":["Strike_R","Strike_R","Defend_R","Defend_R","Defend_R","Defend_R"]},{"damage_healed":0.0,"max_hp_gain":0.0,"max_hp_loss":0.0,"gold_gain":0.0,"cards_transformed":["Bash","Dramatic Entrance"],"event_name":"Drug Dealer","player_choice":"Became Test Subject","floor":22.0,"gold_loss":0.0,"damage_taken":0.0,"cards_obtained":["Double Tap","Trip"]},{"damage_healed":0.0,"max_hp_gain":0.0,"max_hp_loss":0.0,"gold_gain":0.0,"event_name":"Cursed Tome","player_choice":"Ignored","floor":24.0,"gold_loss":0.0,"damage_taken":0.0},{"damage_healed":0.0,"max_hp_gain":0.0,"max_hp_loss":0.0,"gold_gain":99.0,"event_name":"Nest","player_choice":"Stole From Cult","floor":27.0,"gold_loss":0.0,"damage_taken":0.0},{"cards_removed":["Strike_R"],"damage_healed":0.0,"max_hp_gain":0.0,"max_hp_loss":0.0,"gold_gain":0.0,"event_name":"Falling","player_choice":"Removed Attack","floor":38.0,"gold_loss":0.0,"damage_taken":0.0},{"damage_healed":0,"gold_gain":0,"player_choice":"Max HP","damage_taken":0,"max_hp_gain":0,"max_hp_loss":4,"event_name":"Winding Halls","floor":42,"gold_loss":0},{"damage_healed":0,"gold_gain":0,"player_choice":"Fight","damage_taken":0,"max_hp_gain":0,"max_hp_loss":0,"event_name":"MindBloom","floor":45,"gold_loss":0}],"is_beta":false,"boss_relics":[{"not_picked":["SacredBark","Busted Crown","Black Star"]},{"not_picked":["Astrolabe","Runic Cube","Philosopher\u0027s Stone"]}],"items_purged_floors":[5,20,37,44],"is_endless":false,"potions_floor_spawned":[12,14,16,18,29,30,35,45,48],"ascension_level":0}}