{"host":"vlqejv0notyktumz","time":1610492626,"event":{"mods":["AchievementEnabler","BaseMod","Googly Eyes","Minty Spire (QoL Compilation)"],"gold_per_floor":[119,10,85,104,122,122,22,54,54,54,54,68,17,34,34,133,133,146,146,163,262,21,21,51,51,51,51,51,51],"floor_reached":28,"language":"ENG","playtime":823,"items_purged":["Strike_G","Defend_G","Strike_G"],"score":339,"play_id":"0dbbc95d-b5a9-4ca1-981d-c3f3347cdbd2","local_time":"20210112170346","is_ascension_mode":true,"campfire_choices":[{"data":"Backflip","floor":6,"key":"SMITH"},{"data":"Neutralize","floor":10,"key":"SMITH"},{"data":"Catalyst","floor":15,"key":"SMITH"},{"data":"Distraction","floor":23,"key":"SMITH"},{"floor":27,"key":"REST"}],"circlet_count":0,"master_deck":["Defend_G","Defend_G","Defend_G","Defend_G","Survivor","Neutralize+1","Poisoned Stab","Backflip+1","Distraction","Deadly Poison","Backflip","Sucker Punch","Catalyst+1","Burst","Deflect","Tools of the Trade","Dash","Distraction+1","Backflip+1","Catalyst+1"],"relics":["Ring of the Snake","Ninja Scroll","Oddly Smooth Stone","Busted Crown","Tiny Chest","InkBottle"],"acts_visited":["Exordium","TheCity"],"potions_floor_usage":[24,24],"damage_taken":[{"damage":0,"enemies":"Small Slimes","floor":1,"turns":3},{"damage":0,"enemies":"Cultist","floor":4,"turns":5},{"damage":2,"enemies":"2 Louse","floor":5,"turns":3},{"damage":14,"enemies":"3 Sentries","floor":8,"turns":10},{"damage":0,"enemies":"Lots of Slimes","floor":12,"turns":6},{"damage":0,"enemies":"Red Slaver","floor":14,"turns":3},{"damage":10,"enemies":"Hexaghost","floor":16,"turns":12},{"damage":5,"enemies":"Chosen","floor":18,"turns":5},{"damage":0,"enemies":"Shell Parasite","floor":20,"turns":6},{"damage":28,"enemies":"Slavers","floor":24,"turns":8},{"damage":45,"enemies":"Gremlin Leader","floor":28,"turns":5}],"seed_played":"4360013445016177270","potions_obtained":[{"floor":14,"key":"Block Potion"},{"floor":16,"key":"Block Potion"},{"floor":18,"key":"Poison Potion"}],"is_trial":false,"path_per_floor":["M","$","?","M","M","R","$","E","T","R","?","M","$","M","R","B",null,"M","?","M","?","$","R","E","?","T","R","E"],"character_chosen":"THE_SILENT","items_purchased":["Distraction","Sucker Punch","Dash","Distraction"],"campfire_rested":1,"item_purchase_floors":[2,13,22,22],"current_hp_per_floor":[63,63,56,56,54,54,54,40,40,40,33,33,33,33,33,23,58,53,53,53,53,53,53,25,25,25,46,1,1],"gold":51,"neow_bonus":"THREE_CARDS","is_daily":false,"chose_seed":false,"campfire_upgraded":4,"win_rate":0.0,"timestamp":1610492626,"path_taken":["M","$","?","M","?","R","?","E","T","R","?","M","$","M","R","BOSS","M","?","M","?","$","R","E","?","T","R","E"],"items_purchased_type":["Card","Card","Card","Card"],"build_version":"2020-12-22","purchased_purges":3,"victory":false,"max_hp_per_floor":[70,70,70,70,70,70,70,70,70,70,70,70,70,70,70,70,70,70,70,70,70,70,70,70,70,70,70,70,70],"card_choices":[{"not_picked":["Finisher","Deflect"],"picked":"Poisoned Stab","floor":0},{"not_picked":["Underhanded Strike","Well Laid Plans"],"picked":"Backflip","floor":1},{"not_picked":["PiercingWail","Underhanded Strike"],"picked":"Deadly Poison","floor":4},{"not_picked":["Tactician","Flying Knee","Underhanded Strike"],"picked":"SKIP","floor":5},{"not_picked":["Doppelganger","PiercingWail","Acrobatics"],"picked":"SKIP","floor":8},{"not_picked":["Dagger Spray","Underhanded Strike"],"picked":"Backflip","floor":12},{"not_picked":["Deadly Poison","Footwork"],"picked":"Catalyst","floor":14},{"not_picked":["Glass Knife","Night Terror"],"picked":"Burst","floor":16},{"not_picked":["Choke+1"],"picked":"SKIP","floor":18},{"not_picked":["Slice"],"picked":"SKIP","floor":20},{"not_picked":[],"picked":"Backflip+1","floor":24}],"player_experience":332246,"relics_obtained":[{"floor":8,"key":"Ninja Scroll"},{"floor":9,"key":"Oddly Smooth Stone"},{"floor":24,"key":"Tiny Chest"},{"floor":26,"key":"InkBottle"}],"event_choices":[{"damage_healed":0,"gold_gain":75,"player_choice":"Touch","damage_taken":7,"max_hp_gain":0,"max_hp_loss":0,"event_name":"FaceTrader","floor":3,"gold_loss":0},{"cards_removed":["Strike_G"],"damage_healed":0,"gold_gain":0,"player_choice":"Card Removal","damage_taken":7,"max_hp_gain":0,"max_hp_loss":0,"event_name":"Golden Wing","floor":11,"gold_loss":0},{"damage_healed":0,"gold_gain":0,"cards_transformed":["Strike_G","Strike_G"],"player_choice":"Became Test Subject","damage_taken":0,"max_hp_gain":0,"max_hp_loss":0,"event_name":"Drug Dealer","floor":19,"gold_loss":0,"cards_obtained":["Deflect","Tools of the Trade"]},{"damage_healed":0,"gold_gain":99,"player_choice":"Stole From Cult","damage_taken":0,"max_hp_gain":0,"max_hp_loss":0,"event_name":"Nest","floor":21,"gold_loss":0},{"damage_healed":0,"gold_gain":0,"player_choice":"Copied","damage_taken":0,"max_hp_gain":0,"max_hp_loss":0,"event_name":"Duplicator","floor":25,"gold_loss":0,"cards_obtained":["Catalyst"]}],"is_beta":false,"boss_relics":[{"not_picked":["Fusion Hammer","Coffee Dripper"],"picked":"Busted Crown"}],"items_purged_floors":[2,7,22],"is_endless":false,"potions_floor_spawned":[14,16,18],"killed_by":"Gremlin Leader","ascension_level":9}}