{"host":"8i4doyxqctgl5qb0","time":1610434231,"event":{"mods":["AchievementEnabler","BaseMod","Block Reminder","Colored Powertips","Downfall","Hermit","Minty Spire (QoL Compilation)","Permanent Neow","Potion Indicator Mod","Rare Cards Sparkle","StSLib","SuperFastMode","The Jungle"],"gold_per_floor":[110,185,185,185,199,199,238,238,315,336,336,361,391,15,15,145,145,168,168,168,188,206,206,224,224,224,253,263,173,173,188,188,284,284,301,203,218,218,230,257,257,289,289,289,338,18,18,72,72,72],"floor_reached":51,"playtime":1507,"items_purged":["Strike_R","Strike_R"],"score":1015,"play_id":"07c3733e-209b-493a-a84c-2fdfc1845112","local_time":"20210112145031","is_ascension_mode":true,"campfire_choices":[{"data":"Shrug It Off","floor":6.0,"key":"SMITH"},{"data":"Flex","floor":8.0,"key":"SMITH"},{"floor":15.0,"key":"REST"},{"data":"Whirlwind","floor":23.0,"key":"SMITH"},{"floor":30.0,"key":"REST"},{"floor":32,"key":"REST"},{"floor":41,"key":"REST"},{"floor":44,"key":"REST"},{"data":"Inflame","floor":47,"key":"SMITH"},{"data":"Metallicize","floor":49,"key":"SMITH"}],"circlet_count":0,"master_deck":["Strike_R","Strike_R","Strike_R+1","Defend_R","Defend_R","Defend_R","Defend_R","Bash","Bloodletting","Shrug It Off+1","Flex+1","Infernal Blade+1","Armaments+1","Flex+1","Whirlwind+1","Flame Barrier+1","Metallicize+1","Limit Break+1","Inflame+1","Twin Strike+1","Shrug It Off+1","Headbutt","Brutality","Inflame+1","Flex+1","Disarm+1","Flex+1","Offering+1","Dual Wield+1","Flex+1","Shrug It Off+1","Flame Barrier+1"],"relics":["Burning Blood","NeowsBlessing","Bloody Idol","Mango","Toxic Egg 2","Omamori","Odd Mushroom","Chemical X","SacredBark","Ancient Tea Set","White Beast Statue","Toy Ornithopter","SlaversCollar","Letter Opener","StrikeDummy","Eternal Feather","Orichalcum","Bag of Marbles","StoneCalendar"],"acts_visited":["Exordium","TheCity","TheBeyond"],"potions_floor_usage":[31,33,39,42,48,50,50,50],"damage_taken":[{"damage":0.0,"enemies":"Small Slimes","floor":1.0,"turns":1.0},{"damage":0.0,"enemies":"Cultist","floor":5.0,"turns":1.0},{"damage":0.0,"enemies":"Gremlin Nob","floor":7.0,"turns":1.0},{"damage":0.0,"enemies":"2 Louse","floor":10.0,"turns":2.0},{"damage":0.0,"enemies":"Large Slime","floor":12.0,"turns":2.0},{"damage":24.0,"enemies":"The Mushroom Lair","floor":13.0,"turns":7.0},{"damage":54.0,"enemies":"Slime Boss","floor":16.0,"turns":8.0},{"damage":16.0,"enemies":"Spheric Guardian","floor":18.0,"turns":5.0},{"damage":22.0,"enemies":"2 Thieves","floor":21.0,"turns":3.0},{"damage":27.0,"enemies":"3 Cultists","floor":22.0,"turns":5.0},{"damage":22.0,"enemies":"Sentry and Sphere","floor":24.0,"turns":6.0},{"damage":16.0,"enemies":"Gremlin Leader","floor":27.0,"turns":5.0},{"damage":6.0,"enemies":"Centurion and Healer","floor":28.0,"turns":3.0},{"damage":22,"enemies":"Shelled Parasite and Fungi","floor":31,"turns":5},{"damage":58,"enemies":"Automaton","floor":33,"turns":8},{"damage":24,"enemies":"Orb Walker","floor":35,"turns":5},{"damage":0,"enemies":"3 Shapes","floor":37,"turns":1},{"damage":51,"enemies":"Spire Growth","floor":39,"turns":5},{"damage":66,"enemies":"Reptomancer","floor":40,"turns":6},{"damage":41,"enemies":"Giant Head","floor":42,"turns":6},{"damage":25,"enemies":"2 Orb Walkers","floor":48,"turns":3},{"damage":41,"enemies":"Time Eater","floor":50,"turns":9}],"seed_played":"-7187675667471784588","potions_obtained":[{"floor":5.0,"key":"Guardian:BlockOnCardUsePotion"},{"floor":12.0,"key":"hexamod:EctoCoolerPotion"},{"floor":16.0,"key":"FearPotion"},{"floor":24.0,"key":"CultistPotion"},{"floor":27.0,"key":"hexamod:EctoCoolerPotion"},{"floor":28.0,"key":"BloodPotion"},{"floor":31,"key":"GamblersBrew"},{"floor":33,"key":"ElixirPotion"},{"floor":35,"key":"SpeedPotion"},{"floor":37,"key":"Energy Potion"},{"floor":39,"key":"SteroidPotion"},{"floor":40,"key":"Dexterity Potion"},{"floor":42,"key":"champ:CounterPotion"},{"floor":48,"key":"LiquidMemories"}],"is_trial":false,"path_per_floor":["M","?","$","?","M","R","E","R","T","M","?","M","?","$","R","B",null,"M","?","?","M","M","R","M","?","T","E","M","?","R","M","R","B",null,"M","$","M","?","M","E","R","E","T","R","T","$","R","?","R","B",null],"character_chosen":"IRONCLAD","items_purchased":["Chemical X","Whirlwind","Flame Barrier+1","Metallicize","Flex+1","Flex+1","Shrug It Off+1","Bag of Marbles"],"campfire_rested":5,"item_purchase_floors":[14,14,14,14,36,46,46,46],"current_hp_per_floor":[78,70,70,70,76,76,94,94,94,94,76,82,64,64,92,44,82,72,72,72,66,50,50,39,39,39,34,39,39,67,61,89,47,82,69,69,80,80,82,27,55,30,30,76,81,81,94,80,94,66],"gold":72,"neow_bonus":"THREE_ENEMY_KILL","is_daily":false,"chose_seed":false,"campfire_upgraded":5,"win_rate":0.0,"timestamp":1610434231,"path_taken":["M","?","?","?","M","R","E","R","T","M","?","M","?","?","R","BOSS","M","?","?","M","M","R","M","?","T","E","M","?","R","?","R","BOSS","M","$","M","?","M","E","R","E","T","R","?","$","R","?","R","BOSS"],"items_purchased_type":["Relic","Card","Card","Card","Card","Card","Card","Relic"],"build_version":"2020-12-22","purchased_purges":2,"victory":true,"max_hp_per_floor":[80,80,80,80,80,80,94,94,94,94,94,94,94,94,94,94,94,94,94,94,94,94,94,94,94,94,94,94,94,94,94,94,94,94,94,94,94,94,94,94,94,94,94,94,94,94,94,94,94,94],"card_choices":[{"not_picked":["Flex","Intimidate"],"picked":"Bloodletting","floor":1.0},{"not_picked":["True Grit","Anger"],"picked":"Shrug It Off","floor":5.0},{"not_picked":["Wild Strike","Anger"],"picked":"Flex","floor":7.0},{"not_picked":["Anger","Clash"],"picked":"Infernal Blade+1","floor":10.0},{"not_picked":["Shockwave+1","Wild Strike"],"picked":"Armaments+1","floor":12.0},{"not_picked":["Armaments+1","Headbutt"],"picked":"Flex+1","floor":13.0},{"not_picked":["Barricade","Brutality"],"picked":"Limit Break+1","floor":16.0},{"not_picked":["Dual Wield+1","Pommel Strike"],"picked":"Inflame","floor":18.0},{"not_picked":["Warcry+1","Anger+1"],"picked":"Twin Strike+1","floor":21.0},{"not_picked":["Perfected Strike","Reckless Charge"],"picked":"Shrug It Off+1","floor":22.0},{"not_picked":["Thunderclap","Blood for Blood+1","Armaments+1"],"picked":"SKIP","floor":24.0},{"not_picked":["Second Wind+1","Searing Blow","Bludgeon"],"picked":"SKIP","floor":27.0},{"not_picked":["Entrench+1","Havoc+1"],"picked":"Headbutt","floor":28.0},{"not_picked":["True Grit+1","Perfected Strike+1","Clothesline+1"],"picked":"SKIP","floor":31},{"not_picked":["Juggernaut","Barricade"],"picked":"Brutality","floor":33},{"not_picked":["Thunderclap","Flex+1"],"picked":"Inflame+1","floor":35},{"not_picked":["Pommel Strike+1","Body Slam"],"picked":"Disarm+1","floor":37},{"not_picked":["Twin Strike","Clothesline"],"picked":"Flex+1","floor":39},{"not_picked":["Second Wind+1","Uppercut"],"picked":"Offering+1","floor":40},{"not_picked":["Clash","Body Slam+1"],"picked":"Dual Wield+1","floor":42},{"not_picked":["Reckless Charge","Metallicize"],"picked":"Flame Barrier+1","floor":48}],"player_experience":165357,"relics_obtained":[{"floor":7.0,"key":"Mango"},{"floor":9.0,"key":"Toxic Egg 2"},{"floor":13.0,"key":"Odd Mushroom"},{"floor":26.0,"key":"White Beast Statue"},{"floor":27.0,"key":"Toy Ornithopter"},{"floor":40,"key":"Letter Opener"},{"floor":42,"key":"StrikeDummy"},{"floor":43,"key":"Eternal Feather"},{"floor":45,"key":"Orichalcum"},{"floor":48,"key":"StoneCalendar"}],"event_choices":[{"damage_healed":0.0,"max_hp_gain":0.0,"max_hp_loss":0.0,"gold_gain":75.0,"event_name":"FaceTrader","player_choice":"Touch","floor":2.0,"gold_loss":0.0,"damage_taken":8.0},{"damage_healed":0.0,"max_hp_gain":0.0,"max_hp_loss":0.0,"gold_gain":0.0,"event_name":"Golden Idol","player_choice":"Take Wound","floor":4.0,"gold_loss":0.0,"damage_taken":0.0,"relics_obtained":["Golden Idol"],"cards_obtained":["Injury"]},{"damage_healed":0.0,"max_hp_gain":0.0,"max_hp_loss":0.0,"gold_gain":0.0,"event_name":"Scrap Ooze","player_choice":"Success","floor":11.0,"gold_loss":0.0,"damage_taken":18.0,"relics_obtained":["Omamori"]},{"damage_healed":0.0,"max_hp_gain":0.0,"max_hp_loss":0.0,"gold_gain":0.0,"event_name":"Mushrooms","player_choice":"Fought Mushrooms","floor":13.0,"gold_loss":0.0,"damage_taken":0.0},{"damage_healed":0.0,"max_hp_gain":0.0,"max_hp_loss":0.0,"gold_gain":0.0,"event_name":"Forgotten Altar","player_choice":"Gave Idol","floor":20.0,"relics_lost":["Golden Idol"],"gold_loss":0.0,"damage_taken":0.0,"relics_obtained":["Bloody Idol"]},{"damage_healed":0.0,"max_hp_gain":0.0,"max_hp_loss":0.0,"gold_gain":0.0,"event_name":"The Mausoleum","player_choice":"Opened","floor":25.0,"gold_loss":0.0,"damage_taken":0.0,"relics_obtained":["Ancient Tea Set"],"cards_obtained":["Writhe"]},{"cards_removed":["Injury"],"damage_healed":0.0,"max_hp_gain":0.0,"max_hp_loss":0.0,"gold_gain":0.0,"event_name":"Designer","player_choice":"Upgrade and Remove","floor":29.0,"gold_loss":90.0,"damage_taken":0.0,"cards_upgraded":["Strike_R"]},{"damage_healed":0,"gold_gain":0,"player_choice":"Ignored","damage_taken":0,"max_hp_gain":0,"max_hp_loss":0,"event_name":"Tomb of Lord Red Mask","floor":38,"gold_loss":0},{"damage_healed":0,"gold_gain":0,"player_choice":"Fight","damage_taken":0,"max_hp_gain":0,"max_hp_loss":0,"event_name":"Mysterious Sphere","floor":48,"gold_loss":0}],"is_beta":false,"boss_relics":[{"not_picked":["Coffee Dripper","Velvet Choker"],"picked":"SacredBark"},{"not_picked":["Runic Pyramid","Black Star"],"picked":"SlaversCollar"}],"items_purged_floors":[36,46],"is_endless":false,"potions_floor_spawned":[5,12,16,24,27,28,31,33,35,37,39,40,42,48],"ascension_level":7}}