{"host":"l4kdldlios54gl54","time":1610433149,"event":{"mods":["AchievementEnabler","BaseMod","Colored Map","Colored Powertips","Minty Spire (QoL Compilation)","Random Character Button"],"gold_per_floor":[116,133,133,151,151,151,181,181,181,206,206,206,219,238,238,314,314,314,121,121,121,121,121,121,121,121,121,121,121,121,121,121,121,121,121,121,121,121,21,21,21],"floor_reached":40,"playtime":1288,"items_purged":["Strike_P","Strike_P"],"score":811,"play_id":"3a96b4bd-ab71-4cab-bf15-7dbcbe7fafc8","local_time":"20210112073229","is_ascension_mode":true,"campfire_choices":[{"data":"Ragnarok","floor":6,"key":"SMITH"},{"floor":8,"key":"REST"},{"floor":11,"key":"REST"},{"data":"MentalFortress","floor":15,"key":"SMITH"},{"floor":23,"key":"REST"},{"data":"Ragnarok","floor":27,"key":"SMITH"},{"floor":29,"key":"REST"},{"floor":32,"key":"REST"}],"circlet_count":0,"master_deck":["AscendersBane","Strike_P","Strike_P","Defend_P","Defend_P","Defend_P","Defend_P","Eruption+1","Vigilance","Ragnarok+1","ClearTheMind","PathToVictory","MentalFortress+1","Ragnarok+1","Indignation","EmptyMind","Necronomicurse","FearNoEvil","Omniscience","TalkToTheHand"],"relics":["PureWater","Mercury Hourglass","White Beast Statue","Lizard Tail","Ectoplasm","Necronomicon","Potion Belt","Blood Vial","Cursed Key","Ice Cream","Prayer Wheel"],"acts_visited":["Exordium","TheCity","TheBeyond"],"potions_floor_usage":[7,10,13,14,21,21,22,25,33,36,37,37,37,37,38,40],"damage_taken":[{"damage":10,"enemies":"Small Slimes","floor":1,"turns":5},{"damage":6,"enemies":"2 Louse","floor":2,"turns":3},{"damage":0,"enemies":"Cultist","floor":4,"turns":2},{"damage":19,"enemies":"Gremlin Nob","floor":7,"turns":3},{"damage":13,"enemies":"Lagavulin","floor":10,"turns":3},{"damage":0,"enemies":"Blue Slaver","floor":13,"turns":1},{"damage":4,"enemies":"Red Slaver","floor":14,"turns":3},{"damage":26,"enemies":"The Guardian","floor":16,"turns":8},{"damage":16,"enemies":"Shell Parasite","floor":18,"turns":3},{"damage":1,"enemies":"3 Byrds","floor":21,"turns":2},{"damage":0,"enemies":"Snake Plant","floor":22,"turns":1},{"damage":0,"enemies":"3 Cultists","floor":24,"turns":3},{"damage":11,"enemies":"Book of Stabbing","floor":25,"turns":3},{"damage":0,"enemies":"Chosen and Byrds","floor":30,"turns":2},{"damage":0,"enemies":"Snecko","floor":31,"turns":1},{"damage":45,"enemies":"Collector","floor":33,"turns":6},{"damage":0,"enemies":"3 Darklings","floor":35,"turns":1},{"damage":0,"enemies":"Mind Bloom Boss Battle","floor":36,"turns":1},{"damage":66,"enemies":"2 Orb Walkers","floor":37,"turns":4},{"damage":0,"enemies":"Orb Walker","floor":38,"turns":2},{"damage":50,"enemies":"Transient","floor":40,"turns":4}],"seed_played":"4059631803759275889","potions_obtained":[{"floor":2,"key":"EntropicBrew"},{"floor":7,"key":"Block Potion"},{"floor":10,"key":"Swift Potion"},{"floor":13,"key":"ColorlessPotion"},{"floor":14,"key":"BlessingOfTheForge"},{"floor":16,"key":"Swift Potion"},{"floor":18,"key":"Block Potion"},{"floor":21,"key":"ColorlessPotion"},{"floor":22,"key":"StancePotion"},{"floor":24,"key":"LiquidBronze"},{"floor":25,"key":"Fire Potion"},{"floor":30,"key":"ColorlessPotion"},{"floor":31,"key":"EssenceOfSteel"},{"floor":33,"key":"SteroidPotion"},{"floor":35,"key":"Strength Potion"},{"floor":36,"key":"SpeedPotion"},{"floor":37,"key":"GamblersBrew"},{"floor":38,"key":"Explosive Potion"}],"is_trial":false,"path_per_floor":["M","M","?","M","?","R","E","R","T","E","R","?","M","M","R","B",null,"M","$","?","M","M","R","M","E","T","R","?","R","M","M","R","B",null,"M","?","?","M","$","M"],"character_chosen":"WATCHER","items_purchased":["Indignation","EmptyMind"],"campfire_rested":5,"item_purchase_floors":[19,19],"current_hp_per_floor":[33,27,27,27,27,27,8,28,28,15,35,35,35,31,31,5,52,36,36,15,14,14,34,34,23,23,23,23,43,45,47,67,23,57,59,61,34,36,36,0,0],"gold":21,"neow_bonus":"THREE_RARE_CARDS","is_daily":false,"chose_seed":false,"campfire_upgraded":3,"win_rate":0.0,"timestamp":1610433149,"path_taken":["M","M","?","M","?","R","E","R","T","E","R","?","?","M","R","BOSS","M","$","?","M","M","R","M","E","T","R","?","R","M","?","R","BOSS","M","?","?","M","$","M"],"items_purchased_type":["Card","Card"],"build_version":"2020-12-22","purchased_purges":2,"victory":false,"max_hp_per_floor":[68,68,68,68,68,68,68,68,68,68,68,68,68,68,68,68,68,68,68,68,68,68,68,68,68,68,68,68,68,68,68,68,68,68,68,68,68,68,68,68,68],"card_choices":[{"not_picked":["Wish","SpiritShield"],"picked":"Ragnarok","floor":0},{"not_picked":["Evaluate","WindmillStrike"],"picked":"ClearTheMind","floor":1},{"not_picked":["Evaluate","Fasting2"],"picked":"PathToVictory","floor":2},{"not_picked":["CrushJoints","SandsOfTime","Evaluate"],"picked":"SKIP","floor":4},{"not_picked":["DeusExMachina","BattleHymn","Consecrate"],"picked":"SKIP","floor":7},{"not_picked":["Wireheading","Nirvana"],"picked":"MentalFortress","floor":10},{"not_picked":["CutThroughFate","Evaluate","FlyingSleeves"],"picked":"SKIP","floor":13},{"not_picked":["ClearTheMind","Prostrate","Evaluate"],"picked":"SKIP","floor":14},{"not_picked":["Wish","Brilliance"],"picked":"Ragnarok","floor":16},{"not_picked":["Evaluate","Consecrate","BowlingBash"],"picked":"SKIP","floor":18},{"not_picked":["MentalFortress","Collect"],"picked":"FearNoEvil","floor":21},{"not_picked":["Wireheading","ClearTheMind","InnerPeace"],"picked":"SKIP","floor":22},{"not_picked":["WaveOfTheHand","BattleHymn","EmptyMind"],"picked":"SKIP","floor":24},{"not_picked":["EmptyFist","Consecrate","FlurryOfBlows"],"picked":"SKIP","floor":25},{"not_picked":["EmptyFist+1","BattleHymn","Evaluate"],"picked":"SKIP","floor":30},{"not_picked":["SashWhip","LessonLearned","PathToVictory"],"picked":"SKIP","floor":31},{"not_picked":["Alpha","Ragnarok"],"picked":"Omniscience","floor":33},{"not_picked":["Consecrate","SashWhip","MentalFortress"],"picked":"SKIP","floor":35},{"not_picked":["CutThroughFate","Crescendo"],"picked":"TalkToTheHand","floor":38},{"not_picked":["EmptyFist","CutThroughFate+1","CrushJoints+1"],"picked":"SKIP","floor":38}],"player_experience":852957,"relics_obtained":[{"floor":7,"key":"Mercury Hourglass"},{"floor":9,"key":"White Beast Statue"},{"floor":10,"key":"Lizard Tail"},{"floor":20,"key":"Necronomicon"},{"floor":25,"key":"Potion Belt"},{"floor":26,"key":"Blood Vial"},{"floor":36,"key":"Ice Cream"},{"floor":37,"key":"Prayer Wheel"}],"event_choices":[{"damage_healed":0,"gold_gain":0,"player_choice":"Fled","damage_taken":0,"max_hp_gain":0,"max_hp_loss":0,"event_name":"Scrap Ooze","floor":3,"gold_loss":0},{"damage_healed":0,"gold_gain":0,"player_choice":"Grow","damage_taken":0,"max_hp_gain":0,"max_hp_loss":0,"event_name":"Living Wall","floor":5,"gold_loss":0,"cards_upgraded":["Eruption"]},{"damage_healed":0,"gold_gain":0,"player_choice":"Leave","damage_taken":0,"max_hp_gain":0,"max_hp_loss":0,"event_name":"FaceTrader","floor":12,"gold_loss":0},{"damage_healed":0,"gold_gain":0,"player_choice":"Obtained Book","damage_taken":21,"max_hp_gain":0,"max_hp_loss":0,"event_name":"Cursed Tome","floor":20,"gold_loss":0},{"damage_healed":0,"gold_gain":50,"player_choice":"Pray","damage_taken":0,"max_hp_gain":0,"max_hp_loss":0,"event_name":"Golden Shrine","floor":28,"gold_loss":0},{"damage_healed":0,"gold_gain":0,"player_choice":"Fight","damage_taken":0,"max_hp_gain":0,"max_hp_loss":0,"event_name":"MindBloom","floor":36,"gold_loss":0},{"damage_healed":0,"gold_gain":0,"player_choice":"Fight","damage_taken":0,"max_hp_gain":0,"max_hp_loss":0,"event_name":"Mysterious Sphere","floor":37,"gold_loss":0}],"is_beta":false,"boss_relics":[{"not_picked":["Black Star","Runic Pyramid"],"picked":"Ectoplasm"},{"not_picked":["Runic Dome","Coffee Dripper"],"picked":"Cursed Key"}],"items_purged_floors":[19,39],"is_endless":false,"potions_floor_spawned":[2,7,10,13,14,16,18,21,22,24,25,30,31,33,35,36,37,38],"killed_by":"Transient","ascension_level":19}}