{"host":"95i1gxnztdrdyvhi","time":1610491888,"event":{"mods":["AchievementEnabler","Act Like it!","BaseMod","Minty Spire (QoL Compilation)","Quick Restart","StSLib","Yakumo Yukari mod"],"gold_per_floor":[138,138,213,223,242,252,279,25,70,70,70,70],"floor_reached":11,"language":"ENG","playtime":346,"items_purged":["AT_purpleEX"],"score":73,"play_id":"719f855f-5cb2-4c40-9fea-cbb2c85bcfea","local_time":"20210112225128","is_ascension_mode":false,"campfire_choices":[{"data":"ContainerChange_purple","floor":10.0,"key":"SMITH"}],"circlet_count":0,"master_deck":["AT_purpleEX","AT_purpleEX","AT_purpleEX","Defend_purpleEX","Defend_purpleEX","Defend_purpleEX","Defend_purpleEX","Observe_purple_1","Observe_purple_2","Charmbait_purple","StateErode_purple","SharpContractionReality_purple","ContainerChange_purple+1","Charmbait_purple"],"relics":["Boundary_crack","Memoryfragments_purpleEX","NeowsBlessing","Shuriken","MealTicket","Anchor"],"acts_visited":["Exordium"],"potions_floor_usage":[],"damage_taken":[{"damage":0.0,"enemies":"Jaw Worm","floor":1.0,"turns":1.0},{"damage":0.0,"enemies":"Small Slimes","floor":4.0,"turns":1.0},{"damage":0.0,"enemies":"Cultist","floor":5.0,"turns":1.0},{"damage":0.0,"enemies":"3 Louse","floor":6.0,"turns":2.0},{"damage":26.0,"enemies":"Lagavulin","floor":7.0,"turns":8.0},{"damage":16,"enemies":"Gremlin Nob","floor":11,"turns":5}],"seed_played":"4923327716655849482","potions_obtained":[{"floor":5.0,"key":"Energy Potion"},{"floor":7.0,"key":"Fruit Juice"}],"is_trial":false,"path_per_floor":["M","?","?","M","M","M","E","$","T","R","E"],"character_chosen":"Youkari","items_purchased":["Charmbait_purple","MealTicket"],"campfire_rested":0,"item_purchase_floors":[8,8],"current_hp_per_floor":[70,49,38,39,39,39,18,18,18,18,2,2],"gold":70,"neow_bonus":"THREE_ENEMY_KILL","is_daily":false,"chose_seed":false,"campfire_upgraded":1,"win_rate":0.0,"timestamp":1610491888,"path_taken":["M","?","?","M","M","M","E","?","T","R","E"],"items_purchased_type":["Card","Relic"],"build_version":"2020-12-22","purchased_purges":1,"victory":false,"max_hp_per_floor":[70,70,70,70,70,70,75,75,75,75,75,75],"card_choices":[{"not_picked":["Realm_recovery_purpleEX","Mirror_FormAndEmptin_purple"],"picked":"Charmbait_purple","floor":1.0},{"not_picked":["StateDuplicate_purple","Mirror_Drifter_purple"],"picked":"StateErode_purple","floor":4.0},{"not_picked":["CommonSense_AntiCommonSense_purple","AdvanceAttack_purple"],"picked":"SharpContractionReality_purple","floor":5.0},{"not_picked":["AdvanceAttack_purple","CommonSense_AntiCommonSense_purple","RuleDissolution_purple"],"picked":"SKIP","floor":6.0},{"not_picked":["OmniscientAndOmnipotent_Monster_purple","Umbrella_purple"],"picked":"ContainerChange_purple","floor":7.0}],"player_experience":636783,"relics_obtained":[{"floor":7.0,"key":"Shuriken"},{"floor":9.0,"key":"Anchor"}],"event_choices":[{"damage_healed":0.0,"max_hp_gain":0.0,"max_hp_loss":0.0,"gold_gain":75.0,"event_name":"World of Goop","player_choice":"Gather Gold","floor":3.0,"gold_loss":0.0,"damage_taken":11.0}],"is_beta":false,"boss_relics":[],"items_purged_floors":[8],"is_endless":false,"potions_floor_spawned":[5,7],"killed_by":"Gremlin Nob","ascension_level":0}}