{"host":"Dean","time":1610465983,"event":{"mods":["2.2 Compatiblity","AchievementEnabler","BaseMod","Block Reminder","Colored Map","Colored Powertips","Minty Spire (QoL Compilation)","Permanent Neow","Quick Restart","Relic Stats","Replay The Spire","StSLib"],"gold_per_floor":[109,9,9,9,24,55,55,82,152,174,174,205,205,6,6,99,99,119,146,159,197,212,236,276,276,276,276,296,311,311,330,330,423,423,436,514,538,561,561,597,597,640,640,708,755,190,215,268,268,318,318,318,6,99,119],"floor_reached":56,"playtime":3050,"items_purged":["ReplayTheSpireMod:Exploit Weakness","Masterful Stab"],"score":2831,"play_id":"000cde5b-e48e-40ec-ae4e-391e41dee4cf","local_time":"20210112103943","is_ascension_mode":true,"campfire_choices":[{"data":"Neutralize","floor":7,"key":"SMITH"},{"data":"Quick Slash","floor":7,"key":"SMITH"},{"data":"Terror","floor":11,"key":"SMITH"},{"data":"Toxin Wave","floor":11,"key":"SMITH"},{"data":"Backflip","floor":15,"key":"SMITH"},{"data":"Backflip","floor":15,"key":"SMITH"},{"data":"Calculated Gamble","floor":25,"key":"SMITH"},{"data":"Calculated Gamble","floor":25,"key":"SMITH"},{"data":"Backflip","floor":30,"key":"SMITH"},{"data":"Dagger Throw","floor":30,"key":"SMITH"},{"data":"Draining Mist","floor":32,"key":"SMITH"},{"data":"Escape Plan","floor":32,"key":"SMITH"},{"data":"PiercingWail","floor":41,"key":"SMITH"},{"data":"Survivor","floor":41,"key":"SMITH"},{"floor":49,"key":"RECALL"},{"data":"Hidden Blade","floor":52,"key":"SMITH"},{"data":"Sneak Up","floor":52,"key":"SMITH"}],"circlet_count":0,"master_deck":["AscendersBane","Survivor+1","Neutralize+1","Unload+1","Burst+1","Toxin Wave+1","Unload+1","Escape Plan+1","PiercingWail+1","Sneak Up+1","Calculated Gamble+1","Backflip+1","Backflip+1","Footwork+1","Dash+1","Dash+1","Dagger Throw+1","Quick Slash+1","Terror+1","Malaise+1","Blade Dance+1","Blade Dance+1","ReplayTheSpireMod:Scrap Shanks+1","Poisoned Strike+1","Glass Knife+1","Backflip+1","Cloak And Dagger+1","Dodge and Roll+1","Backflip+1","Calculated Gamble+1","Envenom+1","Wraith Form v2+1","Draining Mist+1","After Image+1","Quick Slash+1","ReplayTheSpireMod:Scrap Shanks+1","Burst+1","Hidden Blade+1","Fluid Movement+1","Trip+1","ReplayTheSpireMod:Necrogeddon+1","Infinite Blades+1","Infinite Blades+1","Cloak And Dagger+1","Tools of the Trade+1","Burst+1"],"relics":["Ring of Chaos","Question Card","Prayer Wheel","Golden Egg","Pandora\u0027s Box","Replay:Arrowhead","Replay:Rubber Ducky","Ring of Peace","Tiny Chest","Paper Crane","Shuriken","Odd Mushroom","Oddly Smooth Stone","Golden Idol","Snake Skull","OrangePellets","Sozu","WristBlade","Red Mask","Orichalcum","Unceasing Top","Coffee Dripper","Gremlin Horn","Akabeko","Replay:Bandana","Bottled Flame","Replay:Kaleidoscope","Divine Protection","Tough Bandages","Counterbalance"],"acts_visited":["Exordium","TheCity","TheBeyond","TheEnding"],"potions_floor_usage":[12,55],"damage_taken":[{"damage":1,"enemies":"Small Slimes","floor":1,"turns":2},{"damage":0,"enemies":"Jaw Worm","floor":5,"turns":3},{"damage":0,"enemies":"Lagavulin","floor":6,"turns":7},{"damage":0,"enemies":"Gremlin Nob","floor":8,"turns":4},{"damage":0,"enemies":"The Mushroom Lair","floor":10,"turns":4},{"damage":0,"enemies":"3 Sentries","floor":12,"turns":4},{"damage":0,"enemies":"Hexaghost","floor":16,"turns":5},{"damage":0,"enemies":"2 Thieves","floor":18,"turns":2},{"damage":0,"enemies":"Shell Parasite","floor":20,"turns":3},{"damage":0,"enemies":"Masked Bandits","floor":21,"turns":2},{"damage":0,"enemies":"Centurion and Healer","floor":22,"turns":3},{"damage":0,"enemies":"Chosen and Byrds","floor":23,"turns":3},{"damage":0,"enemies":"Gremlin Leader","floor":24,"turns":2},{"damage":0,"enemies":"Shelled Parasite and Fungi","floor":28,"turns":3},{"damage":0,"enemies":"Snecko","floor":29,"turns":2},{"damage":0,"enemies":"Centurion and Healer","floor":31,"turns":3},{"damage":0,"enemies":"Champ","floor":33,"turns":3},{"damage":0,"enemies":"3 Shapes","floor":35,"turns":2},{"damage":0,"enemies":"Orb Walker","floor":37,"turns":3},{"damage":0,"enemies":"Jaw Worm Horde","floor":38,"turns":3},{"damage":0,"enemies":"Giant Head","floor":40,"turns":3},{"damage":0,"enemies":"Nemesis","floor":42,"turns":7},{"damage":0,"enemies":"Giant Head","floor":44,"turns":3},{"damage":0,"enemies":"Maw","floor":45,"turns":3},{"damage":0,"enemies":"Spire Growth","floor":47,"turns":4},{"damage":0,"enemies":"Sphere and 2 Shapes","floor":48,"turns":3},{"damage":0,"enemies":"Donu and Deca","floor":50,"turns":4},{"damage":0,"enemies":"Shield and Spear","floor":54,"turns":4},{"damage":0,"enemies":"The Heart","floor":55,"turns":6}],"seed_played":"3087883214667915080","potions_obtained":[{"floor":6,"key":"Explosive Potion"},{"floor":10,"key":"LiquidBronze"},{"floor":12,"key":"SmokeBomb"}],"is_trial":false,"path_per_floor":["M","$","?","?","M","E","R","E","T","?","R","E","?","$","R","B",null,"M","T","M","?","M","M","E","R","T","?","M","M","R","M","R","B",null,"M","T","M","M","?","E","R","E","T","E","M","$","M","M","R","B",null,"R","$","E","B",null],"character_chosen":"THE_SILENT","items_purchased":["Footwork","Dash","Replay:Rubber Ducky","Snake Skull","OrangePellets","Blade Dance","ReplayTheSpireMod:Scrap Shanks","Poisoned Strike","Divine Protection","Trip","ReplayTheSpireMod:Necrogeddon","Infinite Blades","Tough Bandages","Tools of the Trade"],"campfire_rested":0,"item_purchase_floors":[2,2,2,14,14,14,14,14,46,46,46,46,53,53],"current_hp_per_floor":[58,58,58,51,51,51,51,51,51,51,51,51,51,51,51,51,58,58,58,58,58,58,58,58,58,58,58,58,58,58,58,58,58,60,60,60,60,60,60,60,60,60,60,60,60,60,60,60,60,60,60,60,60,60,60],"gold":119,"neow_bonus":"BOSS_RELIC","is_daily":false,"chose_seed":false,"campfire_upgraded":16,"win_rate":0.0,"timestamp":1610465983,"path_taken":["M","$","?","?","M","E","R","E","T","?","R","E","?","?","R","BOSS","M","?","?","?","M","M","E","R","T","?","M","M","R","M","R","BOSS","M","?","?","M","?","E","R","E","T","E","?","$","M","M","R","BOSS","R","$","E","BOSS"],"items_purchased_type":["Card","Card","Relic","Relic","Relic","Card","Card","Card","Relic","Card","Card","Card","Relic","Card"],"build_version":"2020-12-18","purchased_purges":2,"victory":true,"max_hp_per_floor":[66,66,66,66,66,66,66,66,66,66,66,66,60,60,60,60,60,60,60,60,60,60,60,60,60,60,60,60,60,60,60,60,60,60,60,60,60,60,60,60,60,60,60,60,60,60,60,60,60,60,60,60,60,60,60],"relic_stats":{"Gremlin Horn":[6,6],"counters":[29,100],"Golden Idol":173,"Snake Skull":[135],"Orichalcum":[0],"Question Card":43,"Sozu":9,"OrangePellets":[33],"Tough Bandages":[75],"Shuriken":[110],"Prayer Wheel":15,"Pandora\u0027s Box":["ReplayTheSpireMod:Exploit Weakness","Unload","Burst","Toxin Wave","Unload","Escape Plan","PiercingWail","Sneak Up","Masterful Stab","Calculated Gamble"],"Tiny Chest":2,"obtain_stats":[{"Golden Egg":0,"Divine Protection":46,"Gremlin Horn":36,"Snake Skull":14,"Replay:Rubber Ducky":2,"Sozu":17,"Replay:Bandana":42,"Tough Bandages":53,"WristBlade":17,"Ring of Peace":3,"Prayer Wheel":0,"Tiny Chest":6,"Red Mask":21,"Ring of the Snake":0,"Golden Idol":13,"Counterbalance":54,"Circlet":0,"Oddly Smooth Stone":12,"Ring of Chaos":0,"Replay:Kaleidoscope":44,"Paper Crane":8,"Odd Mushroom":10,"Orichalcum":24,"Question Card":0,"Replay:Arrowhead":1,"Akabeko":40,"OrangePellets":14,"Bottled Flame":43,"Shuriken":9,"Pandora\u0027s Box":0,"Coffee Dripper":34,"Unceasing Top":26},{"Golden Egg":0,"Divine Protection":24,"Gremlin Horn":18,"Snake Skull":6,"Replay:Rubber Ducky":1,"Sozu":7,"Replay:Bandana":22,"Tough Bandages":27,"WristBlade":7,"Ring of Peace":1,"Prayer Wheel":0,"Tiny Chest":3,"Red Mask":10,"Ring of the Snake":0,"Golden Idol":6,"Counterbalance":28,"Circlet":0,"Oddly Smooth Stone":6,"Ring of Chaos":0,"Replay:Kaleidoscope":23,"Paper Crane":4,"Odd Mushroom":5,"Orichalcum":13,"Question Card":0,"Replay:Arrowhead":1,"Akabeko":21,"OrangePellets":6,"Bottled Flame":22,"Shuriken":4,"Pandora\u0027s Box":0,"Coffee Dripper":17,"Unceasing Top":13},{"Golden Egg":0,"Divine Protection":79,"Gremlin Horn":57,"Snake Skull":24,"Replay:Rubber Ducky":2,"Sozu":29,"Replay:Bandana":73,"Tough Bandages":90,"WristBlade":29,"Ring of Peace":2,"Prayer Wheel":0,"Tiny Chest":12,"Red Mask":36,"Ring of the Snake":0,"Golden Idol":24,"Counterbalance":94,"Circlet":0,"Oddly Smooth Stone":24,"Ring of Chaos":0,"Replay:Kaleidoscope":76,"Paper Crane":16,"Odd Mushroom":20,"Orichalcum":44,"Question Card":0,"Replay:Arrowhead":2,"Akabeko":66,"OrangePellets":24,"Bottled Flame":73,"Shuriken":16,"Pandora\u0027s Box":0,"Coffee Dripper":55,"Unceasing Top":44}],"Unceasing Top":[23]},"card_choices":[{"not_picked":["Bane","Outmaneuver","Sneak Up"],"picked":"Backflip","floor":1},{"not_picked":["Cloak And Dagger","Sneak Up","Acrobatics"],"picked":"Backflip","floor":1},{"not_picked":["Backflip","Blur","Bouncing Flask"],"picked":"Dagger Throw","floor":5},{"not_picked":["Blade Dance","Flying Knee","All Out Attack","Predator"],"picked":"SKIP","floor":5},{"not_picked":["ReplayTheSpireMod:Speed Training","Prepared","PiercingWail"],"picked":"Quick Slash","floor":6},{"not_picked":["Outmaneuver","Eviscerate","ReplayTheSpireMod:Exploit Weakness"],"picked":"Terror","floor":8},{"not_picked":["Concentrate","Prepared","Bane"],"picked":"Malaise","floor":12},{"not_picked":["A Thousand Cuts","Venomology","Atom Bomb"],"picked":"Glass Knife","floor":16},{"not_picked":["ReplayTheSpireMod:Scrap Shanks","Slice+1","Poisoned Stab"],"picked":"Backflip","floor":18},{"not_picked":["Catalyst","All Out Attack","Slice","Deflect"],"picked":"SKIP","floor":18},{"not_picked":["Poisoned Stab","Fluid Movement","Bouncing Flask"],"picked":"Cloak And Dagger+1","floor":20},{"not_picked":["Reflex","Slice+1","Distraction"],"picked":"Dodge and Roll+1","floor":20},{"not_picked":["Choke","Expertise","Sucker Punch"],"picked":"Backflip+1","floor":21},{"not_picked":["Backflip","ReplayTheSpireMod:Shiv Toss","Outmaneuver"],"picked":"Calculated Gamble","floor":22},{"not_picked":["Riddle With Holes","Skewer","Finisher","Infinite Blades"],"picked":"SKIP","floor":22},{"not_picked":["ReplayTheSpireMod:Shiv Toss","Flying Knee","Outmaneuver"],"picked":"Envenom","floor":23},{"not_picked":["Quick Slash","Distraction","Outmaneuver","Sucker Punch"],"picked":"SKIP","floor":23},{"not_picked":["Dagger Throw","Poisoned Stab","Finisher"],"picked":"Wraith Form v2","floor":24},{"not_picked":["Blade Dance","Sucker Punch+1","ReplayTheSpireMod:Tripwire","Tactician"],"picked":"SKIP","floor":28},{"not_picked":["Sneak Up","Blur","Cloak And Dagger","Quick Slash"],"picked":"SKIP","floor":28},{"not_picked":["Bane+1","Reflex","Setup","Blade Dance"],"picked":"SKIP","floor":29},{"not_picked":["Cloak And Dagger","Poisoned Stab","Bane","Toxin Wave"],"picked":"SKIP","floor":29},{"not_picked":["Backstab","Expertise","Sucker Punch"],"picked":"Draining Mist","floor":31},{"not_picked":["Dagger Throw","Slice","Setup","Prepared"],"picked":"SKIP","floor":31},{"not_picked":["Corpse Explosion","Unload","Storm of Steel"],"picked":"After Image","floor":33},{"not_picked":["Poisoned Stab","Backflip","Outmaneuver"],"picked":"Quick Slash+1","floor":35},{"not_picked":["Blur","Cloak And Dagger","Dodge and Roll","Noxious Fumes"],"picked":"SKIP","floor":35},{"not_picked":["Prepared","Masterful Stab","PiercingWail"],"picked":"ReplayTheSpireMod:Scrap Shanks","floor":37},{"not_picked":["PiercingWail","Escape Plan","Deadly Poison","Deflect"],"picked":"SKIP","floor":37},{"not_picked":["Acrobatics","Die Die Die","Quick Slash","Deadly Poison"],"picked":"SKIP","floor":38},{"not_picked":["Cloak And Dagger","Underhanded Strike","PiercingWail+1","Tactician"],"picked":"SKIP","floor":38},{"not_picked":["ReplayTheSpireMod:Shiv Toss","ReplayTheSpireMod:Exploit Weakness","Leg Sweep"],"picked":"Burst","floor":40},{"not_picked":["Dagger Throw","Outmaneuver","Heel Hook+1"],"picked":"Hidden Blade","floor":42},{"not_picked":["ReplayTheSpireMod:Scrap Shanks","Setup","Draining Mist","Quick Slash"],"picked":"SKIP","floor":44},{"not_picked":["Setup","Prepared","Flying Knee"],"picked":"Fluid Movement+1","floor":45},{"not_picked":["Deadly Poison","Backflip","Masterful Stab+1","Outmaneuver"],"picked":"SKIP","floor":45},{"not_picked":["Terror+1","Cloak And Dagger","Slice","Draining Mist"],"picked":"SKIP","floor":47},{"not_picked":["ReplayTheSpireMod:Exploit Weakness","Setup+1","Finisher","Deadly Poison"],"picked":"SKIP","floor":47},{"not_picked":["ReplayTheSpireMod:Tripwire","Infinite Blades","Bouncing Flask"],"picked":"Cloak And Dagger+1","floor":48},{"not_picked":["Bane","Deflect","Hidden Blade","Flying Knee"],"picked":"SKIP","floor":48},{"not_picked":["Catalyst","Finisher+1","Hidden Blade"],"picked":"Burst","floor":54}],"player_experience":777841,"relics_obtained":[{"floor":3,"key":"Ring of Peace"},{"floor":6,"key":"Tiny Chest"},{"floor":8,"key":"Paper Crane"},{"floor":9,"key":"Shuriken"},{"floor":10,"key":"Odd Mushroom"},{"floor":12,"key":"Oddly Smooth Stone"},{"floor":21,"key":"Red Mask"},{"floor":24,"key":"Orichalcum"},{"floor":26,"key":"Unceasing Top"},{"floor":36,"key":"Gremlin Horn"},{"floor":40,"key":"Akabeko"},{"floor":42,"key":"Replay:Bandana"},{"floor":43,"key":"Bottled Flame"},{"floor":44,"key":"Replay:Kaleidoscope"},{"floor":54,"key":"Counterbalance"}],"event_choices":[{"cards_removed":["Looming Evil"],"damage_healed":0,"gold_gain":0,"player_choice":"Card Removal","damage_taken":7,"max_hp_gain":0,"max_hp_loss":0,"event_name":"Golden Wing","floor":4,"gold_loss":0},{"damage_healed":0,"gold_gain":0,"player_choice":"Fought Mushrooms","damage_taken":0,"max_hp_gain":0,"max_hp_loss":0,"event_name":"Mushrooms","floor":10,"gold_loss":0},{"damage_healed":0,"gold_gain":0,"player_choice":"Lose Max HP","damage_taken":0,"relics_obtained":["Golden Idol"],"max_hp_gain":0,"max_hp_loss":6,"event_name":"Golden Idol","floor":13,"gold_loss":0},{"damage_healed":0,"gold_gain":0,"player_choice":"Fought Bandits","damage_taken":0,"max_hp_gain":0,"max_hp_loss":0,"event_name":"Masked Bandits","floor":21,"gold_loss":0},{"damage_healed":0,"gold_gain":0,"player_choice":"Ignored","damage_taken":0,"max_hp_gain":0,"max_hp_loss":0,"event_name":"Ghosts","floor":27,"gold_loss":0},{"damage_healed":0,"gold_gain":0,"player_choice":"Forge","damage_taken":0,"max_hp_gain":0,"max_hp_loss":0,"event_name":"Accursed Blacksmith","floor":39,"gold_loss":0,"cards_upgraded":["ReplayTheSpireMod:Scrap Shanks"]}],"is_beta":true,"boss_relics":[{"not_picked":["Philosopher\u0027s Stone","Kintsugi"],"picked":"WristBlade"},{"not_picked":["ReplayTheSpireMod:DimensionalGlitch","Replay:Wanted Poster"],"picked":"Coffee Dripper"}],"items_purged_floors":[2,14],"is_endless":false,"potions_floor_spawned":[6,10,12,18,21,22,23,35,37,42,47,48],"ascension_level":15}}