{"host":"56ghxnzsglgdq727","time":1610462142,"event":{"mods":["AchievementEnabler","BaseMod","Downfall","Duelist Mod","Minty Spire (QoL Compilation)","Rare Cards Sparkle","StSLib","The Bug Knight","The Exalted","The Senshi","The Wild Card"],"gold_per_floor":[135,210,260,273,300,330,330,347,347,347,347,347,232,244,244,349,349,365,380,431,431,449,479,479,504,504,523,191,205,218,231,231,332,332,350,225,225,243,259,284,284,317,344,344,344,394,3,19,19,19],"floor_reached":51,"playtime":3249,"items_purged":["theDuelist:Sparks","theDuelist:CastleWalls","theDuelist:Sparks","Slimebound:Icky"],"score":856,"play_id":"cb3df772-24c9-4c83-be62-ff3fa913e0bd","local_time":"20210112093542","is_ascension_mode":true,"campfire_choices":[{"data":"theDuelist:WaterDragon","floor":7.0,"key":"SMITH"},{"data":"theDuelist:Mountain","floor":15.0,"key":"SMITH"},{"floor":24.0,"key":"REST"},{"floor":32.0,"key":"REST"},{"data":"theDuelist:MiraculousDescent","floor":41.0,"key":"SMITH"},{"data":"theDuelist:Raigeki","floor":44,"key":"SMITH"},{"floor":49,"key":"REST"}],"circlet_count":0,"master_deck":["theDuelist:BabyDragon+1","theDuelist:CaveDragon+1","theDuelist:CaveDragon+1","theDuelist:LesserDragon+1","theDuelist:LesserDragon+1","theDuelist:YamataDragon+1","theDuelist:WaterDragon+1","theDuelist:VoidOgreDragon+1","theDuelist:GaiaDragonChamp+1","theDuelist:Earthquake","theDuelist:Raigeki+1","theDuelist:Mountain+1","theDuelist:FireDarts","theDuelist:CyberDragonInfinity+1","theDuelist:CyberDragonSieger+1","theDuelist:MiraculousDescent+1","theDuelist:WingedDragonRa+1","theDuelist:DragonMastery+1","theDuelist:YamataDragon+1"],"relics":["theDuelist:MillenniumPuzzle","theDuelist:CardPoolRelic","theDuelist:CardPoolBasicRelic","theDuelist:BoosterPackPoolRelic","theDuelist:CardPoolAddRelic","theDuelist:CardPoolMinusRelic","theDuelist:CardPoolSaveRelic","theDuelist:CardPoolOptionsRelic","Bronze Scales","Lizard Tail","theDuelist:DuelistUrn","Bromod:ArcaneGrace","theDuelist:ElectricBurst","Bird Faced Urn","Dead Branch","Mango","Charon\u0027s Ashes","Darkstone Periapt","theDuelist:MillenniumRod","Cursed Key","Turnip","Torii","Boot","Bromod:ArcaneUltimatum","theDuelist:YugiMirror"],"acts_visited":["Exordium","TheCity","TheBeyond"],"potions_floor_usage":[50],"damage_taken":[{"damage":0.0,"enemies":"Small Slimes","floor":1.0,"turns":4.0},{"damage":0.0,"enemies":"Jaw Worm","floor":4.0,"turns":2.0},{"damage":18.0,"enemies":"3 Sentries","floor":6.0,"turns":4.0},{"damage":0.0,"enemies":"2 Louse","floor":8.0,"turns":1.0},{"damage":15.0,"enemies":"2 Fungi Beasts","floor":14.0,"turns":3.0},{"damage":11.0,"enemies":"Slime Boss","floor":16.0,"turns":6.0},{"damage":19.0,"enemies":"2 Thieves","floor":18.0,"turns":4.0},{"damage":22.0,"enemies":"Chosen","floor":19.0,"turns":5.0},{"damage":28.0,"enemies":"Chosen","floor":20.0,"turns":10.0},{"damage":15.0,"enemies":"3 Cultists","floor":22.0,"turns":5.0},{"damage":3.0,"enemies":"Book of Stabbing","floor":23.0,"turns":8.0},{"damage":29.0,"enemies":"Slavers","floor":25.0,"turns":5.0},{"damage":51.0,"enemies":"Sentry and Sphere","floor":27.0,"turns":6.0},{"damage":0.0,"enemies":"Centurion and Healer","floor":29.0,"turns":4.0},{"damage":0.0,"enemies":"Snake Plant","floor":30.0,"turns":3.0},{"damage":11.0,"enemies":"Cultist and Chosen","floor":31.0,"turns":4.0},{"damage":14.0,"enemies":"Champ","floor":33.0,"turns":20.0},{"damage":21.0,"enemies":"3 Shapes","floor":35.0,"turns":2.0},{"damage":22.0,"enemies":"Orb Walker","floor":38.0,"turns":4.0},{"damage":9.0,"enemies":"4 Shapes","floor":39.0,"turns":3.0},{"damage":25.0,"enemies":"Reptomancer","floor":40.0,"turns":7.0},{"damage":17.0,"enemies":"Nemesis","floor":42.0,"turns":9.0},{"damage":1,"enemies":"Mind Bloom Boss Battle","floor":46,"turns":6},{"damage":9,"enemies":"3 Darklings","floor":48,"turns":3},{"damage":42,"enemies":"Time Eater","floor":50,"turns":9}],"seed_played":"6851093008198564642","potions_obtained":[{"floor":4.0,"key":"Explosive Potion"},{"floor":14.0,"key":"DistilledChaos"},{"floor":16.0,"key":"theDuelist:DestructPotionPot"},{"floor":20.0,"key":"EssenceOfSteel"},{"floor":22.0,"key":"theDuelist:WhiteBottle"},{"floor":27.0,"key":"champ:CounterPotion"},{"floor":29.0,"key":"Energy Potion"},{"floor":30.0,"key":"Regen Potion"},{"floor":39.0,"key":"theDuelist:MayhemPotion"},{"floor":40.0,"key":"PowerPotion"},{"floor":46,"key":"Swift Potion"},{"floor":48,"key":"SpeedPotion"}],"is_trial":false,"path_per_floor":["M","?","?","M","T","E","R","M","T","?","?","?","$","M","R","B",null,"M","M","?","?","M","E","R","E","T","M","$","M","M","M","R","B",null,"M","$","?","M","M","E","R","E","T","R","?","?","$","M","R","B",null],"character_chosen":"THE_DUELIST","items_purchased":["theDuelist:Mountain","theDuelist:MiraculousDescent","theDuelist:MillenniumRod","theDuelist:YugiMirror"],"campfire_rested":3,"item_purchase_floors":[13,28,28,47],"current_hp_per_floor":[80,69,69,69,69,51,51,51,51,56,56,56,56,41,41,34,85,71,52,33,33,23,39,68,55,55,15,15,21,23,32,61,63,99,80,80,80,62,57,40,40,36,42,42,42,46,46,43,74,56],"gold":19,"neow_bonus":"ONE_RANDOM_RARE_CARD","is_daily":false,"chose_seed":false,"campfire_upgraded":4,"win_rate":0.0,"timestamp":1610462142,"path_taken":["M","?","?","?","?","E","R","M","T","?","?","?","$","M","R","BOSS","M","M","?","?","M","E","R","E","T","M","$","M","M","M","R","BOSS","M","$","?","?","M","E","R","E","T","R","?","?","?","M","R","BOSS"],"items_purchased_type":["Card","Card","Relic","Relic"],"build_version":"2020-12-22","purchased_purges":4,"victory":true,"max_hp_per_floor":[80,80,80,80,80,80,80,80,80,85,85,85,85,85,85,85,85,85,85,85,85,85,99,99,99,99,99,99,99,99,99,99,99,99,99,99,99,99,99,99,99,99,105,105,105,105,105,105,105,105],"card_choices":[{"not_picked":["theDuelist:MadFlameKaiju","theDuelist:ExploderDragonwing","theDuelist:ExploderDragon","theDuelist:Lancephorhynchus"],"picked":"theDuelist:VoidOgreDragon","floor":1.0},{"not_picked":["theDuelist:MadFlameKaiju+1","theDuelist:BarrelDragon+1"],"picked":"theDuelist:GaiaDragonChamp+1","floor":4.0},{"not_picked":["theDuelist:YamataDragon","theDuelist:AquaDolphin","theDuelist:CyberDragonNachster","theDuelist:Hydrogeddon"],"picked":"theDuelist:Earthquake","floor":6.0},{"not_picked":["theDuelist:BigFire","theDuelist:LightningDarts","theDuelist:RainbowOverdragon","theDuelist:SmashingGround"],"picked":"theDuelist:Raigeki","floor":8.0},{"not_picked":["theDuelist:VeilDarkness+1","theDuelist:TyrantWing","theDuelist:DragonShield+1","theDuelist:DragonCaptureJar"],"picked":"theDuelist:FireDarts","floor":14.0},{"not_picked":["theDuelist:VoidOgreDragon","theDuelist:SurvivalFittest","theDuelist:SeismicShockwave","theDuelist:BSkullDragon"],"picked":"theDuelist:CyberDragonInfinity","floor":16.0},{"not_picked":["theDuelist:BlackStego+1","theDuelist:AncientPixieDragon","theDuelist:BabyDragon","theDuelist:MaskedDragon","theDuelist:DreadnoughtDreadnoid"],"picked":"SKIP","floor":18.0},{"not_picked":["theDuelist:Pyrorex","theDuelist:MirageDragon","theDuelist:BusterBlader","theDuelist:BlackStego","theDuelist:ArmedDragon5+1"],"picked":"SKIP","floor":19.0},{"not_picked":["theDuelist:LesserDragon+1","theDuelist:ThreateningRoar+1","theDuelist:BusterBlader","theDuelist:DreadnoughtDreadnoid","theDuelist:BurstBreath"],"picked":"SKIP","floor":22.0},{"not_picked":["theDuelist:SilverWing","theDuelist:Mountain","theDuelist:GalaxySoldier","theDuelist:TotemDragon"],"picked":"theDuelist:CyberDragonSieger","floor":23.0},{"not_picked":["theDuelist:InfernityDoomDragon","theDuelist:BackupSoldier","theDuelist:BlizzardDragon","theDuelist:RedEyesZombie","theDuelist:BackgroundDragon"],"picked":"SKIP","floor":25.0},{"not_picked":["theDuelist:Beatraptor","theDuelist:CyberDragonDrei","theDuelist:SphereChaos","theDuelist:Anthrosaurus","theDuelist:CyberneticOverflow"],"picked":"SKIP","floor":27.0},{"not_picked":["theDuelist:Hinotama","theDuelist:LightningDarts","theDuelist:HaneHane","theDuelist:MagicalStone","theDuelist:LabyrinthWall"],"picked":"SKIP","floor":29.0},{"not_picked":["Apotheosis","Chrysalis","Enlightenment","Magnetism"],"picked":"SKIP","floor":30.0},{"not_picked":["theDuelist:Beatraptor","theDuelist:Kabazauls","theDuelist:CyberValley","theDuelist:DragonZombie","theDuelist:MirageDragon+1"],"picked":"SKIP","floor":31.0},{"not_picked":["theDuelist:ArmedProtectorDragon+1","theDuelist:ChimeratechOverdragon","theDuelist:GaiaDragonChamp","theDuelist:WaterDragon"],"picked":"theDuelist:WingedDragonRa","floor":33.0},{"not_picked":["theDuelist:ArmedDragon3+1","theDuelist:CyberTwinDragon+1","theDuelist:ExploderDragonwing+1","theDuelist:SilverDragon+1","theDuelist:TwinHeadedBehemoth+1"],"picked":"SKIP","floor":35.0},{"not_picked":["theDuelist:CyberValley","theDuelist:DarkHorus","theDuelist:Hydrogeddon+1","theDuelist:MadSwordBeast","theDuelist:BlackStego+1"],"picked":"SKIP","floor":38.0},{"not_picked":["theDuelist:BlackBrachios","theDuelist:Kabazauls+1","theDuelist:TrihornedDragon","theDuelist:BarrelDragon+1","theDuelist:BlackPtera+1"],"picked":"SKIP","floor":39.0},{"not_picked":["theDuelist:DefenseDraw+1","theDuelist:DragonShield+1","theDuelist:FireDarts","theDuelist:SafeZone","theDuelist:SpiralSpearStrike+1"],"picked":"SKIP","floor":40.0},{"not_picked":["theDuelist:WhiteHornDragon+1","theDuelist:SystemDown+1","theDuelist:Mountain+1","theDuelist:TyrantWing+1"],"picked":"theDuelist:DragonMastery+1","floor":42},{"not_picked":["theDuelist:BattleguardKing+1","theDuelist:Hinotama+1","theDuelist:LightningDarts+1","theDuelist:RainbowOverdragon+1","theDuelist:ForbiddenLance"],"picked":"SKIP","floor":48}],"player_experience":229388,"relics_obtained":[{"floor":5.0,"key":"Bronze Scales"},{"floor":6.0,"key":"Lizard Tail"},{"floor":9.0,"key":"theDuelist:DuelistUrn"},{"floor":20.0,"key":"theDuelist:ElectricBurst"},{"floor":20.0,"key":"Bird Faced Urn"},{"floor":20.0,"key":"Dead Branch"},{"floor":23.0,"key":"Mango"},{"floor":25.0,"key":"Charon\u0027s Ashes"},{"floor":26.0,"key":"Darkstone Periapt"},{"floor":40.0,"key":"Turnip"},{"floor":42,"key":"Torii"},{"floor":43,"key":"Boot"},{"floor":46,"key":"Bromod:ArcaneUltimatum"}],"event_choices":[{"damage_healed":0.0,"max_hp_gain":0.0,"max_hp_loss":0.0,"gold_gain":75.0,"event_name":"World of Goop","player_choice":"Gather Gold","floor":2.0,"gold_loss":0.0,"damage_taken":11.0},{"damage_healed":0.0,"max_hp_gain":0.0,"max_hp_loss":0.0,"gold_gain":50.0,"event_name":"Golden Wing","player_choice":"Gained Gold","floor":3.0,"gold_loss":0.0,"damage_taken":0.0},{"damage_healed":0.0,"max_hp_gain":5.0,"max_hp_loss":0.0,"gold_gain":0.0,"event_name":"Big Fish","player_choice":"Donut","floor":10.0,"gold_loss":0.0,"damage_taken":0.0},{"damage_healed":0.0,"max_hp_gain":0.0,"max_hp_loss":0.0,"gold_gain":0.0,"event_name":"Tomb of the Nameless","player_choice":"Leave","duelist":true,"floor":11.0,"gold_loss":0.0,"damage_taken":0.0},{"damage_healed":0.0,"max_hp_gain":0.0,"max_hp_loss":0.0,"gold_gain":0.0,"event_name":"Golden Idol","player_choice":"Ignored","floor":12.0,"gold_loss":0.0,"damage_taken":0.0},{"damage_healed":0.0,"max_hp_gain":0.0,"max_hp_loss":0.0,"gold_gain":0.0,"event_name":"Battle City","player_choice":"Fight","duelist":true,"floor":20.0,"gold_loss":0.0,"damage_taken":0.0},{"cards_removed":["theDuelist:CastleWalls"],"damage_healed":0.0,"max_hp_gain":0.0,"max_hp_loss":0.0,"gold_gain":0.0,"event_name":"Back to Basics","player_choice":"Elegance","floor":21.0,"gold_loss":0.0,"damage_taken":0.0},{"damage_healed":0.0,"max_hp_gain":0.0,"max_hp_loss":0.0,"gold_gain":0.0,"event_name":"Tomb of the Nameless","player_choice":"Leave","duelist":true,"floor":37.0,"gold_loss":0.0,"damage_taken":0.0},{"damage_healed":0,"gold_gain":0,"player_choice":"Memory 1","damage_taken":0,"max_hp_gain":0,"max_hp_loss":0,"event_name":"SensoryStone","floor":45,"gold_loss":0},{"damage_healed":0,"gold_gain":0,"player_choice":"Fight","damage_taken":0,"max_hp_gain":0,"max_hp_loss":0,"event_name":"MindBloom","floor":46,"gold_loss":0}],"is_beta":false,"boss_relics":[{"not_picked":["Velvet Choker","Ectoplasm"],"picked":"Bromod:ArcaneGrace"},{"not_picked":["SlaversCollar","Busted Crown"],"picked":"Cursed Key"}],"items_purged_floors":[13,28,36,47],"is_endless":false,"potions_floor_spawned":[4,14,16,20,22,27,29,30,39,40,46,48],"ascension_level":1}}