{"host":"5ddwedapke4fsx0r","time":1610485369,"event":{"mods":["BaseMod","Better Third Choice","Downfall","Infinite Spire","Minty Spire (QoL Compilation)","Replay The Spire","Shade Mod","StSLib","The Cursed","The Servant 0.9.4"],"gold_per_floor":[115,127,127,146,157,157,189,189,266,301,346,366,11,24,24,126,126,138,138,151,170,190,216,216,251,251,277,291,291,78,95,95,190,190,205,205,205,217,267,294,306,326,326,359,359,359,0,0,0],"floor_reached":48,"language":"ENG","playtime":3550,"items_purged":[],"score":944,"play_id":"acca7f3e-233e-4322-b760-bef641a03ddb","local_time":"20210112220249","is_ascension_mode":true,"campfire_choices":[{"data":"TheCursedMod:SpitefulPlan","floor":6,"key":"SMITH"},{"floor":8,"key":"REST"},{"data":"TheCursedMod:CleanUpWorkshop","floor":8,"key":"SMITH"},{"floor":15,"key":"REST"},{"data":"TheCursedMod:NeowsMight","floor":15,"key":"SMITH"},{"data":"ReplayTheSpireMod:Haul","floor":24,"key":"SMITH"},{"floor":29,"key":"REST"},{"data":"TheCursedMod:CollectTribute","floor":29,"key":"SMITH"},{"data":"TheCursedMod:SpitefulPlan","floor":32,"key":"SMITH"},{"floor":45,"key":"REST"},{"floor":45,"key":"RECALL"}],"circlet_count":0,"master_deck":["TheCursedMod:Strike_TheCursed","TheCursedMod:Strike_TheCursed","TheCursedMod:Strike_TheCursed","TheCursedMod:Strike_TheCursed+1","TheCursedMod:Defend_TheCursed","TheCursedMod:Defend_TheCursed+1","TheCursedMod:Defend_TheCursed","TheCursedMod:Defend_TheCursed","TheCursedMod:CursedWand","TheCursedMod:CleanUpWorkshop+1","TheCursedMod:Dregs","TheCursedMod:Obscuration","TheCursedMod:SpitefulStrike","TheCursedMod:CursedAmulet","TheCursedMod:SpitefulPlan+1","TheCursedMod:CursedBoomerang","Shame","TheCursedMod:Obscuration","Guardian:Aged","TheCursedMod:CircleOfWindfury","TheCursedMod:HellfireBreathing","TheCursedMod:AbyssShockwave","TheCursedMod:NeowsMight+1","TheCursedMod:StunningStrike","TheCursedMod:CollectTribute+1","TheCursedMod:CircleOfFlame+1","TheCursedMod:CursedShiv+1","TheCursedMod:TacticalStrike+1","TheCursedMod:AshesToAshes","ReplayTheSpireMod:Haul+1","TheCursedMod:RavingStaff+1","TheCursedMod:Torture+1","ReplayTheSpireMod:Faulty Equipment","TheCursedMod:SpitefulStrike","TheCursedMod:SpitefulPlan+1","Sickly","TheCursedMod:RavingStaff+1","TheCursedMod:CursedRelics","TheCursedMod:Stretching+1","expansioncontent:YouAreMine","infinitespire:UltimateForm","TheCursedMod:SurpriseAttack","TheCursedMod:CursedBlade+1","TheCursedMod:CircleOfCorruption+1","TheCursedMod:ForbiddenAlchemy","TheCursedMod:Torture+1","Replay:Hysterical Blindness","TheCursedMod:SurpriseAttack+1","Madness","Madness"],"relics":["Cursed Key","infinitespire:Magic Flask","The Courier","ReplayFunnel","Pear","Odd Mushroom","infinitespire:Joker Card","ChewingGum","TheCursedMod:OminousMark","infinitespire:Lychee Nut","Bag of Preparation","Matryoshka","Letter Opener","Bottled Flame","Blue Candle","ReplayTheSpireMod:CursedCoin","Lantern","Bag of Marbles","Regal Pillow","Replay:Grab Bag","Philosopher\u0027s Stone","Fusion Hammer","SacredBark","Replay:Baseball","TheCursedMod:SoulVessel","Strawberry","Centennial Puzzle","Incense Burner","Happy Flower","Bronze Scales","TheCursedMod:PinkPellets"],"acts_visited":["Exordium","TheCity","TheBeyond"],"potions_floor_usage":[12,33,39,42,44,48],"damage_taken":[{"damage":4,"enemies":"Cultist","floor":1,"turns":4},{"damage":1,"enemies":"Jaw Worm","floor":2,"turns":5},{"damage":0,"enemies":"2 Louse","floor":4,"turns":3},{"damage":0,"enemies":"Looter","floor":5,"turns":3},{"damage":16,"enemies":"Lagavulin","floor":7,"turns":7},{"damage":22,"enemies":"Gremlin Nob","floor":10,"turns":5},{"damage":13,"enemies":"The Mushroom Lair","floor":12,"turns":4},{"damage":0,"enemies":"3 Louse","floor":14,"turns":3},{"damage":14,"enemies":"Fading Forest","floor":16,"turns":11},{"damage":0,"enemies":"Shell Parasite","floor":18,"turns":3},{"damage":1,"enemies":"3 Byrds","floor":20,"turns":4},{"damage":1,"enemies":"Shelled Parasite and Fungi","floor":21,"turns":4},{"damage":4,"enemies":"Cultist and Chosen","floor":22,"turns":5},{"damage":10,"enemies":"Nightmare","floor":23,"turns":6},{"damage":9,"enemies":"Replay:Snechameleon","floor":25,"turns":5},{"damage":1,"enemies":"Slavers","floor":27,"turns":2},{"damage":0,"enemies":"Chosen and Byrds","floor":28,"turns":3},{"damage":0,"enemies":"Centurion and Healer","floor":31,"turns":1},{"damage":43,"enemies":"Automaton","floor":33,"turns":8},{"damage":6,"enemies":"3 Shapes","floor":35,"turns":1},{"damage":0,"enemies":"3 Darklings","floor":38,"turns":2},{"damage":1,"enemies":"Mind Bloom Boss Battle","floor":39,"turns":2},{"damage":0,"enemies":"Giant Head","floor":40,"turns":2},{"damage":10,"enemies":"Transient","floor":41,"turns":5},{"damage":21,"enemies":"Sphere and 2 Shapes","floor":42,"turns":4},{"damage":34,"enemies":"Nightmare","floor":44,"turns":4},{"damage":0,"enemies":"infinitespire:Three Voidlings","floor":48,"turns":1},{"damage":64,"enemies":"Nightmare_Alpha","floor":48,"turns":7}],"seed_played":"-7888479235438898479","potions_obtained":[{"floor":5,"key":"Fire Potion"},{"floor":10,"key":"sneckomod:MuddlingPotion"},{"floor":14,"key":"Elixir"},{"floor":18,"key":"LiquidMemories"},{"floor":20,"key":"TheCursedMod:DregsPotion"},{"floor":27,"key":"ColorlessPotion"},{"floor":28,"key":"Flashbang"},{"floor":33,"key":"Death Potion"},{"floor":39,"key":"LiquidMemories"},{"floor":41,"key":"Block Potion"},{"floor":42,"key":"Explosive Potion"},{"floor":44,"key":"Weak Potion"}],"is_trial":false,"path_per_floor":["M","M","?","M","M","R","E","R","T","E","?","?","$","M","R","B",null,"M","AVR","M","M","M","NM","R","E","T","E","M","R","$","M","R","B",null,"M","?","AVR","M","?","E","M","M","T","NM","R","?","$","?"],"character_chosen":"THE_CURSED","items_purchased":["infinitespire:Joker Card","TheCursedMod:NeowsMight","ReplayTheSpireMod:CursedCoin","Lantern","Bag of Marbles","Regal Pillow","Happy Flower","Bronze Scales","TheCursedMod:PinkPellets"],"campfire_rested":4,"item_purchase_floors":[13,13,30,30,30,30,47,47,47],"current_hp_per_floor":[71,70,55,55,55,55,39,61,61,39,49,36,36,36,61,47,85,85,63,62,62,59,54,54,51,51,53,58,63,63,63,63,21,63,57,57,57,60,62,70,69,54,54,27,63,54,54,0,0],"gold":0,"neow_bonus":"BOSS_RELIC","is_daily":false,"chose_seed":false,"campfire_upgraded":6,"win_rate":0.0,"timestamp":1610485369,"path_taken":["M","?","?","M","M","R","E","R","T","E","?","?","$","M","R","BOSS","M","AVR","M","M","M","NM","R","E","T","E","M","R","$","M","R","BOSS","M","?","AVR","M","?","E","M","M","T","NM","R","?","$","?"],"items_purchased_type":["Relic","Card","Relic","Relic","Relic","Relic","Relic","Relic","Relic"],"build_version":"2020-12-22","purchased_purges":0,"victory":false,"max_hp_per_floor":[75,75,75,75,75,75,75,75,75,75,85,85,85,85,85,85,85,85,63,63,63,63,63,63,63,63,63,63,63,63,63,63,63,63,63,63,63,63,63,70,70,70,70,70,70,70,70,70,70],"card_choices":[{"not_picked":["TheCursedMod:SmokeScreen","TheCursedMod:Stigma"],"picked":"TheCursedMod:Obscuration","floor":1},{"not_picked":["TheCursedMod:Obscuration","TheCursedMod:Wield"],"picked":"TheCursedMod:SpitefulStrike","floor":2},{"not_picked":["TheCursedMod:WearCloak","TheCursedMod:ForbiddenAlchemy"],"picked":"TheCursedMod:CursedAmulet","floor":4},{"not_picked":["TheCursedMod:CursedBlade","TheCursedMod:WearCloak"],"picked":"TheCursedMod:SpitefulPlan","floor":5},{"not_picked":["TheCursedMod:VitalStrike","TheCursedMod:StunningStrike"],"picked":"TheCursedMod:CursedBoomerang","floor":7},{"not_picked":["TheCursedMod:RavingStaff","TheCursedMod:Wield"],"picked":"TheCursedMod:Obscuration","floor":10},{"not_picked":["TheCursedMod:CircleOfCorruption","TheCursedMod:ReleasedKnowledge"],"picked":"TheCursedMod:CircleOfWindfury","floor":11},{"not_picked":["TheCursedMod:FleshFromBone","TheCursedMod:RapidMovement"],"picked":"TheCursedMod:HellfireBreathing","floor":11},{"not_picked":["TheCursedMod:DoubleShield","TheCursedMod:CursedBlade"],"picked":"TheCursedMod:AbyssShockwave","floor":12},{"not_picked":["TheCursedMod:LuckyCharm","TheCursedMod:CursedMace"],"picked":"TheCursedMod:StunningStrike","floor":14},{"not_picked":["TheCursedMod:AntiAging","TheCursedMod:ParallelWorld"],"picked":"TheCursedMod:CollectTribute","floor":16},{"not_picked":["TheCursedMod:CircleOfWindfury+1","TheCursedMod:SoulCrush"],"picked":"TheCursedMod:CircleOfFlame+1","floor":18},{"not_picked":["TheCursedMod:SoulCrush","TheCursedMod:Wield"],"picked":"TheCursedMod:CursedShiv+1","floor":20},{"not_picked":["TheCursedMod:RavingStaff","TheCursedMod:FleshFromBone"],"picked":"TheCursedMod:TacticalStrike+1","floor":21},{"not_picked":["TheCursedMod:SoulCrush+1","TheCursedMod:WearCloak"],"picked":"TheCursedMod:AshesToAshes","floor":22},{"not_picked":["Replay:Fractal Strike","ReplayTheSpireMod:??????????????????????"],"picked":"ReplayTheSpireMod:Haul","floor":23},{"not_picked":["TheCursedMod:Stretching","TheCursedMod:SmokeScreen"],"picked":"TheCursedMod:RavingStaff+1","floor":23},{"not_picked":["TheCursedMod:Stigma","TheCursedMod:CursedShiv"],"picked":"TheCursedMod:Torture+1","floor":25},{"not_picked":["TheCursedMod:CursedBlade","TheCursedMod:AshesToAshes"],"picked":"TheCursedMod:SpitefulStrike","floor":27},{"not_picked":["TheCursedMod:Torture+1","TheCursedMod:SaltUponWound+1"],"picked":"TheCursedMod:SpitefulPlan","floor":28},{"not_picked":["TheCursedMod:SoulCrush+1","TheCursedMod:CursedShiv"],"picked":"TheCursedMod:RavingStaff+1","floor":31},{"not_picked":["TheCursedMod:DarkBarrier","TheCursedMod:StunningStrike"],"picked":"TheCursedMod:CursedRelics","floor":33},{"not_picked":["TheCursedMod:Stigma","TheCursedMod:Torture"],"picked":"TheCursedMod:Stretching+1","floor":35},{"not_picked":["expansioncontent:CaCaw","Blind"],"picked":"expansioncontent:YouAreMine","floor":36},{"not_picked":["TheCursedMod:RapidMovement+1","TheCursedMod:StingEye+1"],"picked":"TheCursedMod:SurpriseAttack","floor":38},{"not_picked":["TheCursedMod:Obscuration+1","TheCursedMod:AbyssShockwave"],"picked":"TheCursedMod:CursedBlade+1","floor":39},{"not_picked":["TheCursedMod:ManaBullet","TheCursedMod:Stretching+1"],"picked":"TheCursedMod:CircleOfCorruption+1","floor":40},{"not_picked":["TheCursedMod:TacticalStrike","TheCursedMod:CursedShiv"],"picked":"TheCursedMod:ForbiddenAlchemy","floor":41},{"not_picked":["TheCursedMod:WearCloak","TheCursedMod:ReleasedKnowledge"],"picked":"TheCursedMod:Torture+1","floor":42},{"not_picked":["TheCursedMod:SoulCrush+1","TheCursedMod:Evocation"],"picked":"TheCursedMod:SurpriseAttack+1","floor":44}],"player_experience":406956,"relics_obtained":[{"floor":7,"key":"infinitespire:Magic Flask"},{"floor":9,"key":"The Courier"},{"floor":10,"key":"ReplayFunnel"},{"floor":11,"key":"Pear"},{"floor":12,"key":"Odd Mushroom"},{"floor":23,"key":"Bag of Preparation"},{"floor":25,"key":"Matryoshka"},{"floor":26,"key":"Letter Opener"},{"floor":26,"key":"Bottled Flame"},{"floor":27,"key":"Blue Candle"},{"floor":39,"key":"TheCursedMod:SoulVessel"},{"floor":40,"key":"Strawberry"},{"floor":43,"key":"Centennial Puzzle"},{"floor":44,"key":"Incense Burner"}],"event_choices":[{"damage_healed":70,"gold_gain":0,"player_choice":"Upgrade","damage_taken":15,"max_hp_gain":0,"max_hp_loss":75,"event_name":"betterThird:BetterShining","floor":3,"gold_loss":0,"cards_upgraded":["TheCursedMod:Defend_TheCursed","TheCursedMod:Strike_TheCursed"]},{"damage_healed":0,"gold_gain":0,"player_choice":"Fought Mushrooms","damage_taken":0,"max_hp_gain":0,"max_hp_loss":0,"event_name":"Mushrooms","floor":12,"gold_loss":0},{"damage_healed":0,"gold_gain":0,"player_choice":"Memory 1","damage_taken":0,"max_hp_gain":0,"max_hp_loss":0,"event_name":"SensoryStone","floor":36,"gold_loss":0},{"damage_healed":0,"gold_gain":0,"player_choice":"Fight","damage_taken":0,"max_hp_gain":0,"max_hp_loss":0,"event_name":"MindBloom","floor":39,"gold_loss":0},{"damage_healed":0,"gold_gain":0,"player_choice":"Embrace Madness","damage_taken":9,"max_hp_gain":0,"max_hp_loss":0,"event_name":"Winding Halls","floor":46,"gold_loss":0,"cards_obtained":["Madness","Madness"]}],"is_beta":false,"boss_relics":[{"not_picked":["ReplayTheSpireMod:SealedPack","Replay:Bronze Core"],"picked":"ChewingGum"},{"not_picked":["infinitespire:Cupcake","Snecko Heart"],"picked":"Replay:Grab Bag"},{"not_picked":["Sozu","Velvet Choker"],"picked":"Philosopher\u0027s Stone"},{"not_picked":["Abe\u0027s Treasure","Runic Dome"],"picked":"Fusion Hammer"},{"not_picked":["Snecko Eye","Empty Cage"],"picked":"SacredBark"}],"items_purged_floors":[],"is_endless":true,"potions_floor_spawned":[5,10,14,18,20,27,28,31,33,39,41,42,44],"killed_by":"Nightmare_Alpha","ascension_level":1}}