{"host":"i41n6wh529970c2c","time":1610411136,"event":{"mods":["Act Like it!","BaseMod","BetterRewards","Gold Saver","Infinite Spire","Marisa????????","Minty Spire (QoL Compilation)","Replay The Spire","Shop Mod","StSLib"],"gold_per_floor":[1184,1209,786,801,801,826,826,852,929,929,942,1020,1032,396,396,500,600,612,1062,1078,1078,1096,1096,1096,1096,1150,1184,1210,1256,1193,1247,1259,1379,1400,1525,1546,1672,1816,1378,1505,1789,1930,1956,2118,2267,2449,2627,2809,2809,2809,2809],"floor_reached":50,"playtime":9059,"items_purged":["Strike_MRS","Defend_MRS","Strike_MRS","Defend_MRS"],"score":1541,"play_id":"466ca5aa-4340-4ea5-88c7-b367f71eea41","local_time":"20210111192536","is_ascension_mode":true,"campfire_choices":[{"data":"Singularity","floor":7,"key":"SMITH"},{"floor":10,"key":"REST"},{"data":"TreasureHunter","floor":15,"key":"SMITH"},{"data":"MilkyWay","floor":23,"key":"SMITH"},{"data":"PowerUp","floor":32,"key":"SMITH"},{"floor":49,"key":"DIG"}],"circlet_count":0,"master_deck":["Strike_MRS","Strike_MRS","Defend_MRS","MasterSpark","UpSweep","Parasite","Parasite","SporeBomb","GravityBeat","GrandCross","infinitespire:Fortify","Singularity+1","UnstableBomb","AlicesGift","MilkyWay+1","TreasureHunter+1","EventHorizon","ManaRampage+1","Occultation","MilkyWay+1","infinitespire:UltimateForm","Acceleration+1","MagicAbsorber","ShootTheMoon","PowerUp+1","UltimateShortwave+1","CommonCold","MagicChant+1","Dark Shackles","SuperPerseids+1","EscapeVelocity","DeepEcoloBomb+1","Regret","GrandCross+1","NonDirectionalLaser+1","SprinkleStarSeal+1"],"relics":["MiniHakkero","Lantern","ShroomBag","FossilizedHelix","Onion Ring","Omamori","MerchantsRug","Bronze Scales","Smiling Mask","AmplifyWand","Replay:Baseball","Quantum Egg","infinitespire:Joker Card","Replay:Wanted Poster","Happy Flower","Anchor","Pocketwatch","Blood Vial","Mirror","CeramicFish","Replay:Accelerometer","Replay:Arrowhead","Replay:Ancient Bell","Replay:Rubber Ducky","Replay:Bottled Steam","CaptainsWheel","infinitespire:EvilPickle","infinitespire:Satchel","Guide Book","Dream Catcher","Gremlin Food","infinitespire:Beetle Shell","Pantograph","SproutingBranch","Bag of Preparation","Incense Burner","Boot"],"acts_visited":["Exordium","TheCity","TheBeyond"],"potions_floor_usage":[6,22,29,31,33,44,46,46,50,50],"damage_taken":[{"damage":0,"enemies":"Cultist","floor":1,"turns":2},{"damage":0,"enemies":"Small Slimes","floor":4,"turns":2},{"damage":0,"enemies":"3 Sentries","floor":6,"turns":5},{"damage":8,"enemies":"Lagavulin","floor":8,"turns":6},{"damage":0,"enemies":"2 Louse","floor":11,"turns":2},{"damage":0,"enemies":"Gremlin Gang","floor":13,"turns":2},{"damage":0,"enemies":"The Guardian","floor":16,"turns":6},{"damage":1,"enemies":"2 Thieves","floor":18,"turns":2},{"damage":0,"enemies":"Spheric Guardian","floor":20,"turns":1},{"damage":0,"enemies":"Centurion and Healer","floor":22,"turns":4},{"damage":0,"enemies":"Slavers","floor":27,"turns":3},{"damage":0,"enemies":"Cultist and Chosen","floor":28,"turns":3},{"damage":0,"enemies":"Book of Stabbing","floor":29,"turns":2},{"damage":0,"enemies":"Replay:Snechameleon","floor":31,"turns":4},{"damage":3,"enemies":"Pondfish","floor":33,"turns":9},{"damage":0,"enemies":"Orb Walker","floor":35,"turns":2},{"damage":0,"enemies":"3 Darklings","floor":37,"turns":4},{"damage":0,"enemies":"Maw","floor":38,"turns":5},{"damage":0,"enemies":"Nemesis","floor":40,"turns":3},{"damage":0,"enemies":"4 Shapes","floor":42,"turns":3},{"damage":0,"enemies":"R_Hoarder","floor":44,"turns":4},{"damage":0,"enemies":"Writhing Mass","floor":45,"turns":4},{"damage":0,"enemies":"Reptomancer","floor":46,"turns":5},{"damage":0,"enemies":"Maw","floor":47,"turns":4},{"damage":0,"enemies":"Jaw Worm Horde","floor":48,"turns":3},{"damage":124,"enemies":"LordOfAnnihilation","floor":50,"turns":7}],"seed_played":"-8951496833981272055","potions_obtained":[{"floor":4,"key":"AttackPotion"},{"floor":8,"key":"SteroidPotion"},{"floor":11,"key":"Ancient Potion"},{"floor":20,"key":"Regen Potion"},{"floor":29,"key":"Languid Potion"},{"floor":31,"key":"Venom Potion"},{"floor":35,"key":"EssenceOfSteel"},{"floor":38,"key":"AttackPotion"},{"floor":44,"key":"Weak Potion"},{"floor":45,"key":"SkillPotion"},{"floor":46,"key":"Energy Potion"}],"is_trial":false,"path_per_floor":["M","T","$","M","?","E","R","E","T","R","M","?","M","$","R","B",null,"M","?","M","T","M","R","?","AVR","T","E","M","E","?","E","R","B",null,"M","?","M","M","$","E","?","M","T","E","M","E","M","M","R","B"],"character_chosen":"MARISA","items_purchased":["Lantern","ShroomBag","Onion Ring","Omamori","MerchantsRug","GravityBeat","TreasureHunter","Replay:Baseball","Quantum Egg","EventHorizon","infinitespire:Satchel","Guide Book","EscapeVelocity"],"campfire_rested":1,"item_purchase_floors":[0,0,0,3,3,3,14,14,14,14,39,39,39],"current_hp_per_floor":[42,42,42,46,28,32,32,28,28,50,52,52,54,54,54,58,75,74,28,30,30,46,46,46,46,46,52,54,56,56,62,62,65,75,75,75,75,75,75,75,75,75,75,75,75,75,75,75,75,0,0],"gold":2809,"neow_bonus":"","is_daily":false,"chose_seed":false,"campfire_upgraded":4,"win_rate":0.0,"timestamp":1610411136,"path_taken":["M","?","$","M","?","E","R","E","T","R","M","?","M","$","R","BOSS","M","?","?","?","M","R","?","AVR","T","E","M","E","?","E","R","BOSS","M","?","M","M","$","E","?","M","T","E","M","E","M","M","R","BOSS"],"items_purchased_type":["Relic","Relic","Relic","Relic","Relic","Card","Card","Relic","Relic","Card","Relic","Relic","Card"],"build_version":"2020-12-22","purchased_purges":4,"victory":false,"max_hp_per_floor":[75,75,75,75,75,75,75,75,75,75,75,75,75,75,75,75,75,75,75,75,75,75,75,75,75,75,75,75,75,75,75,75,75,75,75,75,75,75,75,75,75,75,75,75,75,75,75,75,75,75,75],"card_choices":[{"not_picked":["AlicesGift","IllusionStar"],"picked":"SporeBomb","floor":1},{"not_picked":["WitchLeyline","BinaryStars"],"picked":"GrandCross","floor":4},{"not_picked":["ReplayTheSpireMod:Black Plague","ReplayTheSpireMod:Echoes of Time"],"picked":"infinitespire:Fortify","floor":5},{"not_picked":["ChargeUpSpray","AlicesGift"],"picked":"Singularity","floor":6},{"not_picked":["OpenUniverse","LuminesStrike"],"picked":"UnstableBomb","floor":8},{"not_picked":["GrandCross","LuminesStrike"],"picked":"AlicesGift","floor":11},{"not_picked":["MachineGunSpark","GalacticHalo"],"picked":"MilkyWay","floor":13},{"not_picked":["TreasureHunter","BlazingStar"],"picked":"ManaRampage","floor":16},{"not_picked":["NonDirectionalLaser","SporeBomb+1","MysteriousBeam"],"picked":"SKIP","floor":18},{"not_picked":["WitchLeyline","OrrerysSun"],"picked":"Occultation","floor":20},{"not_picked":["AsteroidBelt","DC"],"picked":"MilkyWay+1","floor":22},{"not_picked":["OrrerysSun","NonDirectionalLaser"],"picked":"Acceleration+1","floor":27},{"not_picked":["GrandCross","OortCloud"],"picked":"MagicAbsorber","floor":28},{"not_picked":["MilkyWay+1","EnergyRecoil"],"picked":"ShootTheMoon","floor":29},{"not_picked":["GravityBeat+1","AsteroidBelt"],"picked":"PowerUp","floor":31},{"not_picked":["JA","MaximisePower"],"picked":"UltimateShortwave","floor":33},{"not_picked":["Writhe","Overencumbered"],"picked":"Replay:Hysterical Blindness","floor":34},{"not_picked":["AbeCurse","Writhe"],"picked":"CurseOfTheBell","floor":34},{"not_picked":["Decay","Replay:Hysterical Blindness"],"picked":"CommonCold","floor":34},{"not_picked":["ChargeUpSpray","DoubleSpark+1"],"picked":"MagicChant+1","floor":35},{"not_picked":["Trip","ReplayTheSpireMod:Trickstab"],"picked":"Dark Shackles","floor":36},{"not_picked":["WitchLeyline+1","SporeBomb+1","GasGiant+1"],"picked":"SKIP","floor":37},{"not_picked":["OrrerysSun+1","Orbital"],"picked":"SuperPerseids+1","floor":38},{"not_picked":["CasketOfStar","ChargingUp"],"picked":"DeepEcoloBomb+1","floor":40},{"not_picked":["SporeBomb+1","PowerUp"],"picked":"GrandCross+1","floor":42},{"not_picked":["LuminesStrike+1","GravityBeat+1"],"picked":"NonDirectionalLaser+1","floor":44},{"not_picked":["6A+1","IllusionStar","OpenUniverse+1"],"picked":"SKIP","floor":45},{"not_picked":["6A+1","DarkMatter","GalacticHalo+1"],"picked":"SKIP","floor":46},{"not_picked":["MysteriousBeam+1","UnstableBomb"],"picked":"SprinkleStarSeal+1","floor":47},{"not_picked":["StarBarrage+1","PowerUp","LuminesStrike"],"picked":"SKIP","floor":48}],"player_experience":762662,"relics_obtained":[{"floor":6,"key":"Bronze Scales"},{"floor":8,"key":"Smiling Mask"},{"floor":9,"key":"AmplifyWand"},{"floor":16,"key":"infinitespire:Joker Card"},{"floor":21,"key":"Happy Flower"},{"floor":26,"key":"Anchor"},{"floor":27,"key":"MawBank"},{"floor":27,"key":"Pocketwatch"},{"floor":29,"key":"Blood Vial"},{"floor":29,"key":"Mirror"},{"floor":31,"key":"CeramicFish"},{"floor":31,"key":"Replay:Accelerometer"},{"floor":33,"key":"Replay:Arrowhead"},{"floor":40,"key":"Dream Catcher"},{"floor":40,"key":"Gremlin Food"},{"floor":43,"key":"infinitespire:Beetle Shell"},{"floor":44,"key":"Pantograph"},{"floor":44,"key":"SproutingBranch"},{"floor":46,"key":"Bag of Preparation"},{"floor":46,"key":"Incense Burner"},{"floor":49,"key":"Boot"}],"event_choices":[{"damage_healed":0,"gold_gain":78,"player_choice":"Gained Gold","damage_taken":0,"max_hp_gain":0,"max_hp_loss":0,"event_name":"Golden Wing","floor":12,"gold_loss":0},{"damage_healed":0,"gold_gain":450,"player_choice":"GOLD GOLD GOLD GOLD GOLD ","damage_taken":46,"max_hp_gain":0,"max_hp_loss":0,"event_name":"Knowing Skull","floor":19,"potions_obtained":[],"gold_loss":0,"cards_obtained":[]},{"cards_removed":["Defend_MRS"],"damage_healed":0,"gold_gain":0,"player_choice":"Gave Gold","damage_taken":0,"max_hp_gain":0,"max_hp_loss":0,"event_name":"Beggar","floor":30,"gold_loss":75},{"damage_healed":0,"gold_gain":0,"player_choice":"Memory 1","damage_taken":0,"max_hp_gain":0,"max_hp_loss":0,"event_name":"SensoryStone","floor":36,"gold_loss":0},{"damage_healed":0,"gold_gain":275,"player_choice":"Desecrate","damage_taken":0,"max_hp_gain":0,"max_hp_loss":0,"event_name":"Golden Shrine","floor":41,"gold_loss":0,"cards_obtained":["Regret"]}],"is_beta":false,"boss_relics":[{"not_picked":["Velvet Choker","Pandora\u0027s Box"],"picked":"Replay:Wanted Poster"},{"not_picked":["Painkiller Herb","Kintsugi"],"picked":"Replay:Ancient Bell"},{"not_picked":["Art of War","Pen Nib"],"picked":"Replay:Rubber Ducky"},{"not_picked":["Singing Bowl","Letter Opener"],"picked":"Replay:Bottled Steam"},{"not_picked":["Torii","Unceasing Top"],"picked":"CaptainsWheel"}],"items_purged_floors":[0,3,14,39],"is_endless":false,"potions_floor_spawned":[4,8,11,20,29,31,35,38,44,45,46],"killed_by":"LordOfAnnihilation","ascension_level":1}}