{"host":"rmbuwlawxck4c8ol","time":1610494658,"event":{"mods":["AchievementEnabler","Aspiration","BaseMod","Better Altar","Better Match","Better Note","Better Sensory Stone","Better Skull","Better Third Choice","BetterRewards","CCEM","Clawfect","Conspire","Downfall","GifTheSpireLib","Halation","Hermit","Highlight Path","Hubris","Hunter ??","Infinite Spire","Mad Scientist","Marisa????????","Mimic Mod","Minty Spire (QoL Compilation)","Permanent Neow","Replay The Spire","Shade Mod","Shop Mod","Spicy Shops","StSLib","Stuff the Spire","The Administrix","The Blackbeard","The Bug Knight","The Construct","The Cursed","The Disciple","The Jungle","The Mystic","The Necromancer","The Problem Sleuth","The Runesmith","The Spell Scribe","Unceasing Turn Reminder","[IsaacMod]????","everything is the same but u backflip on backflip"],"gold_per_floor":[112,129,129,129,63,95,95,95,95,95,107,119,119,47,47,147,147,166,10,10,10,10],"floor_reached":21,"language":"ENG","playtime":1566,"items_purged":[],"score":225,"play_id":"d902cd20-d15a-40b5-8be1-aebc04e4b801","local_time":"20210112233738","is_ascension_mode":false,"campfire_choices":[{"data":"Runesmith:Grindstone","floor":7,"key":"SMITH"},{"data":"Runesmith:CraftFirestone","floor":10,"key":"SMITH"},{"data":"Runesmith:ChargedHammer","floor":13,"key":"SMITH"},{"floor":15,"key":"REST"}],"circlet_count":0,"master_deck":["Runesmith:Strike_RS","Runesmith:Strike_RS+1","Runesmith:Strike_RS","Runesmith:Strike_RS","Runesmith:Defend_RS","Runesmith:Defend_RS","Runesmith:Defend_RS","Runesmith:CraftFirestone+1","Runesmith:Fortify+1","Runesmith:CraftProtectio","Runesmith:Grindstone+1","Runesmith:GoWithTheFlow","Bomb","Runesmith:ChargedHammer+1","Runesmith:CraftMedicinae","theScribe:AmplifyingSpellstone"],"relics":["Runesmith:BrokenRuby","HushsDoor","aspiration:Nostalgia","champ:ChampionCrown","hubris:BottledRain","infinitespire:FocusingShard","Toolbox","aspiration:ScribeSkillbook","hubris:EmptyBottle","Nloth\u0027s Gift"],"acts_visited":["Exordium","TheCity"],"potions_floor_usage":[16],"damage_taken":[{"damage":4,"enemies":"2 Louse","floor":1,"turns":2},{"damage":5,"enemies":"Small Slimes","floor":2,"turns":3},{"damage":0,"enemies":"HollowMod:MossKnight","floor":6,"turns":12},{"damage":3,"enemies":"Jaw Worm","floor":11,"turns":2},{"damage":0,"enemies":"Looter","floor":12,"turns":3},{"damage":34,"enemies":"Hexaghost","floor":16,"turns":11},{"damage":54,"enemies":"conspire:FuzzyDice","floor":18,"turns":5},{"damage":18,"enemies":"Shell Parasite","floor":21,"turns":5}],"seed_played":"5261646643657343454","potions_obtained":[{"floor":6,"key":"Explosive Potion"},{"floor":11,"key":"Doom Potion"},{"floor":12,"key":"Block Potion"}],"is_trial":false,"path_per_floor":["M","M","?","?","$","E","R","?","T","R","M","M","R","$","R","B",null,"M","$","?","M"],"character_chosen":"RUNESMITH_CLASS","items_purchased":["Runesmith:Grindstone","Toolbox","hubris:EmptyBottle"],"campfire_rested":1,"item_purchase_floors":[5,14,19],"current_hp_per_floor":[66,61,47,47,47,47,47,47,47,47,44,44,44,44,65,31,70,16,16,16,0,0],"gold":10,"neow_bonus":"NOSTALGIA","is_daily":false,"chose_seed":false,"campfire_upgraded":3,"win_rate":0.0,"timestamp":1610494658,"path_taken":["M","M","?","?","$","E","R","?","T","R","M","M","R","$","R","BOSS","M","$","?","M"],"items_purchased_type":["Card","Relic","Relic"],"build_version":"2020-12-22","purchased_purges":0,"victory":false,"max_hp_per_floor":[70,70,70,70,70,70,70,70,70,70,70,70,70,70,70,70,70,70,70,70,70,70],"card_choices":[{"not_picked":["Runesmith:HammerThrow","Runesmith:HeatedChisel"],"picked":"Runesmith:CraftProtectio","floor":1},{"not_picked":["Runesmith:Repurpose","Bomb","Runesmith:ShiftingStrike"],"picked":"SKIP","floor":2},{"not_picked":["Runesmith:HeatExchange","Runesmith:Repurpose"],"picked":"Runesmith:GoWithTheFlow","floor":6},{"not_picked":["Runesmith:Terraform","Runesmith:MakeshiftArmor","Runesmith:ShiftingStrike"],"picked":"SKIP","floor":11},{"not_picked":["Runesmith:CraftProtectio","Runesmith:UnstableHammer"],"picked":"Runesmith:ChargedHammer","floor":12},{"not_picked":["Runesmith:DuctTape","Runesmith:Supernova"],"picked":"Runesmith:CraftMedicinae","floor":16},{"not_picked":["theScribe:Focused","Runesmith:RunicBlueprint","Runesmith:StaticCage"],"picked":"theScribe:AmplifyingSpellstone","floor":18}],"player_experience":210352,"relics_obtained":[{"floor":6,"key":"hubris:BottledRain"},{"floor":9,"key":"infinitespire:FocusingShard"}],"event_choices":[{"damage_healed":61,"gold_gain":0,"player_choice":"Upgrade","damage_taken":14,"max_hp_gain":0,"max_hp_loss":70,"event_name":"betterThird:BetterShining","floor":3,"gold_loss":0,"cards_upgraded":["Runesmith:Strike_RS","Runesmith:Defend_RS"]},{"damage_healed":0,"gold_gain":0,"player_choice":"Grow","damage_taken":0,"max_hp_gain":0,"max_hp_loss":0,"event_name":"Living Wall","floor":4,"gold_loss":0,"cards_upgraded":["Runesmith:Fortify"]},{"damage_healed":0,"gold_gain":0,"player_choice":"Traded Relic","damage_taken":0,"relics_obtained":["Nloth\u0027s Gift"],"max_hp_gain":0,"max_hp_loss":0,"event_name":"N\u0027loth","floor":20,"relics_lost":["BookOfRevelations"],"gold_loss":0}],"is_beta":false,"boss_relics":[{"not_picked":["halation:Yufonium","hubris:VirtuousBlindfold"],"picked":"aspiration:ScribeSkillbook"},{"not_picked":[]}],"items_purged_floors":[],"is_endless":false,"potions_floor_spawned":[6,11,12],"killed_by":"Shell Parasite","ascension_level":0}}