{"host":"sdjng9zhqonqi3uc","time":1610454358,"event":{"mods":["2.2 Compatiblity","AchievementEnabler","BaseMod","BetterRewards","Colored Powertips","Hero for Fun","Minty Spire (QoL Compilation)","Shop Mod","StSLib","Td1madao Mod","The Animator","The Cursed","The Servant 0.9.4"],"gold_per_floor":[115,115,115,130,80,80,112,112,166,181,206,206,234,251,251,356,356,366,192,291,291,305,305,315,315,315,341,341,353,382,24,24,129,129,141,157,157,172,19,35,35,35],"floor_reached":41,"playtime":1690,"items_purged":[],"score":429,"play_id":"ac37235c-5556-46b3-b5f8-f6b25890d53a","local_time":"20210112132558","is_ascension_mode":false,"campfire_choices":[{"data":"Chaos","floor":6,"key":"SMITH"},{"floor":8,"key":"REST"},{"data":"Storm","floor":15,"key":"SMITH"},{"floor":23,"key":"RECALL"},{"data":"Defragment","floor":25,"key":"SMITH"},{"data":"Amplify","floor":32,"key":"SMITH"}],"circlet_count":0,"master_deck":["Strike_B","Defend_B+1","Defend_B","Defend_B","Zap+1","Dualcast","Chaos+1","Static Discharge","White Noise+1","Amplify+1","Storm+1","Thunder Strike","Defragment+1","Tempest","Doom and Gloom+1","Heatsinks","Rainbow","Chaos+1"],"relics":["Cracked Core","Omamori","CaptainsWheel","Blood Vial","Eternal Feather","Regal Pillow","PreservedInsect","TungstenRod","Snecko Eye","MerchantsRug","Bottled Flame","DataDisk","Sundial","Inserter","Lee\u0027s Waffle"],"acts_visited":["Exordium","TheCity","TheBeyond"],"potions_floor_usage":[7,7,33,35,36,41],"damage_taken":[{"damage":6,"enemies":"2 Louse","floor":1,"turns":2},{"damage":2,"enemies":"Small Slimes","floor":4,"turns":3},{"damage":18,"enemies":"3 Sentries","floor":7,"turns":8},{"damage":0,"enemies":"Cultist","floor":10,"turns":4},{"damage":3,"enemies":"Lagavulin","floor":11,"turns":6},{"damage":19,"enemies":"3 Sentries","floor":13,"turns":3},{"damage":12,"enemies":"2 Fungi Beasts","floor":14,"turns":3},{"damage":24,"enemies":"The Guardian","floor":16,"turns":8},{"damage":9,"enemies":"Spheric Guardian","floor":18,"turns":3},{"damage":0,"enemies":"Chosen","floor":22,"turns":4},{"damage":8,"enemies":"Sentry and Sphere","floor":24,"turns":4},{"damage":10,"enemies":"Gremlin Leader","floor":27,"turns":3},{"damage":9,"enemies":"Snecko","floor":30,"turns":3},{"damage":30,"enemies":"Automaton","floor":33,"turns":4},{"damage":25,"enemies":"3 Darklings","floor":35,"turns":5},{"damage":21,"enemies":"3 Shapes","floor":36,"turns":4},{"damage":34,"enemies":"Jaw Worm Horde","floor":38,"turns":2},{"damage":43,"enemies":"Maw","floor":40,"turns":4},{"damage":52,"enemies":"Reptomancer","floor":41,"turns":2}],"seed_played":"-6902089157588304002","potions_obtained":[{"floor":1,"key":"SkillPotion"},{"floor":4,"key":"Swift Potion"},{"floor":16,"key":"AttackPotion"},{"floor":18,"key":"FocusPotion"},{"floor":27,"key":"FearPotion"},{"floor":33,"key":"EssenceOfSteel"},{"floor":40,"key":"SpeedPotion"}],"is_trial":false,"path_per_floor":["M","?","?","M","?","R","E","R","T","M","E","?","E","M","R","B",null,"M","$","?","?","M","R","M","R","T","E","?","?","M","$","R","B",null,"M","M","?","M","$","M","E"],"character_chosen":"DEFECT","items_purchased":["Omamori","Blood Vial","Eternal Feather","MerchantsRug","Defragment","DataDisk","Sundial","Lee\u0027s Waffle"],"campfire_rested":1,"item_purchase_floors":[0,0,0,19,19,31,31,39],"current_hp_per_floor":[36,29,22,22,22,25,9,52,52,54,53,53,43,33,39,17,82,73,73,73,73,75,82,74,82,82,72,72,72,65,65,74,46,82,57,38,38,6,89,46,0,0],"gold":35,"neow_bonus":"","is_daily":false,"chose_seed":false,"campfire_upgraded":4,"win_rate":0.0,"timestamp":1610454358,"path_taken":["M","?","?","M","?","R","E","R","T","M","E","?","E","M","R","BOSS","M","$","?","?","M","R","?","R","T","E","?","?","M","$","R","BOSS","M","M","?","M","$","M","E"],"items_purchased_type":["Relic","Relic","Relic","Relic","Card","Relic","Relic","Relic"],"build_version":"2020-12-22","purchased_purges":0,"victory":false,"max_hp_per_floor":[75,75,75,75,75,75,75,75,75,75,75,75,82,82,82,82,82,82,82,82,82,82,82,82,82,82,82,82,82,82,82,82,82,82,82,82,82,82,89,89,89,89],"card_choices":[{"not_picked":["Compile Driver","Coolheaded","Genetic Algorithm"],"picked":"SKIP","floor":1},{"not_picked":["Redo","Hologram"],"picked":"Chaos","floor":4},{"not_picked":["Stack","Gash"],"picked":"Static Discharge","floor":7},{"not_picked":["Compile Driver","Sweeping Beam"],"picked":"White Noise","floor":10},{"not_picked":["Skim","Hologram"],"picked":"Amplify","floor":11},{"not_picked":["Turbo","Genetic Algorithm"],"picked":"Storm","floor":13},{"not_picked":["Chill","Gash","Go for the Eyes"],"picked":"SKIP","floor":14},{"not_picked":["Multi-Cast","Hyperbeam"],"picked":"Thunder Strike","floor":16},{"not_picked":["Streamline","Gash","FTL"],"picked":"SKIP","floor":18},{"not_picked":["Gash","Leap"],"picked":"Tempest","floor":22},{"not_picked":["Coolheaded","Hologram+1"],"picked":"Doom and Gloom+1","floor":24},{"not_picked":["Stack","Doom and Gloom","Streamline"],"picked":"SKIP","floor":27},{"not_picked":["Reinforced Body","Cold Snap"],"picked":"Heatsinks","floor":30},{"not_picked":["Hyperbeam","Reboot"],"picked":"Rainbow","floor":33},{"not_picked":["Streamline+1","Recycle","Steam"],"picked":"SKIP","floor":35},{"not_picked":["Compile Driver","Gash+1","Streamline"],"picked":"SKIP","floor":36},{"not_picked":["Steam Power+1","Compile Driver"],"picked":"Chaos+1","floor":38},{"not_picked":["Beam Cell+1","Sweeping Beam+1","Recycle+1"],"picked":"SKIP","floor":40}],"player_experience":310174,"relics_obtained":[{"floor":7,"key":"Regal Pillow"},{"floor":9,"key":"PreservedInsect"},{"floor":11,"key":"TungstenRod"},{"floor":13,"key":"Strawberry"},{"floor":27,"key":"Bottled Flame"}],"event_choices":[{"cards_removed":["Strike_B"],"damage_healed":0,"gold_gain":0,"player_choice":"Card Removal","damage_taken":7,"max_hp_gain":0,"max_hp_loss":0,"event_name":"Golden Wing","floor":2,"gold_loss":0},{"damage_healed":0,"gold_gain":0,"player_choice":"Success","damage_taken":7,"relics_obtained":["War Paint"],"max_hp_gain":0,"max_hp_loss":0,"event_name":"Scrap Ooze","floor":3,"gold_loss":0},{"cards_removed":["Strike_B"],"damage_healed":0,"gold_gain":0,"player_choice":"Card Removal","damage_taken":0,"max_hp_gain":0,"max_hp_loss":0,"event_name":"The Cleric","floor":5,"gold_loss":50},{"damage_healed":0,"gold_gain":0,"player_choice":"Grow","damage_taken":0,"max_hp_gain":0,"max_hp_loss":0,"event_name":"Living Wall","floor":12,"gold_loss":0,"cards_upgraded":["White Noise"]},{"damage_healed":0,"gold_gain":99,"player_choice":"Stole From Cult","damage_taken":0,"max_hp_gain":0,"max_hp_loss":0,"event_name":"Nest","floor":20,"gold_loss":0},{"cards_removed":["Defend_B"],"damage_healed":0,"gold_gain":0,"player_choice":"Offered Basic","damage_taken":0,"max_hp_gain":0,"max_hp_loss":0,"event_name":"Bonfire Elementals","floor":21,"gold_loss":0},{"damage_healed":0,"gold_gain":0,"player_choice":"Stole Relic","damage_taken":0,"relics_obtained":["MawBank"],"max_hp_gain":0,"max_hp_loss":0,"event_name":"Addict","floor":28,"gold_loss":0,"cards_obtained":["Shame"]},{"cards_removed":["Strike_B"],"damage_healed":0,"gold_gain":0,"player_choice":"Elegance","damage_taken":0,"max_hp_gain":0,"max_hp_loss":0,"event_name":"Back to Basics","floor":29,"gold_loss":0},{"damage_healed":0,"gold_gain":0,"player_choice":"Ignored","damage_taken":0,"max_hp_gain":0,"max_hp_loss":0,"event_name":"NoteForYourself","floor":37,"gold_loss":0}],"is_beta":false,"boss_relics":[{"not_picked":["Ectoplasm","Coffee Dripper"],"picked":"Snecko Eye"},{"not_picked":["Empty Cage","Pandora\u0027s Box"],"picked":"Inserter"}],"items_purged_floors":[],"is_endless":false,"potions_floor_spawned":[1,4,16,18,27,33,40],"killed_by":"Reptomancer","ascension_level":0}}