{"host":"t9zjxed0utvsfjwc","time":1610455567,"event":{"mods":["2.2 Compatiblity","Aspiration","BaseMod","Block Reminder","Colored Map","Colored Powertips","Highlight Path","Hubris","Infinite Spire","Minty Spire (QoL Compilation)","Quick Restart","Replay The Spire","StSLib","The Marked","Unceasing Turn Reminder","everything is the same but u backflip on backflip"],"gold_per_floor":[12,23,23,23,34,67,78,107,107,127,138,138,138,63,63,63,63],"floor_reached":16,"playtime":773,"items_purged":["theMarked:Strike"],"score":112,"play_id":"aef1e0a4-dc9b-4b15-8f5e-5da89783a609","local_time":"20210112124607","is_ascension_mode":false,"campfire_choices":[{"data":"theMarked:CreepingChasm","floor":13,"key":"SMITH"},{"data":"theMarked:SuspiciousRaven","floor":15,"key":"SMITH"}],"circlet_count":0,"master_deck":["theMarked:Strike","theMarked:Strike","theMarked:Strike","theMarked:Defend","theMarked:Defend","theMarked:Defend","theMarked:SoldierOfQuellstein","theMarked:SuspiciousRaven+1","theMarked:CreepingChasm+1"],"relics":["theMarked:ArtifactOfAir","theMarked:Gun","Strawberry","Golden Egg","theMarked:NailFile"],"acts_visited":["Exordium"],"potions_floor_usage":[8,8,16],"damage_taken":[{"damage":0,"enemies":"2 Louse","floor":1,"turns":3},{"damage":0,"enemies":"Cultist","floor":2,"turns":3},{"damage":0,"enemies":"Jaw Worm","floor":5,"turns":2},{"damage":25,"enemies":"3 Sentries","floor":6,"turns":6},{"damage":3,"enemies":"Exordium Thugs","floor":7,"turns":3},{"damage":25,"enemies":"Gremlin Nob","floor":8,"turns":4},{"damage":2,"enemies":"Blue Slaver","floor":10,"turns":3},{"damage":11,"enemies":"Large Slime","floor":11,"turns":4},{"damage":8,"enemies":"Hexaghost","floor":16,"turns":6}],"seed_played":"4277100397595864709","potions_obtained":[{"floor":5,"key":"Milkshake"},{"floor":7,"key":"Regen Potion"},{"floor":8,"key":"FearPotion"}],"is_trial":false,"path_per_floor":["M","M","?","?","M","E","M","E","T","M","M","$","R","$","R","B"],"character_chosen":"THE_DEFAULT","items_purchased":["theMarked:NailFile"],"campfire_rested":0,"item_purchase_floors":[12],"current_hp_per_floor":[70,70,70,70,70,45,42,36,36,34,23,8,8,8,8,0,0],"gold":63,"neow_bonus":"THREE_RARE_CARDS","is_daily":false,"chose_seed":false,"campfire_upgraded":2,"win_rate":0.0,"timestamp":1610455567,"path_taken":["M","M","?","?","?","E","M","E","T","M","M","?","R","$","R","BOSS"],"items_purchased_type":["Relic"],"build_version":"2020-12-22","purchased_purges":1,"victory":false,"max_hp_per_floor":[70,70,70,70,70,70,70,77,77,77,77,77,77,77,77,77,77],"card_choices":[{"not_picked":["theMarked:DispelDoubt","theMarked:Defy"],"picked":"theMarked:SuspiciousRaven","floor":0},{"not_picked":["theMarked:Parkour","theMarked:Polarize","theMarked:GodGivenPower"],"picked":"SKIP","floor":1},{"not_picked":["theMarked:ResourceFulStrike","theMarked:SwordAndMagic","theMarked:Static"],"picked":"SKIP","floor":2},{"not_picked":["theMarked:SwordAndMagic","theMarked:ResourceFulStrike","theMarked:HeightenedSenses"],"picked":"SKIP","floor":5},{"not_picked":["theMarked:Static","theMarked:RepellingDischarge","theMarked:DeterminationOfTheMarked"],"picked":"SKIP","floor":6},{"not_picked":["theMarked:BanishingStrike","theMarked:Opportunist","theMarked:Seal"],"picked":"SKIP","floor":7},{"not_picked":["theMarked:RepellingDischarge","theMarked:ElementalBlade","theMarked:Static"],"picked":"SKIP","floor":8},{"not_picked":["theMarked:BanishingStrike","theMarked:RepellingDischarge","theMarked:WastefulDefense"],"picked":"SKIP","floor":10},{"not_picked":["theMarked:EmpowerWeapon","theMarked:ElectricStrings"],"picked":"theMarked:CreepingChasm","floor":11}],"player_experience":266607,"relics_obtained":[{"floor":6,"key":"theMarked:Gun"},{"floor":8,"key":"Strawberry"},{"floor":9,"key":"Golden Egg"}],"event_choices":[{"cards_removed":["theMarked:Strike"],"damage_healed":0,"gold_gain":0,"player_choice":"Purged","damage_taken":0,"max_hp_gain":0,"max_hp_loss":0,"event_name":"Purifier","floor":4,"gold_loss":0}],"is_beta":false,"boss_relics":[],"items_purged_floors":[14],"is_endless":false,"potions_floor_spawned":[5,7,8],"killed_by":"Hexaghost","ascension_level":0}}