{"host":"zekcc3vicrep0och","time":1610441700,"event":{"mods":["AchievementEnabler","BaseMod","Colored Map","Colored Powertips","Displayed Cursed Tome","Highlight Path","Minty Spire (QoL Compilation)","Quick Restart","Relic Stats","StSLib","The Cursed"],"gold_per_floor":[113,60,60,78,89,89,116,116,116,135,145,173,173,202,202,277,277,288,3,18,18,18],"floor_reached":21,"playtime":689,"items_purged":[],"score":378,"play_id":"6b9b0774-21b4-4675-a42a-f411384d9d96","local_time":"20210112115500","is_ascension_mode":true,"campfire_choices":[{"data":"Armaments","floor":6.0,"key":"SMITH"},{"data":"Uppercut","floor":8.0,"key":"SMITH"},{"data":"Inflame","floor":13.0,"key":"SMITH"},{"data":"Rage","floor":15.0,"key":"SMITH"}],"circlet_count":0,"master_deck":["AscendersBane","Strike_R","Strike_R","Strike_R","Strike_R","Strike_R","Defend_R","Defend_R","Defend_R","Defend_R","Bash","Armaments+1","Uppercut+1","Perfected Strike","Inflame+1","Twin Strike","Dropkick","Rage+1","Immolate","Sword Boomerang+1","Metallicize","Headbutt+1"],"relics":["Burning Blood","Pear","Sundial","Art of War","Bird Faced Urn","SlaversCollar","Akabeko"],"acts_visited":["Exordium","TheCity"],"potions_floor_usage":[],"damage_taken":[{"damage":1.0,"enemies":"Cultist","floor":1.0,"turns":3.0},{"damage":4.0,"enemies":"2 Louse","floor":4.0,"turns":3.0},{"damage":7.0,"enemies":"Jaw Worm","floor":5.0,"turns":3.0},{"damage":3.0,"enemies":"Gremlin Nob","floor":7.0,"turns":3.0},{"damage":2.0,"enemies":"Large Slime","floor":10.0,"turns":7.0},{"damage":4.0,"enemies":"Blue Slaver","floor":11.0,"turns":5.0},{"damage":17.0,"enemies":"Lagavulin","floor":12.0,"turns":5.0},{"damage":6.0,"enemies":"Gremlin Nob","floor":14.0,"turns":3.0},{"damage":25.0,"enemies":"Slime Boss","floor":16.0,"turns":6.0},{"damage":36.0,"enemies":"2 Thieves","floor":18.0,"turns":4.0},{"damage":42.0,"enemies":"3 Byrds","floor":20.0,"turns":6.0},{"damage":27,"enemies":"Snake Plant","floor":21,"turns":2}],"seed_played":"-3352423065293867266","potions_obtained":[{"floor":1.0,"key":"AttackPotion"},{"floor":3.0,"key":"DistilledChaos"}],"is_trial":false,"path_per_floor":["M","$","?","M","M","R","E","R","T","M","M","E","R","E","R","B",null,"M","$","M","M"],"character_chosen":"IRONCLAD","items_purchased":["Armaments","Metallicize","Akabeko","Ancient Potion"],"campfire_rested":0,"item_purchase_floors":[2,19,19,19],"current_hp_per_floor":[80,80,80,82,81,81,92,92,92,92,92,81,81,81,81,64,85,55,55,21,0,0],"gold":18,"neow_bonus":"TEN_PERCENT_HP_BONUS","is_daily":false,"chose_seed":false,"campfire_upgraded":4,"win_rate":0.0,"timestamp":1610441700,"path_taken":["M","?","?","M","M","R","E","R","T","M","M","E","R","E","R","BOSS","M","$","?","M"],"items_purchased_type":["Card","Card","Relic","Potion"],"build_version":"2020-12-22","purchased_purges":0,"victory":false,"max_hp_per_floor":[82,82,82,82,82,82,92,92,92,92,92,92,92,92,92,92,92,92,92,92,92,92],"relic_stats":{"counters":[12,50],"Sundial":[4],"Bird Faced Urn":[4],"Art of War":[0],"obtain_stats":[{"SlaversCollar":17,"Pear":7,"Sundial":9,"Bird Faced Urn":14,"Art of War":12,"Burning Blood":0,"Akabeko":19},{"SlaversCollar":9,"Pear":4,"Sundial":4,"Bird Faced Urn":8,"Art of War":7,"Burning Blood":0,"Akabeko":10},{"SlaversCollar":38,"Pear":12,"Sundial":12,"Bird Faced Urn":32,"Art of War":29,"Burning Blood":0,"Akabeko":42}],"Burning Blood":58},"card_choices":[{"not_picked":["Sentinel","True Grit","Feel No Pain"],"picked":"SKIP","floor":1.0},{"not_picked":["Rampage","Iron Wave"],"picked":"Uppercut","floor":4.0},{"not_picked":["Body Slam","Warcry","Heavy Blade"],"picked":"SKIP","floor":5.0},{"not_picked":["Thunderclap","Dark Embrace"],"picked":"Perfected Strike","floor":7.0},{"not_picked":["True Grit","Heavy Blade"],"picked":"Inflame","floor":10.0},{"not_picked":["Dual Wield","Reaper"],"picked":"Twin Strike","floor":11.0},{"not_picked":["Uppercut","Infernal Blade"],"picked":"Dropkick","floor":12.0},{"not_picked":["Shrug It Off","Fire Breathing"],"picked":"Rage","floor":14.0},{"not_picked":["Reaper","Fiend Fire"],"picked":"Immolate","floor":16.0},{"not_picked":["Pommel Strike","Twin Strike"],"picked":"Sword Boomerang+1","floor":18.0},{"not_picked":["Battle Trance","Clash"],"picked":"Headbutt+1","floor":20.0}],"player_experience":513715,"relics_obtained":[{"floor":7.0,"key":"Pear"},{"floor":9.0,"key":"Sundial"},{"floor":12.0,"key":"Art of War"},{"floor":14.0,"key":"Bird Faced Urn"}],"event_choices":[{"damage_healed":0.0,"max_hp_gain":0.0,"max_hp_loss":0.0,"gold_gain":0.0,"event_name":"Lab","player_choice":"Got Potions","floor":3.0,"gold_loss":0.0,"damage_taken":0.0}],"is_beta":false,"boss_relics":[{"not_picked":["Mark of Pain","Sozu"],"picked":"SlaversCollar"}],"items_purged_floors":[],"is_endless":false,"potions_floor_spawned":[1,5],"killed_by":"Snake Plant","ascension_level":18}}