{"host":"hve1dyh1ly81yl9f","time":1610460933,"event":{"mods":["BaseMod","Colored Map","DeckTracker","Highlight Path","Keyboard Shortcuts","Minty Spire (QoL Compilation)","Permanent Neow","Quick Restart","StSLib","SuperFastMode"],"gold_per_floor":[364,383,402,422,143,172,188,200,252,252,252],"floor_reached":10,"playtime":331,"items_purged":[],"score":101,"play_id":"b05ea9b0-98ec-49c4-8974-4d1601681d1f","local_time":"20210112231533","is_ascension_mode":true,"campfire_choices":[],"circlet_count":0,"master_deck":["Strike_R","Strike_R","Strike_R","Strike_R","Strike_R","Defend_R","Defend_R","Defend_R","Defend_R","Bash","Perfected Strike","Headbutt","Wild Strike","Battle Trance"],"relics":["Burning Blood","Pear","Art of War","Anchor"],"acts_visited":["Exordium"],"potions_floor_usage":[9],"damage_taken":[{"damage":19.0,"enemies":"Jaw Worm","floor":1.0,"turns":3.0},{"damage":6.0,"enemies":"2 Louse","floor":2.0,"turns":3.0},{"damage":6.0,"enemies":"Cultist","floor":3.0,"turns":3.0},{"damage":27,"enemies":"Large Slime","floor":4,"turns":6},{"damage":24,"enemies":"Gremlin Nob","floor":6,"turns":4},{"damage":16,"enemies":"Blue Slaver","floor":7,"turns":3},{"damage":11,"enemies":"Looter","floor":8,"turns":2},{"damage":20,"enemies":"Lagavulin","floor":10,"turns":3}],"seed_played":"-129201125919596463","potions_obtained":[{"floor":4,"key":"ElixirPotion"},{"floor":8,"key":"Fruit Juice"}],"is_trial":false,"path_per_floor":["M","M","M","M","$","E","M","M","T","E"],"character_chosen":"IRONCLAD","items_purchased":["Wild Strike","Pear"],"campfire_rested":0,"item_purchase_floors":[5,5],"current_hp_per_floor":[59,59,59,38,48,30,20,15,20,0,0],"gold":252,"neow_bonus":"TWO_FIFTY_GOLD","is_daily":false,"chose_seed":false,"campfire_upgraded":0,"win_rate":0.0,"timestamp":1610460933,"path_taken":["M","M","M","M","$","E","M","M","T","E"],"items_purchased_type":["Card","Relic"],"build_version":"2020-12-22","purchased_purges":0,"victory":false,"max_hp_per_floor":[72,72,72,72,82,82,82,82,87,87,87],"card_choices":[{"not_picked":["Havoc","Clothesline","Clash"],"picked":"SKIP","floor":1.0},{"not_picked":["Evolve","Wild Strike"],"picked":"Perfected Strike","floor":2.0},{"not_picked":["Seeing Red","Ghostly Armor","Cleave"],"picked":"SKIP","floor":3.0},{"not_picked":["Anger","Power Through"],"picked":"Headbutt","floor":4},{"not_picked":["Barricade","Searing Blow","Iron Wave"],"picked":"SKIP","floor":6},{"not_picked":["Body Slam","Clothesline","Havoc"],"picked":"SKIP","floor":7},{"not_picked":["Shockwave","Heavy Blade"],"picked":"Battle Trance","floor":8}],"player_experience":312087,"relics_obtained":[{"floor":6,"key":"Art of War"},{"floor":9,"key":"Anchor"}],"event_choices":[],"is_beta":false,"boss_relics":[],"items_purged_floors":[],"is_endless":false,"potions_floor_spawned":[4,8],"killed_by":"Lagavulin","ascension_level":8}}