{"host":"sav7uxregyirlf69","time":1610449635,"event":{"mods":["AchievementEnabler","BaseMod","Colored Map","DeckTracker","Keyboard Shortcuts","Minty Spire (QoL Compilation)","READ ME - Guardian Mod","StSLib","SuperFastMode"],"gold_per_floor":[17,17,32,48,58,84,84,95,120,120,137,137,62,62,62,62,62],"floor_reached":16,"playtime":220,"items_purged":["Strike_R"],"score":204,"play_id":"72d75a9a-24b0-4289-a6e0-fd206a631e71","local_time":"20210112200715","is_ascension_mode":true,"campfire_choices":[{"data":"Evolve","floor":7,"key":"SMITH"},{"data":"Rupture","floor":12,"key":"SMITH"},{"data":"Fire Breathing","floor":15,"key":"SMITH"}],"circlet_count":0,"master_deck":["AscendersBane","Strike_R","Strike_R","Defend_R","Defend_R","Defend_R","Bash","Shockwave","Dual Wield","Hemokinesis+1","Evolve+1","Rage","Fire Breathing+1","Rupture+1","Wild Strike"],"relics":["Burning Blood","Pear","MealTicket","Mercury Hourglass"],"acts_visited":["Exordium"],"potions_floor_usage":[6,16,16],"damage_taken":[{"damage":16,"enemies":"Jaw Worm","floor":1,"turns":4},{"damage":3,"enemies":"2 Louse","floor":3,"turns":2},{"damage":2,"enemies":"Cultist","floor":4,"turns":2},{"damage":10,"enemies":"Blue Slaver","floor":5,"turns":2},{"damage":26,"enemies":"Lagavulin","floor":6,"turns":7},{"damage":23,"enemies":"Exordium Wildlife","floor":8,"turns":4},{"damage":23,"enemies":"Gremlin Gang","floor":11,"turns":4},{"damage":31,"enemies":"The Guardian","floor":16,"turns":6}],"seed_played":"8178222280095909648","potions_obtained":[{"floor":1,"key":"Fruit Juice"},{"floor":4,"key":"Weak Potion"},{"floor":11,"key":"BlessingOfTheForge"}],"is_trial":false,"path_per_floor":["M","?","M","M","M","E","R","M","T","T","M","R","$","?","R","B"],"character_chosen":"IRONCLAD","items_purchased":[],"campfire_rested":0,"item_purchase_floors":[],"current_hp_per_floor":[58,58,61,65,61,51,51,34,34,34,17,17,32,25,25,0,0],"gold":62,"neow_bonus":"TRANSFORM_TWO_CARDS","is_daily":false,"chose_seed":false,"campfire_upgraded":3,"win_rate":0.0,"timestamp":1610449635,"path_taken":["M","?","M","M","M","E","R","M","T","?","M","R","$","?","R","BOSS"],"items_purchased_type":[],"build_version":"2020-12-22","purchased_purges":1,"victory":false,"max_hp_per_floor":[75,75,75,75,75,85,85,85,85,85,85,85,85,85,85,90,90],"card_choices":[{"not_picked":["Infernal Blade","Perfected Strike"],"picked":"Hemokinesis","floor":1},{"not_picked":["Iron Wave","Searing Blow","Sentinel"],"picked":"SKIP","floor":3},{"not_picked":["Dual Wield","True Grit"],"picked":"Evolve","floor":4},{"not_picked":["Hemokinesis","Metallicize"],"picked":"Rage","floor":5},{"not_picked":["Perfected Strike","Heavy Blade"],"picked":"Fire Breathing","floor":6},{"not_picked":["Clothesline","Carnage"],"picked":"Rupture","floor":8},{"not_picked":["Rage","Bloodletting"],"picked":"Wild Strike","floor":11}],"player_experience":1263134,"relics_obtained":[{"floor":6,"key":"Pear"},{"floor":9,"key":"MealTicket"},{"floor":10,"key":"Mercury Hourglass"}],"event_choices":[{"damage_healed":0,"gold_gain":0,"player_choice":"Grow","damage_taken":0,"max_hp_gain":0,"max_hp_loss":0,"event_name":"Living Wall","floor":2,"gold_loss":0,"cards_upgraded":["Hemokinesis"]},{"cards_removed":["Strike_R"],"damage_healed":0,"gold_gain":0,"player_choice":"Card Removal","damage_taken":7,"max_hp_gain":0,"max_hp_loss":0,"event_name":"Golden Wing","floor":14,"gold_loss":0}],"is_beta":false,"boss_relics":[],"items_purged_floors":[13],"is_endless":false,"potions_floor_spawned":[1,4,11],"killed_by":"The Guardian","ascension_level":20}}