{"host":"d66n7ln59ex8canu","time":1610428007,"event":{"mods":["AchievementEnabler","BaseMod","Colored Map","Minty Spire (QoL Compilation)","Quick Restart","StSLib"],"gold_per_floor":[366,366,366,366,74,105,105,125,148,159,434,434,434,49,49,49,49],"floor_reached":16,"playtime":401,"items_purged":["Regret"],"score":115,"play_id":"d5467aad-935b-4af3-a6cb-c6ef80b23253","local_time":"20210112000647","is_ascension_mode":true,"campfire_choices":[{"data":"Poisoned Stab","floor":7,"key":"SMITH"},{"floor":15,"key":"REST"}],"circlet_count":0,"master_deck":["Strike_G+1","Strike_G","Strike_G","Strike_G","Strike_G+1","Defend_G","Defend_G","Defend_G","Defend_G","Survivor","Neutralize+1","Blade Dance+1","Poisoned Stab+1","Distraction+1","Quick Slash","Dagger Throw"],"relics":["Ring of the Snake","Juzu Bracelet","Toxic Egg 2","Lantern","Snake Skull","Pen Nib"],"acts_visited":["Exordium"],"potions_floor_usage":[16,16],"damage_taken":[{"damage":7,"enemies":"Jaw Worm","floor":1,"turns":6},{"damage":29,"enemies":"3 Sentries","floor":6,"turns":13},{"damage":0,"enemies":"Cultist","floor":8,"turns":2},{"damage":0,"enemies":"Small Slimes","floor":10,"turns":3},{"damage":40,"enemies":"The Guardian","floor":16,"turns":13}],"seed_played":"3336720620702359217","potions_obtained":[{"floor":1,"key":"GamblersBrew"},{"floor":8,"key":"Regen Potion"}],"is_trial":false,"path_per_floor":["M","?","?","?","$","E","R","M","T","M","?","?","?","$","R","B"],"character_chosen":"THE_SILENT","items_purchased":["Toxic Egg 2","Blade Dance+1","Snake Skull","Pen Nib"],"campfire_rested":1,"item_purchase_floors":[5,5,14,14],"current_hp_per_floor":[56,49,49,49,49,20,20,20,20,20,20,20,7,7,25,0,0],"gold":49,"neow_bonus":"TWO_FIFTY_GOLD","is_daily":false,"chose_seed":false,"campfire_upgraded":1,"win_rate":0.0,"timestamp":1610428007,"path_taken":["M","?","?","?","$","E","R","M","T","M","?","?","?","$","R","BOSS"],"items_purchased_type":["Relic","Card","Relic","Relic"],"build_version":"2020-12-22","purchased_purges":1,"victory":false,"max_hp_per_floor":[63,63,63,63,63,63,63,63,63,63,63,63,63,63,63,63,63],"card_choices":[{"not_picked":["Caltrops","Sucker Punch","Acrobatics"],"picked":"SKIP","floor":1},{"not_picked":["Noxious Fumes","Quick Slash"],"picked":"Poisoned Stab","floor":6},{"not_picked":["Sucker Punch","Acrobatics+1"],"picked":"Distraction+1","floor":8},{"not_picked":["Bouncing Flask+1","Poisoned Stab"],"picked":"Quick Slash","floor":10}],"player_experience":317992,"relics_obtained":[{"floor":6,"key":"Lantern"}],"event_choices":[{"damage_healed":0,"gold_gain":0,"player_choice":"Success","damage_taken":7,"relics_obtained":["Juzu Bracelet"],"max_hp_gain":0,"max_hp_loss":0,"event_name":"Scrap Ooze","floor":2,"gold_loss":0},{"damage_healed":0,"gold_gain":0,"player_choice":"Upgraded","damage_taken":0,"max_hp_gain":0,"max_hp_loss":0,"event_name":"Upgrade Shrine","floor":3,"gold_loss":0,"cards_upgraded":["Neutralize"]},{"damage_healed":0,"gold_gain":0,"player_choice":"Leave","damage_taken":0,"max_hp_gain":0,"max_hp_loss":0,"event_name":"The Cleric","floor":4,"gold_loss":0},{"damage_healed":0,"gold_gain":275,"player_choice":"Desecrate","damage_taken":0,"max_hp_gain":0,"max_hp_loss":0,"event_name":"Golden Shrine","floor":11,"gold_loss":0,"cards_obtained":["Regret"]},{"damage_healed":0,"gold_gain":0,"cards_transformed":["Defend_G"],"player_choice":"Transformed","damage_taken":0,"max_hp_gain":0,"max_hp_loss":0,"event_name":"Transmorgrifier","floor":12,"gold_loss":0,"cards_obtained":["Dagger Throw"]},{"damage_healed":0,"gold_gain":0,"player_choice":"Entered Light","damage_taken":13,"max_hp_gain":0,"max_hp_loss":0,"event_name":"Shining Light","floor":13,"gold_loss":0,"cards_upgraded":["Strike_G","Strike_G"]}],"is_beta":false,"boss_relics":[],"items_purged_floors":[14],"is_endless":false,"potions_floor_spawned":[1,8],"killed_by":"The Guardian","ascension_level":4}}