{"host":"25beq07qjecnigqh","time":1610457940,"event":{"mods":["BaseMod","Minty Spire (QoL Compilation)"],"gold_per_floor":[212,223,223,223,223,234,263,274,322,322,351,130,130,162,162,261,261,281,297,317,334,349,349,381,381,408,435,395,395,405,405,405,508,508,528,547,557,532,551,551,551],"floor_reached":40,"playtime":2418,"items_purged":[],"score":470,"play_id":"85a4a576-ae57-443f-9ef4-8f3d1daf51c4","local_time":"20210112212540","is_ascension_mode":true,"campfire_choices":[{"data":"Bludgeon","floor":10,"key":"SMITH"},{"data":"Clash","floor":13,"key":"SMITH"},{"floor":15,"key":"REST"},{"data":"Armaments","floor":23,"key":"SMITH"},{"data":"Rupture","floor":25,"key":"SMITH"},{"floor":32,"key":"REST"}],"circlet_count":0,"master_deck":["Strike_R+1","Strike_R+1","Strike_R","Strike_R","Defend_R","Defend_R","Defend_R","Defend_R","Bash+1","Inflame+1","Rampage+1","Clash+1","Pommel Strike","Bludgeon+1","Shrug It Off","Rupture+1","Armaments+1","Offering","Rage+1","Spot Weakness+1","Intimidate","Sentinel","Rampage","Blood for Blood+1","True Grit"],"relics":["Burning Blood","Ornamental Fan","Boot","Whetstone","Red Skull","Mercury Hourglass","Busted Crown","Peace Pipe","Juzu Bracelet","MealTicket","MutagenicStrength","Nilry\u0027s Codex","Sozu"],"acts_visited":["Exordium","TheCity","TheBeyond"],"potions_floor_usage":[7,11,11,16,24,27,30,33],"damage_taken":[{"damage":7,"enemies":"Jaw Worm","floor":1,"turns":5},{"damage":2,"enemies":"2 Louse","floor":2,"turns":4},{"damage":1,"enemies":"Cultist","floor":6,"turns":3},{"damage":18,"enemies":"Lagavulin","floor":7,"turns":5},{"damage":0,"enemies":"Looter","floor":8,"turns":3},{"damage":18,"enemies":"3 Sentries","floor":11,"turns":4},{"damage":18,"enemies":"Lagavulin","floor":14,"turns":4},{"damage":22,"enemies":"Slime Boss","floor":16,"turns":8},{"damage":7,"enemies":"Shell Parasite","floor":18,"turns":3},{"damage":0,"enemies":"Chosen","floor":19,"turns":2},{"damage":3,"enemies":"Snecko","floor":20,"turns":3},{"damage":11,"enemies":"3 Cultists","floor":21,"turns":5},{"damage":5,"enemies":"Snake Plant","floor":22,"turns":3},{"damage":26,"enemies":"Gremlin Leader","floor":24,"turns":6},{"damage":29,"enemies":"Book of Stabbing","floor":27,"turns":4},{"damage":0,"enemies":"Snecko","floor":30,"turns":2},{"damage":32,"enemies":"Automaton","floor":33,"turns":6},{"damage":30,"enemies":"3 Shapes","floor":35,"turns":3},{"damage":6,"enemies":"Orb Walker","floor":36,"turns":2},{"damage":12,"enemies":"3 Darklings","floor":37,"turns":6},{"damage":15,"enemies":"Jaw Worm Horde","floor":39,"turns":3},{"damage":60,"enemies":"Nemesis","floor":40,"turns":6}],"seed_played":"-6180815986312610288","potions_obtained":[{"floor":2,"key":"LiquidBronze"},{"floor":6,"key":"Fire Potion"},{"floor":8,"key":"FearPotion"},{"floor":14,"key":"SpeedPotion"},{"floor":18,"key":"Dexterity Potion"},{"floor":21,"key":"HeartOfIron"},{"floor":24,"key":"Strength Potion"},{"floor":27,"key":"Regen Potion"}],"is_trial":false,"path_per_floor":["M","M","?","?","?","M","E","M","T","R","E","$","R","E","R","B",null,"M","M","M","M","M","R","E","R","T","E","?","?","M","?","R","B",null,"M","M","M","$","M","E"],"character_chosen":"IRONCLAD","items_purchased":["Red Skull","Rupture","True Grit"],"campfire_rested":2,"item_purchase_floors":[12,12,38],"current_hp_per_floor":[79,80,80,64,64,69,57,63,63,63,51,51,51,39,63,47,80,79,80,80,75,76,76,56,56,56,33,33,33,44,28,52,26,80,56,56,50,65,56,0,0],"gold":551,"neow_bonus":"HUNDRED_GOLD","is_daily":false,"chose_seed":false,"campfire_upgraded":4,"win_rate":0.0,"timestamp":1610457940,"path_taken":["M","M","?","?","?","M","E","?","T","R","E","$","R","E","R","BOSS","M","M","M","M","M","R","E","R","T","E","?","?","M","?","R","BOSS","M","M","M","$","M","E"],"items_purchased_type":["Relic","Card","Card"],"build_version":"2020-12-22","purchased_purges":0,"victory":false,"max_hp_per_floor":[80,80,80,80,80,80,80,80,80,80,80,80,80,80,80,80,80,80,80,80,80,80,80,80,80,80,80,80,80,80,80,80,80,80,80,80,80,80,80,80,80],"card_choices":[{"not_picked":["Havoc","Sword Boomerang"],"picked":"Inflame","floor":1},{"not_picked":["True Grit","Cleave"],"picked":"Rampage","floor":2},{"not_picked":["Carnage","Headbutt"],"picked":"Clash","floor":6},{"not_picked":["Body Slam","Disarm"],"picked":"Pommel Strike","floor":7},{"not_picked":["Ghostly Armor","Heavy Blade"],"picked":"Bludgeon","floor":8},{"not_picked":["Pommel Strike","Blood for Blood"],"picked":"Shrug It Off","floor":11},{"not_picked":["Feel No Pain","Flame Barrier"],"picked":"Armaments","floor":14},{"not_picked":["Berserk","Feed"],"picked":"Offering","floor":16},{"not_picked":[],"picked":"Rage+1","floor":18},{"not_picked":["Entrench"],"picked":"SKIP","floor":19},{"not_picked":[],"picked":"Spot Weakness","floor":20},{"not_picked":[],"picked":"Intimidate","floor":21},{"not_picked":[],"picked":"Sentinel","floor":22},{"not_picked":["Second Wind+1"],"picked":"SKIP","floor":24},{"not_picked":[],"picked":"Rampage","floor":27},{"not_picked":["Shrug It Off"],"picked":"SKIP","floor":30},{"not_picked":["Iron Wave+1"],"picked":"SKIP","floor":35},{"not_picked":[],"picked":"Blood for Blood+1","floor":36},{"not_picked":["Dropkick"],"picked":"SKIP","floor":37},{"not_picked":["Body Slam"],"picked":"SKIP","floor":39}],"player_experience":38717,"relics_obtained":[{"floor":7,"key":"Ornamental Fan"},{"floor":9,"key":"Boot"},{"floor":11,"key":"Whetstone"},{"floor":14,"key":"Mercury Hourglass"},{"floor":24,"key":"Peace Pipe"},{"floor":26,"key":"Juzu Bracelet"},{"floor":27,"key":"MealTicket"},{"floor":31,"key":"Nilry\u0027s Codex"}],"event_choices":[{"damage_healed":0,"gold_gain":0,"player_choice":"Grow","damage_taken":0,"max_hp_gain":0,"max_hp_loss":0,"event_name":"Living Wall","floor":3,"gold_loss":0,"cards_upgraded":["Inflame"]},{"damage_healed":0,"gold_gain":0,"player_choice":"Entered Light","damage_taken":16,"max_hp_gain":0,"max_hp_loss":0,"event_name":"Shining Light","floor":4,"gold_loss":0,"cards_upgraded":["Strike_R","Strike_R"]},{"cards_removed":["Strike_R"],"damage_healed":0,"gold_gain":0,"player_choice":"Purged","damage_taken":0,"max_hp_gain":0,"max_hp_loss":0,"event_name":"Purifier","floor":5,"gold_loss":0},{"damage_healed":0,"gold_gain":0,"player_choice":"Upgraded Two","damage_taken":0,"max_hp_gain":0,"max_hp_loss":0,"event_name":"Designer","floor":28,"gold_loss":40,"cards_upgraded":["Rampage","Spot Weakness"]},{"damage_healed":0,"gold_gain":0,"player_choice":"Inject Mutagens","damage_taken":0,"relics_obtained":["MutagenicStrength"],"max_hp_gain":0,"max_hp_loss":0,"event_name":"Drug Dealer","floor":29,"gold_loss":0},{"damage_healed":0,"gold_gain":0,"player_choice":"Obtained Book","damage_taken":16,"max_hp_gain":0,"max_hp_loss":0,"event_name":"Cursed Tome","floor":31,"gold_loss":0}],"is_beta":false,"boss_relics":[{"not_picked":["Astrolabe","Fusion Hammer"],"picked":"Busted Crown"},{"not_picked":["Runic Dome","Velvet Choker"],"picked":"Sozu"}],"items_purged_floors":[],"is_endless":false,"potions_floor_spawned":[2,6,8,14,18,21,24,27,35,36],"killed_by":"Nemesis","ascension_level":1}}