{"host":"t9zjxed0utvsfjwc","time":1610451382,"event":{"mods":["2.2 Compatiblity","Aspiration","BaseMod","Block Reminder","Colored Map","Colored Powertips","Highlight Path","Hubris","Infinite Spire","Minty Spire (QoL Compilation)","Quick Restart","Replay The Spire","StSLib","The Marked","Unceasing Turn Reminder","everything is the same but u backflip on backflip"],"gold_per_floor":[114,131,306,381,391,391,391,406,406,437,437,56,82,82,82,185,285,297,297,297,311,311,311,326,326,326,426,452,469,469,485,485,585,585,603,620,620,620],"floor_reached":37,"playtime":1535,"items_purged":["theMarked:Defend"],"score":472,"play_id":"b31e6bc9-25fe-46b4-a351-7aa9608df5b9","local_time":"20210112113622","is_ascension_mode":false,"campfire_choices":[{"data":"theMarked:ElementalBlade","floor":6,"key":"SMITH"},{"data":"theMarked:DispelDoubt","floor":11,"key":"SMITH"},{"data":"Apotheosis","floor":15,"key":"SMITH"},{"data":"theMarked:TurnInvisible","floor":23,"key":"SMITH"},{"data":"theMarked:SoldierOfQuellstein","floor":30,"key":"SMITH"},{"data":"theMarked:SelfDefenseTraining","floor":32,"key":"SMITH"}],"circlet_count":0,"master_deck":["theMarked:Defend","theMarked:SoldierOfQuellstein+1","theMarked:SelfDefenseTraining+1","theMarked:ElementalBlade+1","Doubt","theMarked:EmpowerWeapon","theMarked:EmpowerWeapon","theMarked:SwordAndMagic+1","Apotheosis+1","theMarked:SwordAndMagic","theMarked:TurnInvisible+1","theMarked:EmpowerWeapon+1","Bite","Bite","Bite","Bite","Bite","Delirium","theMarked:BindingBlade","theMarked:EmpowerWeapon+1","theMarked:RogueSparks+1","theMarked:EternalStudent","Writhe","hubris:Sloth"],"relics":["theMarked:ArtifactOfAir","NeowsBlessing","hubris:Towel","Gremlin Horn","Toy Ornithopter","Membership Card","PreservedInsect","Letter Opener","infinitespire:Bottled Soul","Replay:Grab Bag","Cursed Key","Replay:Wanted Poster","theMarked:SpiritSword","Pondfish Scales","hubris:MedicalManual","Frozen Egg 2","Prayer Wheel","Kintsugi"],"acts_visited":["Exordium","TheCity","TheBeyond"],"potions_floor_usage":[10,13,13,13,16,21,27],"damage_taken":[{"damage":0,"enemies":"Cultist","floor":1,"turns":1},{"damage":0,"enemies":"2 Louse","floor":2,"turns":1},{"damage":0,"enemies":"Jaw Worm","floor":5,"turns":1},{"damage":7,"enemies":"Looter","floor":8,"turns":4},{"damage":19,"enemies":"Lagavulin","floor":10,"turns":5},{"damage":0,"enemies":"Gremlin Nob","floor":13,"turns":3},{"damage":18,"enemies":"Slime Boss","floor":16,"turns":6},{"damage":6,"enemies":"Spheric Guardian","floor":18,"turns":3},{"damage":8,"enemies":"Shell Parasite","floor":21,"turns":3},{"damage":21,"enemies":"Snake Plant","floor":24,"turns":2},{"damage":11,"enemies":"Colosseum Slavers","floor":27,"turns":2},{"damage":0,"enemies":"Colosseum Nobs","floor":27,"turns":3},{"damage":6,"enemies":"Gremlin Leader","floor":28,"turns":2},{"damage":8,"enemies":"Cultist and Chosen","floor":29,"turns":3},{"damage":13,"enemies":"Chosen and Byrds","floor":31,"turns":3},{"damage":53,"enemies":"Automaton","floor":33,"turns":5},{"damage":3,"enemies":"Orb Walker","floor":35,"turns":3},{"damage":24,"enemies":"3 Darklings","floor":36,"turns":2},{"damage":32,"enemies":"4 Shapes","floor":37,"turns":2}],"seed_played":"-4944509682918061192","potions_obtained":[{"floor":8,"key":"Strength Potion"},{"floor":10,"key":"EntropicBrew"},{"floor":13,"key":"Explosive Potion"},{"floor":18,"key":"Ancient Potion"},{"floor":21,"key":"Elixir"}],"is_trial":false,"path_per_floor":["M","M","?","?","M","R","?","M","T","E","R","$","E","T","R","B",null,"M","?","?","M","?","R","M","?","T","?","E","M","R","M","R","B",null,"M","M","M"],"character_chosen":"THE_DEFAULT","items_purchased":["Membership Card","theMarked:SwordAndMagic+1","Apotheosis","PreservedInsect"],"campfire_rested":0,"item_purchase_floors":[12,12,12,12],"current_hp_per_floor":[70,70,70,59,59,59,59,52,52,33,33,33,48,48,48,35,70,64,64,64,61,49,49,31,47,47,46,40,41,41,37,37,20,49,46,25,0,0],"gold":620,"neow_bonus":"THREE_ENEMY_KILL","is_daily":false,"chose_seed":false,"campfire_upgraded":6,"win_rate":0.0,"timestamp":1610451382,"path_taken":["M","M","?","?","?","R","?","M","T","E","R","$","E","?","R","BOSS","M","?","?","?","?","R","M","?","T","?","E","M","R","M","R","BOSS","M","M","M"],"items_purchased_type":["Relic","Card","Card","Relic"],"build_version":"2020-12-22","purchased_purges":1,"victory":false,"max_hp_per_floor":[70,70,70,70,70,70,70,70,70,70,70,70,70,70,70,70,70,70,70,70,70,49,49,49,49,49,49,49,49,49,49,49,49,49,49,49,49,49],"card_choices":[{"not_picked":["theMarked:Overcharge","theMarked:Aftermath"],"picked":"theMarked:SelfDefenseTraining","floor":1},{"not_picked":["theMarked:ComboAttacks","theMarked:Parry"],"picked":"theMarked:ElementalBlade","floor":2},{"not_picked":["theMarked:HeightenedSenses","theMarked:Improvise"],"picked":"theMarked:EmpowerWeapon","floor":5},{"not_picked":["theMarked:RepellingDischarge","theMarked:ResourceFulStrike"],"picked":"theMarked:EmpowerWeapon","floor":8},{"not_picked":["theMarked:LightningStrikesTwice","theMarked:Overcharge"],"picked":"theMarked:DispelDoubt","floor":10},{"not_picked":["theMarked:ElectricStrings","theMarked:Electrocute"],"picked":"theMarked:SwordAndMagic","floor":13},{"not_picked":["theMarked:Electrify","theMarked:MysticalArsenal","theMarked:BanishingStrike"],"picked":"SKIP","floor":18},{"not_picked":["theMarked:Static","theMarked:Electrocute"],"picked":"theMarked:EmpowerWeapon+1","floor":21},{"not_picked":["theMarked:TwofoldDefense","theMarked:Static","theMarked:Convert"],"picked":"SKIP","floor":24},{"not_picked":["theMarked:Seal+1","theMarked:ResourceFulStrike"],"picked":"theMarked:BindingBlade","floor":27},{"not_picked":["theMarked:RepellingDischarge+1","theMarked:Aftermath+1","theMarked:ResourceFulStrike"],"picked":"SKIP","floor":28},{"not_picked":["theMarked:HeritageOfTheMarked+1","theMarked:ResourceFulStrike"],"picked":"theMarked:EmpowerWeapon+1","floor":29},{"not_picked":["theMarked:Indomitable","theMarked:Standoff+1","theMarked:ChainLightning+1"],"picked":"SKIP","floor":29},{"not_picked":["theMarked:WardOff","theMarked:Improvise+1"],"picked":"theMarked:RogueSparks+1","floor":31},{"not_picked":["theMarked:Frustration+1","theMarked:Improvise","theMarked:WastefulDefense+1"],"picked":"SKIP","floor":31},{"not_picked":["theMarked:BindingBlade","theMarked:Defy"],"picked":"theMarked:EternalStudent","floor":33},{"not_picked":["theMarked:Convert","theMarked:Improvise","theMarked:ReduceFriction"],"picked":"SKIP","floor":35},{"not_picked":["theMarked:Static","theMarked:Convert","theMarked:FavorableWinds"],"picked":"SKIP","floor":35},{"not_picked":["theMarked:Standoff+1","theMarked:HeightenedSenses+1","theMarked:FavorableWinds"],"picked":"SKIP","floor":36},{"not_picked":["theMarked:ChainLightning","theMarked:Overthink+1","theMarked:RepellingDischarge"],"picked":"SKIP","floor":36}],"player_experience":256743,"relics_obtained":[{"floor":9,"key":"Gremlin Horn"},{"floor":10,"key":"Toy Ornithopter"},{"floor":13,"key":"Letter Opener"},{"floor":14,"key":"infinitespire:Bottled Soul"},{"floor":26,"key":"Pondfish Scales"},{"floor":27,"key":"hubris:MedicalManual"},{"floor":27,"key":"Frozen Egg 2"},{"floor":28,"key":"Prayer Wheel"}],"event_choices":[{"damage_healed":0,"gold_gain":175,"player_choice":"AGREE","damage_taken":0,"max_hp_gain":0,"max_hp_loss":0,"event_name":"Liars Game","floor":3,"gold_loss":0,"cards_obtained":["Doubt"]},{"damage_healed":0,"gold_gain":75,"player_choice":"Gather Gold","damage_taken":11,"max_hp_gain":0,"max_hp_loss":0,"event_name":"World of Goop","floor":4,"gold_loss":0},{"damage_healed":0,"gold_gain":0,"cards_transformed":["theMarked:Strike"],"player_choice":"Transformed","damage_taken":0,"max_hp_gain":0,"max_hp_loss":0,"event_name":"Transmorgrifier","floor":20,"gold_loss":0,"cards_obtained":["theMarked:TurnInvisible"]},{"damage_healed":0,"gold_gain":0,"player_choice":"Became a vampire","damage_taken":0,"max_hp_gain":0,"max_hp_loss":21,"event_name":"Vampires","floor":22,"gold_loss":0,"cards_obtained":["Bite","Bite","Bite","Bite","Bite"]},{"damage_healed":16,"gold_gain":0,"player_choice":"Heal","damage_taken":0,"max_hp_gain":0,"max_hp_loss":0,"event_name":"The Library","floor":25,"gold_loss":0},{"damage_healed":0,"gold_gain":0,"player_choice":"Fight","damage_taken":0,"max_hp_gain":0,"max_hp_loss":0,"event_name":"Colosseum","floor":27,"gold_loss":0},{"damage_healed":0,"gold_gain":0,"player_choice":"Fought Nobs","damage_taken":0,"max_hp_gain":0,"max_hp_loss":0,"event_name":"Colosseum","floor":27,"gold_loss":0}],"is_beta":false,"boss_relics":[{"not_picked":["aspiration:DefectSkillbook","hubris:TerracottaHorce"],"picked":"Replay:Grab Bag"},{"not_picked":["Coffee Dripper","Velvet Choker"],"picked":"Cursed Key"},{"not_picked":["Runic Dome","infinitespire:Cupcake"],"picked":"Replay:Wanted Poster"},{"not_picked":["Astrolabe","aspiration:RunicSpoon"],"picked":"theMarked:SpiritSword"},{"not_picked":["Pandora\u0027s Box","aspiration:SilentSkillbook"],"picked":"Kintsugi"}],"items_purged_floors":[12],"is_endless":false,"potions_floor_spawned":[8,10,13,18,21,28],"killed_by":"4 Shapes","ascension_level":0}}