{"host":"sc0o2qwpf9j16a4i","time":1610451272,"event":{"mods":["AchievementEnabler","BaseMod","BetterRewards","Block Reminder","Colored Map","Colored Powertips","Custom Start","Highlight Path","Minty Spire (QoL Compilation)","Relic Stats"],"gold_per_floor":[110,125,138,138,164,164,198,198,198,226,226,226,13,13,13,108,108,128,142,142,157,157,157],"floor_reached":22,"playtime":450,"items_purged":[],"score":384,"play_id":"73161dcc-ef5b-443b-a56c-607853baa2cf","local_time":"20210112133432","is_ascension_mode":true,"campfire_choices":[{"data":"Searing Blow","floor":6.0,"key":"SMITH"},{"data":"Searing Blow+1","floor":8.0,"key":"SMITH"},{"floor":11,"key":"REST"},{"data":"Clothesline","floor":15,"key":"SMITH"}],"circlet_count":0,"master_deck":["AscendersBane","Strike_R","Strike_R","Strike_R","Strike_R","Strike_R","Defend_R","Defend_R+1","Defend_R","Defend_R","Bash+1","Searing Blow+2","Blood for Blood","True Grit","Clothesline+1","Reaper","Shrug It Off","Shrug It Off+1","Spot Weakness"],"relics":["Burning Blood","Sling","Ancient Tea Set","Orichalcum","Art of War","Nunchaku","Bronze Scales","Golden Idol","Philosopher\u0027s Stone"],"acts_visited":["Exordium","TheCity"],"potions_floor_usage":[10,16,18,22,22],"damage_taken":[{"damage":7.0,"enemies":"Small Slimes","floor":1.0,"turns":5.0},{"damage":7.0,"enemies":"Jaw Worm","floor":2.0,"turns":3.0},{"damage":9.0,"enemies":"2 Louse","floor":3.0,"turns":3.0},{"damage":32.0,"enemies":"Gremlin Nob","floor":7.0,"turns":4.0},{"damage":14,"enemies":"Lagavulin","floor":10,"turns":7},{"damage":19,"enemies":"Hexaghost","floor":16,"turns":8},{"damage":25,"enemies":"2 Thieves","floor":18,"turns":4},{"damage":12,"enemies":"Chosen","floor":19,"turns":5},{"damage":33,"enemies":"Shelled Parasite and Fungi","floor":21,"turns":5},{"damage":35,"enemies":"Cultist and Chosen","floor":22,"turns":5}],"seed_played":"-8687454790300540608","potions_obtained":[{"floor":1.0,"key":"SkillPotion"},{"floor":7.0,"key":"SpeedPotion"},{"floor":18,"key":"Swift Potion"},{"floor":21,"key":"Dexterity Potion"}],"is_trial":false,"path_per_floor":["M","M","M","?","T","R","E","R","T","E","R","?","$","?","R","B",null,"M","M","?","M","M"],"character_chosen":"IRONCLAD","items_purchased":["Sling","Bronze Scales","Block Potion"],"campfire_rested":1,"item_purchase_floors":[0,13,13],"current_hp_per_floor":[67,66,63,63,63,63,37,37,37,29,51,28,28,28,28,15,55,41,39,39,22,0,0],"gold":157,"neow_bonus":"","is_daily":false,"chose_seed":false,"campfire_upgraded":3,"win_rate":0.0,"timestamp":1610451272,"path_taken":["M","M","M","?","?","R","E","R","T","E","R","?","?","?","R","BOSS","M","M","?","M","M"],"items_purchased_type":["Relic","Relic","Potion"],"build_version":"2020-12-22","purchased_purges":0,"victory":false,"max_hp_per_floor":[75,75,75,75,75,75,75,75,75,75,75,75,75,68,68,68,68,68,68,68,68,68,68],"relic_stats":{"Nunchaku":[5],"counters":[30,147],"Golden Idol":29,"Bronze Scales":[84],"Art of War":[3],"Orichalcum":[102],"obtain_stats":[{"Gremlin Horn":20,"Golden Idol":14,"Dead Branch":11,"The Courier":9,"Bag of Preparation":0,"Orichalcum":7,"Cursed Key":0,"Sling":0,"Ancient Tea Set":5,"Burning Blood":0,"Nunchaku":10,"Mummified Hand":0,"Pantograph":14,"Bronze Scales":13,"Tiny Chest":8,"Philosopher\u0027s Stone":17,"Art of War":9,"Kunai":9,"Runic Pyramid":17},{"Gremlin Horn":10,"Golden Idol":25,"Dead Branch":18,"The Courier":5,"Bag of Preparation":11,"Orichalcum":24,"Cursed Key":0,"Sling":20,"Ancient Tea Set":23,"Burning Blood":0,"Nunchaku":25,"Mummified Hand":11,"Pantograph":7,"Bronze Scales":25,"Tiny Chest":5,"Philosopher\u0027s Stone":26,"Art of War":24,"Kunai":16,"Runic Pyramid":8},{"Gremlin Horn":55,"Golden Idol":120,"Dead Branch":89,"The Courier":22,"Bag of Preparation":62,"Orichalcum":113,"Cursed Key":0,"Sling":98,"Ancient Tea Set":109,"Burning Blood":0,"Nunchaku":120,"Mummified Hand":62,"Pantograph":30,"Bronze Scales":120,"Tiny Chest":22,"Philosopher\u0027s Stone":128,"Art of War":113,"Kunai":79,"Runic Pyramid":41}],"Burning Blood":102},"card_choices":[{"not_picked":["Clash","Flex"],"picked":"Searing Blow","floor":1.0},{"not_picked":["Flex","Power Through"],"picked":"Blood for Blood","floor":2.0},{"not_picked":["Shrug It Off","Whirlwind"],"picked":"True Grit","floor":3.0},{"not_picked":["Blood for Blood","Infernal Blade","Combust"],"picked":"SKIP","floor":7.0},{"not_picked":["Evolve","Reckless Charge"],"picked":"Clothesline","floor":10},{"not_picked":["Berserk","Brutality"],"picked":"Reaper","floor":16},{"not_picked":["Twin Strike","Warcry"],"picked":"Shrug It Off","floor":18},{"not_picked":["Heavy Blade","Sword Boomerang"],"picked":"Shrug It Off+1","floor":19},{"not_picked":["Searing Blow","Cleave","Anger"],"picked":"SKIP","floor":21}],"player_experience":590407,"relics_obtained":[{"floor":5.0,"key":"Ancient Tea Set"},{"floor":7.0,"key":"Orichalcum"},{"floor":9.0,"key":"Art of War"},{"floor":10,"key":"Nunchaku"}],"event_choices":[{"damage_healed":0.0,"max_hp_gain":0.0,"max_hp_loss":0.0,"gold_gain":0.0,"event_name":"Liars Game","player_choice":"Ignored","floor":4.0,"gold_loss":0.0,"damage_taken":0.0},{"damage_healed":0,"gold_gain":0,"player_choice":"Entered Light","damage_taken":23,"max_hp_gain":0,"max_hp_loss":0,"event_name":"Shining Light","floor":12,"gold_loss":0,"cards_upgraded":["Defend_R","Bash"]},{"damage_healed":0,"gold_gain":0,"player_choice":"Lose Max HP","damage_taken":0,"relics_obtained":["Golden Idol"],"max_hp_gain":0,"max_hp_loss":7,"event_name":"Golden Idol","floor":14,"gold_loss":0},{"damage_healed":0,"gold_gain":0,"player_choice":"Read","damage_taken":0,"max_hp_gain":0,"max_hp_loss":0,"event_name":"The Library","floor":20,"gold_loss":0,"cards_obtained":["Spot Weakness"]}],"is_beta":false,"boss_relics":[{"not_picked":["Velvet Choker","Astrolabe"],"picked":"Philosopher\u0027s Stone"}],"items_purged_floors":[],"is_endless":false,"potions_floor_spawned":[1,7,18,21],"killed_by":"Cultist and Chosen","ascension_level":20}}