{"host":"ekyl8r8j8fco3zlk","time":1610465237,"event":{"mods":["ATMod(∞¢Ë™Mod)","Act Like it!","Arknights The Spire","BaseMod","CapriCore","Friendly Minions","Gensokyo","Hallownest","Luminous","Marisa£®ÏF”Í°°ƒß¿Ì…≥£©","Minty Spire (QoL Compilation)","READ ME - Guardian Mod","Rare Cards Sparkle","Reimu£®≤©¿ˆ¡È√Œ£©","StSLib","The Alterego","The Bug Knight","The Immortal","The Jungle","Waifu the Spire","WarShipGirlsR/’ΩΩ¢…Ÿ≈ÆR mod","°æ“≈ŒÔø®≈∆°øREMEMod"],"gold_per_floor":[117,136,150,127,137,163,163,176,222,254,272,272,304,3,3,103,103,116,136,136,151,171,203,223,223,248,248,248,272,292,302,302,397,397,408,419,439,455,473,506,506,506,506,142,172,191,191,222,222,222],"floor_reached":51,"playtime":2339,"items_purged":["rmod:fletcher"],"score":933,"play_id":"5dcef0e5-29a4-4818-942c-6605bdaa936d","local_time":"20210112232717","is_ascension_mode":false,"campfire_choices":[{"data":"AT_DrawKnifeCut","floor":7,"key":"SMITH"},{"floor":12,"key":"REST"},{"data":"rmod:expedition","floor":15,"key":"SMITH"},{"floor":25,"key":"REST"},{"floor":27,"key":"REST"},{"data":"rmod:expedition+1","floor":32,"key":"SMITH"},{"data":"rmod:expedition+2","floor":41,"key":"SMITH"},{"data":"rmod:acesubmarine","floor":49,"key":"SMITH"}],"circlet_count":0,"master_deck":["rmod:strick+1","rmod:strick+1","rmod:strick+1","rmod:strick+1","rmod:defend+1","rmod:defend+1","rmod:defend+1","rmod:defend+1","rmod:basicallowance","rmod:maingunfire","rmod:supportaircraftcarrier","Core Surge","AT_DrawKnifeCut+1","rmod:diaomin","rmod:salvage","rmod:fletcher","rmod:wife","rmod:intelligenceanalysis","rmod:fletcherpendant","rmod:overbreakdown","rmod:tearstotiara","rmod:goodfighter","rmod:diamondstrike","rmod:supportescort","REME_MawOfCthun","rmod:expedition+3","rmod:supriseattacks","CurseOfTheBell","rmod:firesupport+1","rmod:lonelyqueen","rmod:heivgo+1","rmod:advancebysurprise","rmod:fletcherpendant","rmod:acesubmarine+1","rmod:shuttlebombing+1","rmod:circuitoustactics","rmod:combined+1","rmod:smokecover+1","rmod:luckystar"],"relics":["rmod:firstchargereward","AT_ATBox","REME_ComplimentaryCards","AT_BellDemon","HornCleat","AT_EbonyIvory","Bronze Scales","InkBottle","Calling Bell","PreservedInsect","Ornamental Fan","Pocketwatch","Turnip","RuthlessExorcism:ReiMu","AT_RedTearstoneRing","Busted Crown","REME_HourglassOfDeath","HollowMod:LifeEnderRelic","HollowMod:PaleOreRelic","Gambling Chip","Orichalcum","Bird Faced Urn","Ancient Tea Set","Shuriken"],"acts_visited":["Exordium","TheCity","TheBeyond"],"potions_floor_usage":[8,13,16,24,33,36,40,44,45,50,50],"damage_taken":[{"damage":0,"enemies":"Cultist","floor":1,"turns":3},{"damage":4,"enemies":"Jaw Worm","floor":2,"turns":3},{"damage":0,"enemies":"Small Slimes","floor":3,"turns":1},{"damage":0,"enemies":"3 Louse","floor":5,"turns":1},{"damage":17,"enemies":"Lagavulin","floor":6,"turns":6},{"damage":18,"enemies":"2 Fungi Beasts","floor":8,"turns":2},{"damage":9,"enemies":"Gremlin Nob","floor":10,"turns":4},{"damage":0,"enemies":"Blue Slaver","floor":11,"turns":3},{"damage":4,"enemies":"Lagavulin","floor":13,"turns":3},{"damage":4,"enemies":"Hexaghost","floor":16,"turns":8},{"damage":20,"enemies":"2 Thieves","floor":18,"turns":2},{"damage":0,"enemies":"Spheric Guardian","floor":19,"turns":3},{"damage":6,"enemies":"Centurion and Healer","floor":21,"turns":3},{"damage":0,"enemies":"Snecko","floor":22,"turns":4},{"damage":23,"enemies":"Slavers","floor":23,"turns":4},{"damage":21,"enemies":"Snake Plant","floor":24,"turns":4},{"damage":0,"enemies":"Centurion and Healer","floor":30,"turns":4},{"damage":13,"enemies":"3 Cultists","floor":31,"turns":5},{"damage":0,"enemies":"Automaton","floor":33,"turns":7},{"damage":0,"enemies":"3 Shapes","floor":35,"turns":3},{"damage":16,"enemies":"3 Darklings","floor":36,"turns":4},{"damage":55,"enemies":"Transient","floor":37,"turns":5},{"damage":0,"enemies":"4 Shapes","floor":38,"turns":2},{"damage":0,"enemies":"3 Darklings","floor":39,"turns":2},{"damage":0,"enemies":"Reptomancer","floor":40,"turns":3},{"damage":0,"enemies":"Nemesis","floor":45,"turns":1},{"damage":0,"enemies":"Spire Growth","floor":46,"turns":3},{"damage":0,"enemies":"Giant Head","floor":48,"turns":5},{"damage":49,"enemies":"Time Eater","floor":50,"turns":8}],"seed_played":"6109515080137517935","potions_obtained":[{"floor":8,"key":"REME_GoldPotion"},{"floor":10,"key":"GrandPatriotsElixir:ReiMu"},{"floor":13,"key":"DistilledChaos"},{"floor":16,"key":"PowerPotion"},{"floor":21,"key":"Regen Potion"},{"floor":24,"key":"DuplicationPotion"},{"floor":33,"key":"Fire Potion"},{"floor":37,"key":"LiquidMemories"},{"floor":38,"key":"Fire Potion"},{"floor":46,"key":"Block Potion"}],"is_trial":false,"path_per_floor":["M","M","M","$","M","E","R","M","T","E","M","R","E","$","R","B",null,"M","M","?","M","M","E","M","R","T","R","?","T","M","M","R","B",null,"M","M","M","M","M","E","R","?","T","$","E","M","?","E","R","B",null],"character_chosen":"PRAEFECT","items_purchased":["rmod:intelligenceanalysis","REME_MawOfCthun","rmod:expedition","Bird Faced Urn","REME_GoldPotion"],"campfire_rested":3,"item_purchase_floors":[4,14,14,44,44],"current_hp_per_floor":[75,71,71,71,71,54,54,36,36,27,27,49,45,45,45,41,75,55,55,55,49,49,26,17,39,39,61,61,61,61,48,48,48,75,75,59,4,4,4,4,4,4,4,4,4,6,75,75,75,28],"gold":222,"neow_bonus":"THREE_CARDS","is_daily":false,"chose_seed":false,"campfire_upgraded":5,"win_rate":0.0,"timestamp":1610465237,"path_taken":["M","?","M","?","M","E","R","M","T","E","M","R","E","$","R","BOSS","M","M","?","M","M","E","M","R","T","R","?","?","?","M","R","BOSS","M","M","M","M","M","E","R","?","T","$","E","M","?","E","R","BOSS"],"items_purchased_type":["Card","Card","Card","Relic","Potion"],"build_version":"2020-12-22","purchased_purges":1,"victory":true,"max_hp_per_floor":[75,75,75,75,75,75,75,75,75,75,75,75,75,75,75,75,75,75,75,75,75,75,75,75,75,75,75,75,75,75,75,75,75,75,75,75,75,75,75,75,75,75,75,75,75,75,75,75,75,75],"card_choices":[{"not_picked":["rmod:slowdown","rmod:spoils"],"picked":"rmod:supportaircraftcarrier","floor":0},{"not_picked":["rmod:supportescort","rmod:rockthrower"],"picked":"rmod:diaomin","floor":1},{"not_picked":["rmod:heivgo","rmod:luckystar"],"picked":"rmod:salvage","floor":2},{"not_picked":["rmod:chargemoney","rmod:supportaircraftcarrier"],"picked":"rmod:wife","floor":3},{"not_picked":["rmod:unsinkable","rmod:garrisonisland"],"picked":"rmod:overbreakdown","floor":5},{"not_picked":["rmod:overbreakdown","rmod:chargemoney"],"picked":"rmod:tearstotiara","floor":6},{"not_picked":["rmod:fletcherpendant","rmod:combined"],"picked":"rmod:goodfighter","floor":8},{"not_picked":["rmod:goodfighter","rmod:selfconfidence","rmod:aluminumsupply"],"picked":"SKIP","floor":10},{"not_picked":["rmod:highspeedshooting","rmod:firesupport"],"picked":"rmod:diamondstrike","floor":11},{"not_picked":["rmod:aviationdawn","rmod:u235"],"picked":"rmod:supportescort","floor":13},{"not_picked":["rmod:stealaluminum","rmod:auspiciousomen"],"picked":"rmod:supriseattacks","floor":16},{"not_picked":["rmod:goodsister+1","rmod:rockthrower","rmod:selfconfidence+1"],"picked":"SKIP","floor":18},{"not_picked":["rmod:diamondstrike","rmod:generalist"],"picked":"rmod:firesupport+1","floor":19},{"not_picked":["rmod:goodfighter","rmod:spoils"],"picked":"rmod:lonelyqueen","floor":21},{"not_picked":["rmod:aviationdawn","rmod:wife"],"picked":"rmod:heivgo+1","floor":22},{"not_picked":["rmod:intelligenceanalysis","rmod:punchline"],"picked":"rmod:advancebysurprise","floor":23},{"not_picked":["rmod:overbreakdown+1","rmod:tearstotiara+1","rmod:steelsupply"],"picked":"SKIP","floor":24},{"not_picked":["rmod:fletcherpendant","rmod:luckystar"],"picked":"rmod:ring","floor":30},{"not_picked":["rmod:garrisonisland","rmod:capitalist+1"],"picked":"rmod:fletcherpendant","floor":31},{"not_picked":["rmod:windflower","rmod:timeschanged"],"picked":"rmod:acesubmarine","floor":33},{"not_picked":["rmod:diamondstrike"],"picked":"SKIP","floor":35},{"not_picked":[],"picked":"rmod:shuttlebombing+1","floor":36},{"not_picked":[],"picked":"rmod:circuitoustactics","floor":37},{"not_picked":[],"picked":"rmod:combined+1","floor":38},{"not_picked":["rmod:goodsister+1"],"picked":"SKIP","floor":39},{"not_picked":[],"picked":"rmod:smokecover+1","floor":40},{"not_picked":["rmod:goodsister"],"picked":"SKIP","floor":45},{"not_picked":["rmod:firesupport"],"picked":"SKIP","floor":46},{"not_picked":[],"picked":"rmod:luckystar","floor":48}],"player_experience":476756,"relics_obtained":[{"floor":6,"key":"AT_BellDemon"},{"floor":8,"key":"HornCleat"},{"floor":9,"key":"AT_EbonyIvory"},{"floor":10,"key":"Bronze Scales"},{"floor":13,"key":"InkBottle"},{"floor":17,"key":"PreservedInsect"},{"floor":17,"key":"Ornamental Fan"},{"floor":17,"key":"Pocketwatch"},{"floor":23,"key":"Turnip"},{"floor":26,"key":"RuthlessExorcism:ReiMu"},{"floor":29,"key":"AT_RedTearstoneRing"},{"floor":36,"key":"REME_HourglassOfDeath"},{"floor":37,"key":"HollowMod:LifeEnderRelic"},{"floor":38,"key":"HollowMod:PaleOreRelic"},{"floor":40,"key":"Gambling Chip"},{"floor":43,"key":"Orichalcum"},{"floor":45,"key":"Ancient Tea Set"},{"floor":48,"key":"Shuriken"}],"event_choices":[{"damage_healed":0,"gold_gain":0,"player_choice":"Ignored","damage_taken":0,"max_hp_gain":0,"max_hp_loss":0,"event_name":"Vampires","floor":20,"gold_loss":0},{"damage_healed":0,"gold_gain":0,"player_choice":"Simplicity","damage_taken":0,"max_hp_gain":0,"max_hp_loss":0,"event_name":"Back to Basics","floor":28,"gold_loss":0,"cards_upgraded":["rmod:strick","rmod:strick","rmod:strick","rmod:strick","rmod:defend","rmod:defend","rmod:defend","rmod:defend"]},{"cards_removed":["rmod:fletcherpendant"],"damage_healed":0,"gold_gain":0,"player_choice":"Removed Attack","damage_taken":0,"max_hp_gain":0,"max_hp_loss":0,"event_name":"Falling","floor":42,"gold_loss":0},{"cards_removed":["rmod:ring"],"damage_healed":69,"gold_gain":0,"player_choice":"Offered Uncommon","damage_taken":0,"max_hp_gain":0,"max_hp_loss":0,"event_name":"Bonfire Elementals","floor":47,"gold_loss":0}],"is_beta":false,"boss_relics":[{"not_picked":["Runic Dome","Velvet Choker"],"picked":"Calling Bell"},{"not_picked":["Fusion Hammer","Snecko Eye"],"picked":"Busted Crown"}],"items_purged_floors":[14],"is_endless":false,"potions_floor_spawned":[8,10,13,16,21,24,33,37,38,46],"ascension_level":0}}