{"host":"s6mlqkqtr3ey2mm2","time":1610421005,"event":{"mods":["2.2 Compatiblity","AchievementEnabler","Aspiration","BaseMod","Beaked The Cultist","Better Note","Better Vampires","BetterRewards","Challenge The Spire","Clawfect","Colored Map","Colored Powertips","Conspire","Curses Come First","Dark Map","Downfall","Emptier Cage","Energized Spire","GifTheSpireLib","GungeonMod","Halation","Hermit","Hubris","Infinite Spire","Ironclad Rager","Magitek Elite","Marked Mod","Minty Spire (QoL Compilation)","Poor People Problems","Quick Restart","RatMod","Replay The Spire","Retaliation","Robot Space Explorer","Shade Mod","Somnambulant","Spicy Shops","StSLib","Stuff the Spire","The Blue Laboratory","The Construct","The Druid","The Hierophant","The IronCluck","The Necromancer","The Poker Player","The Runesmith","The Servant 0.9.4","The Valiant","vexMod"],"gold_per_floor":[10,28,28,40,58,58,71,71,71,71,84,96,113,22,22,126,126,146,146,146,146,245,271,271,211,211],"floor_reached":25,"playtime":1893,"items_purged":[],"score":212,"play_id":"3a7edf91-db7d-4fa3-8580-b6dbb0fade61","local_time":"20210111221005","is_ascension_mode":false,"campfire_choices":[{"data":"Infinite Blades","floor":6.0,"key":"SMITH"},{"floor":8.0,"key":"REST"},{"data":"hubris:DuctTapeCard","floor":10.0,"key":"SMITH"},{"data":"Replay:SS_hec_2","floor":15.0,"key":"SMITH"},{"floor":24.0,"key":"REST"}],"circlet_count":0,"master_deck":["Survivor","Neutralize","Poisoned Stab","Poisoned Stab","Poisoned Stab","Poisoned Stab","Poisoned Stab","Dodge and Roll","Dodge and Roll","Dodge and Roll","Dodge and Roll","Dodge and Roll","rat:Garrote","Infinite Blades+1","Noxious Fumes","StuffTheSpire:Python","Replay:SS_hec_2+1","Adrenaline","rat:RuptureArtery","sneckomod:IronFang+1","infinitespire:Gouge","Outmaneuver+1","hubris:DuctTapeCard"],"relics":["Ring of the Snake","Spirit Poop","hubris:DuctTape","aspiration:MobileForge","vexMod:ScavengeHelm","vexMod:TimeEaterHat","hubris:DisguiseKit"],"acts_visited":["Exordium","TheCity"],"potions_floor_usage":[],"damage_taken":[{"damage":3.0,"enemies":"Small Slimes","floor":1.0,"turns":4.0},{"damage":0.0,"enemies":"Cultist","floor":2.0,"turns":3.0},{"damage":9.0,"enemies":"2 Louse","floor":4.0,"turns":2.0},{"damage":4.0,"enemies":"Exordium Wildlife","floor":5.0,"turns":2.0},{"damage":9.0,"enemies":"2 Fungi Beasts","floor":7.0,"turns":4.0},{"damage":5.0,"enemies":"Looter","floor":11.0,"turns":3.0},{"damage":12.0,"enemies":"3 Louse","floor":12.0,"turns":4.0},{"damage":8.0,"enemies":"Red Slaver","floor":13.0,"turns":5.0},{"damage":4.0,"enemies":"Hexaghost","floor":16.0,"turns":9.0},{"damage":1.0,"enemies":"conspire:FuzzyDice","floor":18.0,"turns":5.0},{"damage":53.0,"enemies":"Slavers","floor":23.0,"turns":6.0},{"damage":28,"enemies":"2 Thieves","floor":25,"turns":2}],"seed_played":"-3577518905468637302","potions_obtained":[{"floor":4.0,"key":"champ:CounterPotion"},{"floor":5.0,"key":"blueLaboratory:LouseDecoction"},{"floor":7.0,"key":"Swift Potion"}],"is_trial":false,"path_per_floor":["M","M","?","M","M","R","M","R","T","R","M","M","M","$","R_BF","B",null,"M","T","?","AVR","?","E","R","M"],"character_chosen":"THE_SILENT","items_purchased":["Replay:SS_hec_2"],"campfire_rested":2,"item_purchase_floors":[14],"current_hp_per_floor":[42,42,42,33,29,29,20,38,38,38,33,21,13,13,13,9,63,62,62,62,62,62,9,27,0,0],"gold":211,"neow_bonus":"SILENT_ASSASSIN","is_daily":false,"chose_seed":false,"campfire_upgraded":3,"win_rate":0.0,"timestamp":1610421005,"path_taken":["M","M","?","M","?","R","M","R","T","R","M","M","M","$","R_BF","BOSS","M","?","?","AVR","?","E","R","M"],"items_purchased_type":["Card"],"build_version":"2020-12-22","purchased_purges":0,"victory":false,"max_hp_per_floor":[63,63,63,63,63,63,63,63,63,63,63,63,63,63,63,63,63,63,63,63,63,63,63,63,63,63],"card_choices":[{"not_picked":["rat:SilverDagger","Dash"],"picked":"rat:Garrote","floor":1.0},{"not_picked":["rat:MimicPod","rat:SilveredBlade"],"picked":"StuffTheSpire:Python","floor":2.0},{"not_picked":["Deadly Poison","Slice"],"picked":"rat:WitheringShackles","floor":4.0},{"not_picked":["Dagger Throw","StuffTheSpire:BumpUp"],"picked":"Infinite Blades","floor":5.0},{"not_picked":["Prepared","Dodge and Roll","Acrobatics"],"picked":"SKIP","floor":7.0},{"not_picked":["rat:EchoingStrikes","rat:SilverCoating","Quick Slash"],"picked":"SKIP","floor":11.0},{"not_picked":["StuffTheSpire:ClusterCrunch","ReplayTheSpireMod:Scrap Shanks"],"picked":"Noxious Fumes","floor":12.0},{"not_picked":["Eviscerate","Quick Slash"],"picked":"StuffTheSpire:Python","floor":13.0},{"not_picked":["rat:Lunge","ReplayTheSpireMod:From All Sides"],"picked":"Adrenaline","floor":16.0},{"not_picked":["hubris:TrickCloak","Deflect"],"picked":"rat:RuptureArtery","floor":18.0},{"not_picked":["Slice+1","Blur"],"picked":"Outmaneuver+1","floor":23.0}],"player_experience":77994,"relics_obtained":[{"floor":9.0,"key":"hubris:DuctTape"},{"floor":19.0,"key":"vexMod:ScavengeHelm"},{"floor":23.0,"key":"hubris:DisguiseKit"}],"event_choices":[{"cards_removed":["StuffTheSpire:GnomedCurse"],"damage_healed":0.0,"max_hp_gain":0.0,"max_hp_loss":0.0,"gold_gain":0.0,"event_name":"Bonfire Elementals","player_choice":"Offered Curse","floor":3.0,"gold_loss":0.0,"damage_taken":0.0,"relics_obtained":["Spirit Poop"]},{"cards_removed":["Noxious Fumes"],"damage_healed":0.0,"max_hp_gain":0.0,"max_hp_loss":0.0,"gold_gain":0.0,"event_name":"betterNote:BetterNote","player_choice":"Take \u0026 Give","floor":20.0,"gold_loss":0.0,"damage_taken":0.0,"cards_obtained":["sneckomod:IronFang"]},{"damage_healed":0.0,"max_hp_gain":0.0,"max_hp_loss":0.0,"gold_gain":99.0,"event_name":"Nest","player_choice":"Stole From Cult","floor":22.0,"gold_loss":0.0,"damage_taken":0.0}],"is_beta":false,"boss_relics":[{"not_picked":["Philosopher\u0027s Stone","Snecko Scales"],"picked":"aspiration:MobileForge"}],"items_purged_floors":[],"is_endless":false,"potions_floor_spawned":[4,5,7,13],"killed_by":"2 Thieves","ascension_level":0}}