{"host":"yuhy0i501zzmn1iz","time":1610415812,"event":{"mods":["AchievementEnabler","AlwaysNeverKeys","BaseMod","Bestiary","Better Match","Better Third Choice","Curses Come First","Downfall","Minty Spire (QoL Compilation)","StSLib","slay the spire mod where everything is the same but ironclad has a cowboy hat"],"gold_per_floor":[118,128,128,128,128,128,171,171,171,190,39,53,53,53,53,183,183,202,202,245,245,296,296,296],"floor_reached":23,"playtime":707,"items_purged":[],"score":222,"play_id":"7248ea16-e59f-44ed-9bb9-d4d2da9b9462","local_time":"20210111204332","is_ascension_mode":true,"campfire_choices":[{"data":"Survivor","floor":6.0,"key":"SMITH"},{"floor":13.0,"key":"DIG"},{"floor":15.0,"key":"REST"}],"circlet_count":0,"master_deck":["Strike_G","Strike_G","Strike_G","Strike_G","Strike_G","Defend_G","Defend_G","Defend_G","Defend_G","Defend_G","Survivor+1","Neutralize+1","Deadly Poison","Deflect","Backstab","Parasite","Glass Knife","Concentrate","Choke","Grand Finale","Masterful Stab+1","Blade Dance","Cloak And Dagger"],"relics":["Runic Pyramid","Bloody Idol","Shovel","Shuriken","TwistedFunnel","Dream Catcher","Sundial","Fusion Hammer","Red Mask","Blood Vial"],"acts_visited":["Exordium","TheCity"],"potions_floor_usage":[],"damage_taken":[{"damage":3.0,"enemies":"Jaw Worm","floor":1.0,"turns":4.0},{"damage":0.0,"enemies":"Small Slimes","floor":2.0,"turns":3.0},{"damage":34.0,"enemies":"Gremlin Nob","floor":7.0,"turns":5.0},{"damage":0.0,"enemies":"2 Louse","floor":10.0,"turns":3.0},{"damage":0.0,"enemies":"Large Slime","floor":12.0,"turns":4.0},{"damage":27.0,"enemies":"Hexaghost","floor":16.0,"turns":9.0},{"damage":19.0,"enemies":"Spheric Guardian","floor":18.0,"turns":4.0},{"damage":21.0,"enemies":"Masked Bandits","floor":20.0,"turns":4.0},{"damage":43,"enemies":"Book of Stabbing","floor":23,"turns":4}],"seed_played":"6008117233190821247","potions_obtained":[{"floor":2.0,"key":"Fire Potion"},{"floor":16.0,"key":"sneckomod:MuddlingPotion"}],"is_trial":false,"path_per_floor":["M","M","?","?","?","R","E","?","T","M","$","M","R","T","R","B",null,"M","?","?","?","T","E"],"character_chosen":"THE_SILENT","items_purchased":["TwistedFunnel"],"campfire_rested":1,"item_purchase_floors":[11],"current_hp_per_floor":[67,67,50,50,50,50,16,33,33,33,33,33,33,33,54,27,70,51,51,30,30,35,0,0],"gold":296,"neow_bonus":"BOSS_RELIC","is_daily":false,"chose_seed":false,"campfire_upgraded":1,"win_rate":0.0,"timestamp":1610415812,"path_taken":["M","M","?","?","?","R","E","?","T","M","$","M","R","?","R","BOSS","M","?","?","?","?","E"],"items_purchased_type":["Relic"],"build_version":"2020-12-22","purchased_purges":0,"victory":false,"max_hp_per_floor":[70,70,70,70,70,70,70,70,70,70,70,70,70,70,70,70,70,70,70,70,70,70,70,70],"card_choices":[{"not_picked":["Prepared","Dagger Throw"],"picked":"Deadly Poison","floor":1.0},{"not_picked":["Poisoned Stab","Bouncing Flask"],"picked":"Deflect","floor":2.0},{"not_picked":["Acrobatics","Dodge and Roll"],"picked":"Backstab","floor":7.0},{"not_picked":["Setup","Blade Dance"],"picked":"Glass Knife","floor":10.0},{"not_picked":["Acrobatics","Skewer"],"picked":"Concentrate","floor":12.0},{"not_picked":["Noxious Fumes","Dodge and Roll"],"picked":"Choke","floor":15.0},{"not_picked":["Corpse Explosion","After Image"],"picked":"Grand Finale","floor":16.0},{"not_picked":["Flying Knee","Deflect"],"picked":"Masterful Stab+1","floor":18.0},{"not_picked":["Escape Plan","Slice"],"picked":"Cloak And Dagger","floor":20.0}],"player_experience":278860,"relics_obtained":[{"floor":7.0,"key":"Shovel"},{"floor":9.0,"key":"Shuriken"},{"floor":13.0,"key":"Dream Catcher"},{"floor":14.0,"key":"Sundial"},{"floor":20.0,"key":"Red Mask"},{"floor":22.0,"key":"Blood Vial"}],"event_choices":[{"damage_healed":0.0,"max_hp_gain":0.0,"max_hp_loss":0.0,"gold_gain":0.0,"event_name":"Golden Idol","player_choice":"Take Damage","floor":3.0,"gold_loss":0.0,"damage_taken":17.0,"relics_obtained":["Golden Idol"]},{"damage_healed":0.0,"max_hp_gain":0.0,"max_hp_loss":0.0,"gold_gain":0.0,"event_name":"Living Wall","player_choice":"Grow","floor":4.0,"gold_loss":0.0,"damage_taken":0.0,"cards_upgraded":["Neutralize"]},{"damage_healed":0.0,"max_hp_gain":0.0,"max_hp_loss":0.0,"gold_gain":0.0,"event_name":"Golden Wing","player_choice":"Ignored","floor":5.0,"gold_loss":0.0,"damage_taken":0.0},{"damage_healed":17.0,"max_hp_gain":0.0,"max_hp_loss":0.0,"gold_gain":0.0,"event_name":"Mushrooms","player_choice":"Healed and dodged fight","floor":8.0,"gold_loss":0.0,"damage_taken":0.0,"cards_obtained":["Parasite"]},{"damage_healed":0.0,"max_hp_gain":0.0,"max_hp_loss":0.0,"gold_gain":0.0,"event_name":"The Library","player_choice":"Read","floor":19.0,"gold_loss":0.0,"damage_taken":0.0,"cards_obtained":["Blade Dance"]},{"damage_healed":0.0,"max_hp_gain":0.0,"max_hp_loss":0.0,"gold_gain":0.0,"event_name":"Masked Bandits","player_choice":"Fought Bandits","floor":20.0,"gold_loss":0.0,"damage_taken":0.0},{"damage_healed":0.0,"max_hp_gain":0.0,"max_hp_loss":0.0,"gold_gain":0.0,"event_name":"Forgotten Altar","player_choice":"Gave Idol","floor":21.0,"relics_lost":["Golden Idol"],"gold_loss":0.0,"damage_taken":0.0,"relics_obtained":["Bloody Idol"]}],"is_beta":false,"boss_relics":[{"not_picked":["Ectoplasm","SacredBark"],"picked":"Fusion Hammer"}],"items_purged_floors":[],"is_endless":false,"potions_floor_spawned":[2,16],"killed_by":"Book of Stabbing","ascension_level":4}}