{"host":"tom9euzqew4po1rs","time":1610460563,"event":{"mods":["BaseMod","Minty Spire (QoL Compilation)","Quick Restart","Rare Cards Sparkle","Replay The Spire","StSLib","The Animator","The Cursed"],"gold_per_floor":[112,143,218,40,40,40,56,56,56,66,89,109,130,152,152,156,156],"floor_reached":16,"playtime":1220,"items_purged":[],"score":96,"play_id":"54c7afe6-c9bb-49f6-a3c0-f13f0a1ded5f","local_time":"20210112090923","is_ascension_mode":false,"campfire_choices":[{"floor":6,"key":"REST"},{"floor":8,"key":"REST"},{"floor":15,"key":"REST"}],"circlet_count":0,"master_deck":["animator:Strike_Konosuba","animator:Defend_Konosuba","animator:Strike","animator:Strike","animator:Strike","animator:Defend","animator:Defend","animator:Defend","animator:Kazuma","animator:Aqua","animator:Tyuule","animator:YachiyoNanami","animator:YachiyoNanami","animator:Benimaru","animator:UneriGinkaku","animator:Eris","animator:Chris","animator:UneriGinkaku","animator:Chris"],"relics":["animator:LivingPicture","animator:TheMissingPiece","animator:CerealBox"],"acts_visited":["Exordium"],"potions_floor_usage":[14],"damage_taken":[{"damage":1,"enemies":"2 Louse","floor":1,"turns":3},{"damage":25,"enemies":"Cultist","floor":2,"turns":8},{"damage":7,"enemies":"Jaw Worm","floor":7,"turns":7},{"damage":42,"enemies":"Exordium Thugs","floor":10,"turns":4},{"damage":10,"enemies":"3 Louse","floor":11,"turns":3},{"damage":1,"enemies":"Large Slime","floor":12,"turns":5},{"damage":1,"enemies":"2 Fungi Beasts","floor":13,"turns":4},{"damage":0,"enemies":"Gremlin Gang","floor":14,"turns":2},{"damage":86,"enemies":"Fading Forest","floor":16,"turns":7}],"seed_played":"6545076942298772638","potions_obtained":[{"floor":11,"key":"DuplicationPotion"},{"floor":13,"key":"Explosive Potion"}],"is_trial":false,"path_per_floor":["M","M","?","$","?","R","M","R","T","M","M","M","M","M","R","B"],"character_chosen":"THE_ANIMATOR","items_purchased":["animator:CerealBox","animator:YachiyoNanami"],"campfire_rested":3,"item_purchase_floors":[4,4],"current_hp_per_floor":[72,47,36,36,41,62,57,72,72,32,24,29,33,38,59,0,0],"gold":156,"neow_bonus":"TEN_PERCENT_HP_BONUS","is_daily":false,"chose_seed":false,"campfire_upgraded":0,"win_rate":0.0,"timestamp":1610460563,"path_taken":["M","M","?","$","?","R","M","R","T","?","M","M","M","M","R","BOSS"],"items_purchased_type":["Relic","Card"],"build_version":"2020-12-22","purchased_purges":0,"victory":false,"max_hp_per_floor":[72,72,72,72,72,72,72,72,72,72,72,73,73,73,73,73,73],"card_choices":[{"not_picked":["animator:Vesta","animator:Priestess"],"picked":"animator:PandorasActor","floor":1},{"not_picked":["animator:YunYun","animator:Kaijin"],"picked":"animator:Tyuule","floor":2},{"not_picked":["animator:Nanami","animator:YachiyoNanami"],"picked":"animator:Benimaru","floor":7},{"not_picked":["animator:TsurugaMeisai","animator:Konayuki"],"picked":"animator:UneriGinkaku","floor":10},{"not_picked":["animator:GazelDwargon","animator:GuildGirl"],"picked":"animator:Eris","floor":11},{"not_picked":["animator:Azekura","animator:LizardPriest"],"picked":"animator:Chris","floor":12},{"not_picked":["animator:Evileye","animator:GazelDwargon"],"picked":"animator:UneriGinkaku","floor":13},{"not_picked":["animator:Kazuma","animator:Verdia"],"picked":"animator:Chris","floor":14}],"player_experience":104245,"relics_obtained":[],"event_choices":[{"damage_healed":0,"gold_gain":75,"player_choice":"Gather Gold","damage_taken":11,"max_hp_gain":0,"max_hp_loss":0,"event_name":"World of Goop","floor":3,"gold_loss":0},{"cards_removed":["animator:PandorasActor"],"damage_healed":5,"gold_gain":0,"player_choice":"Offered Common","damage_taken":0,"max_hp_gain":0,"max_hp_loss":0,"event_name":"Bonfire Elementals","floor":5,"gold_loss":0},{"cards_removed":["animator:PandorasActor"],"damage_healed":5,"gold_gain":0,"player_choice":"Offered Special","damage_taken":0,"max_hp_gain":0,"max_hp_loss":0,"event_name":"Bonfire Elementals","floor":5,"gold_loss":0}],"is_beta":false,"boss_relics":[],"items_purged_floors":[],"is_endless":false,"potions_floor_spawned":[11,13],"killed_by":"Fading Forest","ascension_level":0}}