{"host":"6749gst1gzuv21qf","time":1610491968,"event":{"mods":["Aspiration","BaseMod","Better Altar","Better Match","Better Note","Better Sensory Stone","Better Skull","Better Third Choice","BetterRewards","Colored Map","Colored Powertips","Downfall","Highlight Path","Minty Spire (QoL Compilation)","Permanent Neow","Replay The Spire","Shop Mod","Spicy Shops","StSLib","The Cursed"],"gold_per_floor":[99,113,23,41,61,61,61,72,89,13,26,53,53,53,69,168,168,168,179,179,179,207,234,246,278,290,290],"floor_reached":26,"language":"ENG","playtime":1873,"items_purged":["Voices"],"score":287,"play_id":"4ba06d0b-6abc-4218-bf78-a54ef5262f11","local_time":"20210112175248","is_ascension_mode":false,"campfire_choices":[{"floor":13,"key":"RECALL"},{"floor":18,"key":"DIG"}],"circlet_count":0,"master_deck":["sneckomod:Strike","sneckomod:Strike","sneckomod:Strike","sneckomod:Defend","sneckomod:Defend","sneckomod:Defend","sneckomod:TailWhip","sneckomod:SnekBite","sneckomod:Unknown","sneckomod:Unknown","sneckomod:MorePower","ReplayUltimateDefense","sneckomod:UnknownDexterity+1","sneckomod:UnknownClassTHE_CURSED_PURPLE","sneckomod:UnknownClassTHE_CHAMP_GRAY+1","sneckomod:QuickBite","sneckomod:UnknownX+1","sneckomod:SoulDraw","sneckomod:Unknown+1","sneckomod:UnknownClassTHE_CHAMP_GRAY","sneckomod:SnekBite","sneckomod:Unknown2Cost+1","sneckomod:MasterEye","sneckomod:UnknownUncommonAttack+1","sneckomod:QuickBite","sneckomod:UnknownUncommonAttack+1","sneckomod:DiceBoulder","sneckomod:UnknownUncommonAttack+1","sneckomod:UnknownUncommonAttack","sneckomod:UnknownUncommonPower+1","sneckomod:UnknownClassHEXA_GHOST_PURPLE","sneckomod:SoulDraw","sneckomod:UnknownClassBLUE+1","sneckomod:Cheat","sneckomod:Unknown3Cost+1","sneckomod:SnakeSap","Pain","sneckomod:DiceBoulder","sneckomod:UnknownClassPURPLE+1","sneckomod:UnknownClassTHE_CURSED_PURPLE","sneckomod:UnknownRareAttack+1","sneckomod:ImprovisedGuard+1"],"relics":["sneckomod:SneckoSoul","Question Card","Replay:Mystery Machine","Akabeko","SlaversCollar","Blue Candle","MawBank"],"acts_visited":["Exordium","TheCity"],"potions_floor_usage":[8,8,12,16,16,19,25,26],"damage_taken":[{"damage":11,"enemies":"Jaw Worm","floor":2,"turns":3},{"damage":3,"enemies":"downfall:FleeingMerchant","floor":3,"turns":4},{"damage":6,"enemies":"Cultist","floor":4,"turns":3},{"damage":8,"enemies":"2 Louse","floor":5,"turns":3},{"damage":6,"enemies":"Lots of Slimes","floor":8,"turns":5},{"damage":10,"enemies":"Gremlin Gang","floor":9,"turns":3},{"damage":11,"enemies":"downfall:FleeingMerchant","floor":10,"turns":4},{"damage":0,"enemies":"Large Slime","floor":11,"turns":2},{"damage":20,"enemies":"3 Sentries","floor":12,"turns":4},{"damage":0,"enemies":"Blue Slaver","floor":15,"turns":2},{"damage":18,"enemies":"downfall:Watcher","floor":16,"turns":4},{"damage":10,"enemies":"Spheric Guardian","floor":19,"turns":3},{"damage":56,"enemies":"Shell Parasite","floor":22,"turns":5},{"damage":23,"enemies":"Snake Plant","floor":23,"turns":4},{"damage":16,"enemies":"Shelled Parasite and Fungi","floor":25,"turns":6},{"damage":17,"enemies":"Snecko","floor":26,"turns":2}],"seed_played":"-5691134990364121163","potions_obtained":[{"floor":4,"key":"Milkshake"},{"floor":5,"key":"sneckomod:DiceRollPotion"},{"floor":8,"key":"sneckomod:DiceRollPotion"},{"floor":9,"key":"AttackPotion"},{"floor":14,"key":"downfall:CursedFountainPotion"},{"floor":16,"key":"PowerPotion"},{"floor":23,"key":"PowerPotion"},{"floor":25,"key":"LiquidBronze"}],"is_trial":false,"path_per_floor":["R_BF","M","$","M","M","?","T","M","M","$","M","E","R","?","M","B",null,"R_BF","M","?","?","M","M","T","M","M"],"character_chosen":"THE_SNECKO","items_purchased":["Replay:Mystery Machine"],"campfire_rested":0,"item_purchase_floors":[10],"current_hp_per_floor":[90,81,79,74,68,68,68,63,59,53,55,37,37,37,37,20,104,104,95,95,95,39,18,18,13,0,0],"gold":290,"neow_bonus":"THREE_RARE_CARDS","is_daily":false,"chose_seed":false,"campfire_upgraded":0,"win_rate":0.0,"timestamp":1610491968,"path_taken":["R_BF","M","$","M","M","?","T","?","M","?","M","E","R","?","M","BOSS","R_BF","M","?","?","?","?","T","?","M"],"items_purchased_type":["Relic"],"build_version":"2020-12-22","purchased_purges":1,"victory":false,"max_hp_per_floor":[90,92,93,94,96,96,96,97,98,99,101,103,103,103,103,104,104,104,105,105,105,105,107,107,108,108,108],"card_choices":[{"not_picked":["sneckomod:DangerNoodle","sneckomod:UnknownRareAttack"],"picked":"sneckomod:MorePower","floor":0},{"not_picked":["Panache","Replay:SS_hec_4"],"picked":"ReplayUltimateDefense","floor":1},{"not_picked":["sneckomod:UnknownClassHEXA_GHOST_PURPLE+1","sneckomod:Unknown+1"],"picked":"sneckomod:UnknownDexterity+1","floor":2},{"not_picked":["sneckomod:SoulRoll","sneckomod:UnknownVulnerable"],"picked":"sneckomod:UnknownClassTHE_CURSED_PURPLE","floor":2},{"not_picked":["sneckomod:UnknownClassPURPLE+1","sneckomod:UnknownCommonAttack+1"],"picked":"sneckomod:UnknownClassTHE_CHAMP_GRAY+1","floor":3},{"not_picked":["sneckomod:SlitherStrike","sneckomod:SoulDraw"],"picked":"sneckomod:QuickBite","floor":3},{"not_picked":["sneckomod:Unknown+1","sneckomod:UnknownWeak+1"],"picked":"sneckomod:UnknownX+1","floor":4},{"not_picked":["sneckomod:Nope","sneckomod:DiceBlock"],"picked":"sneckomod:SoulDraw","floor":4},{"not_picked":["sneckomod:UnknownCommonSkill+1","sneckomod:UnknownCommonAttack+1"],"picked":"sneckomod:Unknown+1","floor":5},{"not_picked":["sneckomod:UnknownClassHEXA_GHOST_PURPLE","sneckomod:DefensiveFlair"],"picked":"sneckomod:UnknownClassTHE_CHAMP_GRAY","floor":5},{"not_picked":["Replay:UnknownCurse","sneckomod:UnknownClassGUARDIAN+1","sneckomod:UnknownX+1"],"picked":"sneckomod:Unknown2Cost+1","floor":8},{"not_picked":["sneckomod:DefensiveFlair","sneckomod:UnknownCommonSkill","sneckomod:UnknownClassSLIMEBOUND"],"picked":"sneckomod:MasterEye","floor":8},{"not_picked":["sneckomod:UnknownClassPURPLE+1","sneckomod:UnknownCommonSkill+1","sneckomod:UnknownStrike+1"],"picked":"sneckomod:UnknownUncommonAttack+1","floor":9},{"not_picked":["sneckomod:DiceBlock","sneckomod:UnknownCommonAttack","sneckomod:Restock"],"picked":"sneckomod:QuickBite","floor":9},{"not_picked":["sneckomod:UnknownClassSLIMEBOUND+1","sneckomod:Unknown+1","sneckomod:UnknownClassGUARDIAN+1"],"picked":"sneckomod:UnknownUncommonAttack+1","floor":10},{"not_picked":["sneckomod:UnknownCommonAttack","sneckomod:UnknownCommonSkill","sneckomod:SoulRoll"],"picked":"sneckomod:DiceBoulder","floor":10},{"not_picked":["sneckomod:UnknownEthereal+1","sneckomod:UnknownClassGREEN+1","sneckomod:Unknown1Cost+1"],"picked":"sneckomod:UnknownUncommonAttack+1","floor":11},{"not_picked":["sneckomod:UnknownClassHEXA_GHOST_PURPLE","sneckomod:PureSnecko","sneckomod:UnknownVulnerable"],"picked":"sneckomod:UnknownUncommonAttack","floor":11},{"not_picked":["sneckomod:Unknown1Cost+1","sneckomod:UnknownClassHEXA_GHOST_PURPLE+1","sneckomod:Unknown+1"],"picked":"sneckomod:UnknownUncommonPower+1","floor":12},{"not_picked":["sneckomod:IronFang","sneckomod:Unknown1Cost","sneckomod:UnknownCommonSkill"],"picked":"sneckomod:UnknownClassHEXA_GHOST_PURPLE","floor":12},{"not_picked":["sneckomod:UnknownClassSLIMEBOUND","sneckomod:UnknownX","sneckomod:UnknownCommonAttack"],"picked":"sneckomod:SoulDraw","floor":15},{"not_picked":["sneckomod:UnknownBlock+1","sneckomod:UnknownExhaust+1","sneckomod:UnknownWeak+1"],"picked":"sneckomod:UnknownClassBLUE+1","floor":16},{"not_picked":["sneckomod:MorePower","sneckomod:UnlimitedRolls","sneckomod:SerpentMind"],"picked":"sneckomod:Cheat","floor":16},{"not_picked":["sneckomod:Unknown0Cost+1","sneckomod:UnknownWeak+1","sneckomod:Unknown2Cost+1"],"picked":"sneckomod:Unknown3Cost+1","floor":19},{"not_picked":["sneckomod:SoulDraw","sneckomod:QuickBite","sneckomod:Unknown1Cost"],"picked":"sneckomod:SnakeSap","floor":19},{"not_picked":["sneckomod:SerpentIdol+1","sneckomod:Unknown1Cost","sneckomod:MasterEye+1"],"picked":"sneckomod:DiceBoulder","floor":22},{"not_picked":["Replay:UnknownCurse","sneckomod:UnknownWeak+1","sneckomod:UnknownCommonSkill+1"],"picked":"sneckomod:UnknownClassPURPLE+1","floor":23},{"not_picked":["sneckomod:SoulDraw","sneckomod:Nope","sneckomod:DiceBlock"],"picked":"sneckomod:UnknownClassTHE_CURSED_PURPLE","floor":23},{"not_picked":["sneckomod:UnknownClassTHE_CHAMP_GRAY+1","sneckomod:Unknown1Cost+1","sneckomod:Unknown2Cost+1"],"picked":"sneckomod:UnknownRareAttack+1","floor":25},{"not_picked":["sneckomod:UnknownVulnerable","sneckomod:RainOfDice","sneckomod:DiceCrush"],"picked":"sneckomod:ImprovisedGuard+1","floor":25}],"player_experience":703501,"relics_obtained":[{"floor":7,"key":"Question Card"},{"floor":12,"key":"Akabeko"},{"floor":18,"key":"Blue Candle"}],"event_choices":[{"damage_healed":0,"gold_gain":1,"player_choice":"1","damage_taken":0,"max_hp_gain":0,"max_hp_loss":0,"event_name":"betterStone:BetterStone","floor":1,"gold_loss":0},{"damage_healed":0,"gold_gain":0,"player_choice":"Take","damage_taken":0,"max_hp_gain":0,"max_hp_loss":0,"event_name":"betterNote:BetterNote","floor":6,"gold_loss":0,"cards_obtained":["sneckomod:SnekBite"]}],"is_beta":false,"boss_relics":[{"not_picked":["Runic Dome","Black Star"],"picked":"SlaversCollar"}],"items_purged_floors":[3],"is_endless":false,"potions_floor_spawned":[4,5,8,9,16,23,25],"killed_by":"Snecko","ascension_level":0}}