{"host":"mai03x2ekbjy4059","time":1610483772,"event":{"mods":["2.2 Compatiblity","BaseMod","DeckTracker","Highlight Path","Keyboard Shortcuts","Minty Spire (QoL Compilation)","Permanent Neow","Quick Restart","SuperFastMode","everything is the same but u backflip on backflip"],"gold_per_floor":[111,129,149,159,159,187,207,241,268,268,268,268,295,306,306,383,383,402,412,423,423,438,470,470,500,500,512,120,145,157,257,257,334,334,352,352,371,371,371,371,371],"floor_reached":40,"language":"KOR","playtime":2053,"items_purged":["Strike_P"],"score":855,"play_id":"14fb6f42-c6c3-451b-ad82-f4edfd067a78","local_time":"20210113053612","is_ascension_mode":true,"campfire_choices":[{"data":"Adaptation","floor":10.0,"key":"SMITH"},{"data":"Eruption","floor":12.0,"key":"SMITH"},{"data":"BattleHymn","floor":15.0,"key":"SMITH"},{"data":"InnerPeace","floor":32.0,"key":"SMITH"}],"circlet_count":0,"master_deck":["AscendersBane","Strike_P","Defend_P","Defend_P","Defend_P","Defend_P","Eruption+1","Vigilance","Protect","Sanctity","Adaptation+1","BattleHymn+1","SignatureMove","DeusExMachina","MentalFortress+1","InnerPeace+1","FlurryOfBlows","FlurryOfBlows","Finesse","Finesse","Panache"],"relics":["PureWater","StoneCalendar","Happy Flower","Centennial Puzzle","Strawberry","Bag of Marbles","Dream Catcher","Coffee Dripper","Pantograph","Anchor","Pear","Art of War","Meat on the Bone","CloakClasp","Lizard Tail","StrikeDummy","Sozu"],"acts_visited":["Exordium","TheCity","TheBeyond"],"potions_floor_usage":[],"damage_taken":[{"damage":2.0,"enemies":"Cultist","floor":1.0,"turns":5.0},{"damage":0.0,"enemies":"Small Slimes","floor":2.0,"turns":3.0},{"damage":0.0,"enemies":"2 Louse","floor":3.0,"turns":2.0},{"damage":1.0,"enemies":"2 Fungi Beasts","floor":4.0,"turns":3.0},{"damage":7.0,"enemies":"Lagavulin","floor":6.0,"turns":7.0},{"damage":3.0,"enemies":"Looter","floor":7.0,"turns":2.0},{"damage":15.0,"enemies":"3 Sentries","floor":8.0,"turns":7.0},{"damage":4.0,"enemies":"Lagavulin","floor":13.0,"turns":5.0},{"damage":0.0,"enemies":"Exordium Wildlife","floor":14.0,"turns":1.0},{"damage":0.0,"enemies":"Slime Boss","floor":16.0,"turns":4.0},{"damage":1.0,"enemies":"Shell Parasite","floor":18.0,"turns":3.0},{"damage":3.0,"enemies":"Spheric Guardian","floor":19.0,"turns":3.0},{"damage":7.0,"enemies":"Snecko","floor":20.0,"turns":6.0},{"damage":15.0,"enemies":"3 Cultists","floor":22.0,"turns":4.0},{"damage":18.0,"enemies":"Book of Stabbing","floor":23.0,"turns":3.0},{"damage":17.0,"enemies":"Slavers","floor":25.0,"turns":4.0},{"damage":14.0,"enemies":"Centurion and Healer","floor":27.0,"turns":7.0},{"damage":15.0,"enemies":"Book of Stabbing","floor":29.0,"turns":5.0},{"damage":0.0,"enemies":"Snecko","floor":30.0,"turns":5.0},{"damage":14.0,"enemies":"Colosseum Slavers","floor":31.0,"turns":2.0},{"damage":2.0,"enemies":"Colosseum Nobs","floor":31.0,"turns":6.0},{"damage":59.0,"enemies":"Champ","floor":33.0,"turns":7.0},{"damage":7.0,"enemies":"3 Shapes","floor":35.0,"turns":2.0},{"damage":15.0,"enemies":"3 Darklings","floor":37.0,"turns":5.0},{"damage":118,"enemies":"Nemesis","floor":40,"turns":6}],"seed_played":"1748699195834890192","potions_obtained":[{"floor":3.0,"key":"SmokeBomb"},{"floor":4.0,"key":"Explosive Potion"},{"floor":13.0,"key":"Regen Potion"},{"floor":14.0,"key":"BottledMiracle"},{"floor":20.0,"key":"EntropicBrew"},{"floor":23.0,"key":"BlessingOfTheForge"},{"floor":30.0,"key":"EntropicBrew"},{"floor":31.0,"key":"AttackPotion"},{"floor":33.0,"key":"Weak Potion"}],"is_trial":false,"path_per_floor":["M","M","M","M","?","E","M","E","T","R","?","R","E","M","R","B",null,"M","M","M","?","M","E","?","E","T","M","$","E","M","?","R","B",null,"M","?","M","?","?","E"],"character_chosen":"WATCHER","items_purchased":["Meat on the Bone","Regen Potion"],"campfire_rested":0,"item_purchase_floors":[28,28],"current_hp_per_floor":[63,63,63,62,50,43,40,32,32,32,32,32,28,28,28,28,61,60,57,50,50,47,38,38,31,31,17,17,28,40,48,48,26,68,61,61,46,46,36,0,0],"gold":371,"neow_bonus":"ONE_RARE_RELIC","is_daily":false,"chose_seed":false,"campfire_upgraded":4,"win_rate":0.0,"timestamp":1610483772,"path_taken":["M","M","M","M","?","E","M","E","T","R","?","R","E","?","R","BOSS","M","M","?","?","M","E","?","E","T","M","$","E","M","?","R","BOSS","M","?","M","?","?","E"],"items_purchased_type":["Relic","Potion"],"build_version":"2020-12-22","purchased_purges":1,"victory":false,"max_hp_per_floor":[65,65,65,65,65,65,65,72,72,72,72,72,72,72,72,72,72,72,72,72,72,72,72,72,82,82,82,82,82,82,82,82,82,82,82,82,82,78,78,78,78],"card_choices":[{"not_picked":["BowlingBash","ClearTheMind"],"picked":"Protect","floor":1.0},{"not_picked":["JustLucky","SashWhip","EmptyBody"],"picked":"SKIP","floor":2.0},{"not_picked":["Tantrum","SandsOfTime"],"picked":"Sanctity","floor":3.0},{"not_picked":["EmptyBody","SashWhip"],"picked":"Adaptation","floor":4.0},{"not_picked":["ThirdEye","Pray","EmptyMind"],"picked":"SKIP","floor":6.0},{"not_picked":["EmptyFist","Consecrate","Fasting2"],"picked":"SKIP","floor":7.0},{"not_picked":["Worship","CutThroughFate"],"picked":"BattleHymn","floor":8.0},{"not_picked":["Halt","Crescendo","ReachHeaven"],"picked":"SKIP","floor":13.0},{"not_picked":["Evaluate","JustLucky","PathToVictory"],"picked":"SKIP","floor":14.0},{"not_picked":["Scrawl","Blasphemy"],"picked":"DeusExMachina","floor":16.0},{"not_picked":["Nirvana","SignatureMove","Sanctity"],"picked":"SKIP","floor":18.0},{"not_picked":["ReachHeaven+1","Consecrate","DeceiveReality"],"picked":"SKIP","floor":19.0},{"not_picked":["FlyingSleeves","Evaluate","BowlingBash"],"picked":"SKIP","floor":20.0},{"not_picked":["CarveReality","FlyingSleeves","Evaluate"],"picked":"SKIP","floor":22.0},{"not_picked":["Conclude","PathToVictory","SashWhip"],"picked":"SKIP","floor":23.0},{"not_picked":["Conclude","Sanctity+1"],"picked":"MentalFortress+1","floor":25.0},{"not_picked":["EmptyFist","PathToVictory","WaveOfTheHand"],"picked":"SKIP","floor":27.0},{"not_picked":["WreathOfFlame","FlyingSleeves"],"picked":"InnerPeace","floor":29.0},{"not_picked":["FlyingSleeves","FearNoEvil"],"picked":"FlurryOfBlows","floor":30.0},{"not_picked":["EmptyBody","Prostrate"],"picked":"FlurryOfBlows","floor":31.0},{"not_picked":["Prostrate","Nirvana+1","CarveReality"],"picked":"SKIP","floor":35.0},{"not_picked":["EmptyFist+1","ClearTheMind","FollowUp"],"picked":"SKIP","floor":37.0},{"not_picked":["Sadistic Nature","PanicButton"],"picked":"Finesse","floor":39.0},{"not_picked":["Good Instincts","Bandage Up"],"picked":"Finesse","floor":39.0},{"not_picked":["Chrysalis","Magnetism"],"picked":"Panache","floor":39.0}],"player_experience":1058392,"relics_obtained":[{"floor":6.0,"key":"Centennial Puzzle"},{"floor":8.0,"key":"Strawberry"},{"floor":9.0,"key":"Bag of Marbles"},{"floor":13.0,"key":"Dream Catcher"},{"floor":23.0,"key":"Anchor"},{"floor":25.0,"key":"Pear"},{"floor":26.0,"key":"Art of War"},{"floor":29.0,"key":"CloakClasp"},{"floor":31.0,"key":"Lizard Tail"},{"floor":31.0,"key":"StrikeDummy"}],"event_choices":[{"damage_healed":0.0,"max_hp_gain":0.0,"max_hp_loss":0.0,"gold_gain":0.0,"event_name":"Scrap Ooze","player_choice":"Success","floor":5.0,"gold_loss":0.0,"damage_taken":12.0,"relics_obtained":["Happy Flower"]},{"damage_healed":0.0,"max_hp_gain":0.0,"max_hp_loss":0.0,"gold_gain":0.0,"cards_transformed":["Strike_P"],"event_name":"Transmorgrifier","player_choice":"Transformed","floor":11.0,"gold_loss":0.0,"damage_taken":0.0,"cards_obtained":["SignatureMove"]},{"damage_healed":0.0,"max_hp_gain":0.0,"max_hp_loss":0.0,"gold_gain":0.0,"event_name":"The Mausoleum","player_choice":"Opened","floor":21.0,"gold_loss":0.0,"damage_taken":0.0,"relics_obtained":["Pantograph"]},{"damage_healed":0.0,"max_hp_gain":0.0,"max_hp_loss":0.0,"gold_gain":0.0,"event_name":"Ghosts","player_choice":"Ignored","floor":24.0,"gold_loss":0.0,"damage_taken":0.0},{"damage_healed":0.0,"max_hp_gain":0.0,"max_hp_loss":0.0,"gold_gain":0.0,"event_name":"Colosseum","player_choice":"Fight","floor":31.0,"gold_loss":0.0,"damage_taken":0.0},{"damage_healed":0.0,"max_hp_gain":0.0,"max_hp_loss":0.0,"gold_gain":0.0,"event_name":"Colosseum","player_choice":"Fought Nobs","floor":31.0,"gold_loss":0.0,"damage_taken":0.0},{"cards_removed":["Strike_P"],"damage_healed":0.0,"max_hp_gain":0.0,"max_hp_loss":0.0,"gold_gain":0.0,"event_name":"Falling","player_choice":"Removed Attack","floor":36.0,"gold_loss":0.0,"damage_taken":0.0},{"damage_healed":0.0,"max_hp_gain":0.0,"max_hp_loss":4.0,"gold_gain":0.0,"event_name":"Winding Halls","player_choice":"Max HP","floor":38.0,"gold_loss":0.0,"damage_taken":0.0},{"damage_healed":0.0,"max_hp_gain":0.0,"max_hp_loss":0.0,"gold_gain":0.0,"event_name":"SensoryStone","player_choice":"Memory 3","floor":39.0,"gold_loss":0.0,"damage_taken":10.0}],"is_beta":false,"boss_relics":[{"not_picked":["Snecko Eye","Calling Bell"],"picked":"Coffee Dripper"},{"not_picked":["Philosopher\u0027s Stone","Runic Pyramid"],"picked":"Sozu"}],"items_purged_floors":[28],"is_endless":false,"potions_floor_spawned":[3,4,13,14,16,18,20,23,30,31,33],"killed_by":"Nemesis","ascension_level":13}}