{"host":"wfcf39wm1vkwpcs0","time":1610436781,"event":{"mods":["BaseMod","Hermit","Minty Spire (QoL Compilation)","StSLib","The Cursed","The Necromancer","The Servant 0.9.4"],"gold_per_floor":[210,8,25,25,25,25,55,55,81,95,24,42,72,72,72,172,172,182,216,176,187,187,212,212,229,229,239,239,239],"floor_reached":28,"playtime":1457,"items_purged":[],"score":236,"play_id":"442c7771-6087-42ed-a21f-f59b3d353ccf","local_time":"20210112153301","is_ascension_mode":false,"campfire_choices":[{"floor":6,"key":"RECALL"},{"data":"Eviscerate","floor":8,"key":"SMITH"},{"floor":15,"key":"REST"},{"floor":24,"key":"REST"}],"circlet_count":0,"master_deck":["Strike_G","Strike_G","Strike_G","Strike_G","Strike_G","Defend_G","Defend_G","Defend_G","Defend_G","Survivor","Neutralize","Flechettes","PiercingWail","Glass Knife","Outmaneuver","Eviscerate+1","Bane","Tools of the Trade","Backflip","Deadly Poison","Blade Dance","Corpse Explosion+1","Quick Slash+1","Finisher","Poisoned Stab+1","Bane","Blade Dance","Regret","Cloak And Dagger"],"relics":["Ring of the Snake","Regal Pillow","Odd Mushroom","Cursed Key","Red Mask","Toy Ornithopter","Question Card"],"acts_visited":["Exordium","TheCity"],"potions_floor_usage":[7,7,16,18,21,23,27],"damage_taken":[{"damage":0,"enemies":"Jaw Worm","floor":1,"turns":6},{"damage":0,"enemies":"Small Slimes","floor":3,"turns":4},{"damage":14,"enemies":"Lagavulin","floor":7,"turns":5},{"damage":0,"enemies":"2 Louse","floor":10,"turns":1},{"damage":0,"enemies":"2 Fungi Beasts","floor":12,"turns":4},{"damage":13,"enemies":"The Mushroom Lair","floor":13,"turns":5},{"damage":30,"enemies":"Hexaghost","floor":16,"turns":11},{"damage":15,"enemies":"2 Thieves","floor":18,"turns":2},{"damage":5,"enemies":"Masked Bandits","floor":19,"turns":3},{"damage":0,"enemies":"3 Byrds","floor":21,"turns":3},{"damage":32,"enemies":"Slavers","floor":23,"turns":5},{"damage":43,"enemies":"Shelled Parasite and Fungi","floor":25,"turns":6},{"damage":11,"enemies":"Chosen and Byrds","floor":27,"turns":4},{"damage":20,"enemies":"Centurion and Healer","floor":28,"turns":3}],"seed_played":"98028778004316631","potions_obtained":[{"floor":1,"key":"SteroidPotion"},{"floor":3,"key":"Swift Potion"},{"floor":13,"key":"AttackPotion"},{"floor":16,"key":"FearPotion"},{"floor":19,"key":"Fire Potion"},{"floor":21,"key":"Dexterity Potion"},{"floor":25,"key":"SkillPotion"}],"is_trial":false,"path_per_floor":["M","$","M","?","?","R","E","R","T","M","$","M","?","?","R","B",null,"M","?","?","M","?","E","R","M","T","M","M"],"character_chosen":"THE_SILENT","items_purchased":["PiercingWail","Glass Knife","Backflip","Dagger Throw"],"campfire_rested":2,"item_purchase_floors":[2,2,11,11],"current_hp_per_floor":[70,70,70,75,75,75,61,61,61,61,61,61,48,48,75,45,75,60,55,55,55,60,28,65,22,22,16,0,0],"gold":239,"neow_bonus":"HUNDRED_GOLD","is_daily":false,"chose_seed":false,"campfire_upgraded":1,"win_rate":0.0,"timestamp":1610436781,"path_taken":["M","$","M","?","?","R","E","R","T","M","$","M","?","?","R","BOSS","M","?","?","?","?","E","R","?","T","M","M"],"items_purchased_type":["Card","Card","Card","Card"],"build_version":"2020-12-22","purchased_purges":0,"victory":false,"max_hp_per_floor":[70,70,70,75,75,75,75,75,75,75,75,75,75,75,75,75,75,75,75,75,75,75,75,75,75,75,75,75,75],"card_choices":[{"not_picked":["Expertise","Quick Slash"],"picked":"Flechettes","floor":1},{"not_picked":["Slice","Deflect"],"picked":"Outmaneuver","floor":3},{"not_picked":["Acrobatics","Caltrops"],"picked":"Bane","floor":7},{"not_picked":["Choke","Underhanded Strike"],"picked":"Tools of the Trade","floor":10},{"not_picked":["Dagger Spray","Backflip"],"picked":"Deadly Poison","floor":12},{"not_picked":["Deflect","Bane"],"picked":"Blade Dance","floor":13},{"not_picked":["Adrenaline","Doppelganger"],"picked":"Corpse Explosion","floor":16},{"not_picked":["Dagger Spray","Distraction"],"picked":"Quick Slash+1","floor":18},{"not_picked":["Acrobatics+1","Backflip"],"picked":"Finisher","floor":19},{"not_picked":["Backflip","Masterful Stab+1"],"picked":"Poisoned Stab+1","floor":21},{"not_picked":["Slice","Dagger Spray"],"picked":"Bane","floor":23},{"not_picked":["Well Laid Plans","Bane"],"picked":"Blade Dance","floor":25},{"not_picked":["A Thousand Cuts","Dagger Throw","Deflect"],"picked":"Cloak And Dagger","floor":27}],"player_experience":134838,"relics_obtained":[{"floor":7,"key":"Regal Pillow"},{"floor":13,"key":"Odd Mushroom"},{"floor":19,"key":"Red Mask"},{"floor":23,"key":"Toy Ornithopter"},{"floor":26,"key":"Question Card"}],"event_choices":[{"damage_healed":0,"gold_gain":0,"player_choice":"Donut","damage_taken":0,"max_hp_gain":5,"max_hp_loss":0,"event_name":"Big Fish","floor":4,"gold_loss":0},{"damage_healed":0,"gold_gain":0,"cards_transformed":["Defend_G"],"player_choice":"Change","damage_taken":0,"max_hp_gain":0,"max_hp_loss":0,"event_name":"Living Wall","floor":5,"gold_loss":0,"cards_obtained":["Eviscerate"]},{"damage_healed":0,"gold_gain":0,"player_choice":"Fought Mushrooms","damage_taken":0,"max_hp_gain":0,"max_hp_loss":0,"event_name":"Mushrooms","floor":13,"gold_loss":0},{"damage_healed":0,"gold_gain":0,"player_choice":"Ignored","damage_taken":0,"max_hp_gain":0,"max_hp_loss":0,"event_name":"Golden Wing","floor":14,"gold_loss":0},{"damage_healed":0,"gold_gain":0,"player_choice":"Fought Bandits","damage_taken":0,"max_hp_gain":0,"max_hp_loss":0,"event_name":"Masked Bandits","floor":19,"gold_loss":0},{"damage_healed":0,"gold_gain":0,"player_choice":"Upgrade","damage_taken":0,"max_hp_gain":0,"max_hp_loss":0,"event_name":"Designer","floor":20,"gold_loss":40,"cards_upgraded":["Corpse Explosion"]},{"cards_removed":["Dagger Throw"],"damage_healed":5,"gold_gain":0,"player_choice":"Offered Common","damage_taken":0,"max_hp_gain":0,"max_hp_loss":0,"event_name":"Bonfire Elementals","floor":22,"gold_loss":0},{"cards_removed":["Dagger Throw"],"damage_healed":5,"gold_gain":0,"player_choice":"Offered Special","damage_taken":0,"max_hp_gain":0,"max_hp_loss":0,"event_name":"Bonfire Elementals","floor":22,"gold_loss":0}],"is_beta":false,"boss_relics":[{"not_picked":["SacredBark","Sozu"],"picked":"Cursed Key"}],"items_purged_floors":[],"is_endless":false,"potions_floor_spawned":[1,3,13,16,19,21,25],"killed_by":"Centurion and Healer","ascension_level":0}}