{"host":"xckb594ox0nz108y","time":1610427224,"event":{"mods":["ATMod(阿瑾Mod)","Act Like it!","BaseMod","Colored Powertips","Conspire","Downfall","Friendly Minions","Gensokyo","Kiyohime（清姬）","Koishi","KomeijiMod","Lobotomy","LobotomyExtend","Marisa（F雨　魔理沙）","Minty Spire (QoL Compilation)","Pale of the Ancients","Rare Cards Sparkle","Replay The Spire","RumiaBox-露米娅的神秘盒子","StSLib","The Animator","The Cursed","The IronCluck","vexMod","【功能Mod】混沌之环修复补丁","【功能Mod】聪明的最终Boss","【遗物卡牌】REMEMod"],"gold_per_floor":[14,14,27,27,27,27,27],"floor_reached":6,"playtime":333,"items_purged":[],"score":39,"play_id":"92d3beb1-2412-498a-8f99-29357f5f9d45","local_time":"20210112125344","is_ascension_mode":true,"campfire_choices":[],"circlet_count":0,"master_deck":["Strike_R","Strike_R","Strike_R","Strike_R","Strike_R","Defend_R","Defend_R","Defend_R","Defend_R","Bash","JigokuNoTaiyou","AT_CaressingTears","Sword Boomerang","Parasite","Parasite","Parasite","Reckless Charge","Injury"],"relics":["Burning Blood","AT_ATBox","REME_ComplimentaryCards","CaptainsWheel","LetterFromLob","ShedSkin_r","ShedSkin_r","Golden Idol"],"acts_visited":["Exordium"],"potions_floor_usage":[6],"damage_taken":[{"damage":7,"enemies":"2 Louse","floor":1,"turns":2},{"damage":0,"enemies":"2 Louse","floor":2,"turns":9},{"damage":8,"enemies":"Small Slimes","floor":3,"turns":4},{"damage":22,"enemies":"3 Sentries","floor":6,"turns":4}],"seed_played":"-6708754757544981563","potions_obtained":[{"floor":3,"key":"PowerPotion"}],"is_trial":false,"path_per_floor":["M","?","M","?","?","E"],"character_chosen":"IRONCLAD","items_purchased":[],"campfire_rested":0,"item_purchase_floors":[],"current_hp_per_floor":[79,22,20,20,20,0,0],"gold":27,"neow_bonus":"ONE_RARE_RELIC","is_daily":false,"chose_seed":false,"campfire_upgraded":0,"win_rate":0.0,"timestamp":1610427224,"path_taken":["M","?","M","?","?","E"],"items_purchased_type":[],"build_version":"2020-12-22","purchased_purges":0,"victory":false,"max_hp_per_floor":[80,80,80,80,80,80,80],"card_choices":[{"not_picked":["Whirlwind","Dual Wield"],"picked":"Sword Boomerang","floor":1},{"not_picked":["Replay:Undeath\u0027s Touch","AT_GerminateFire"],"picked":"Reckless Charge","floor":3}],"player_experience":314173,"relics_obtained":[{"floor":1,"key":"LetterFromLob"}],"event_choices":[{"damage_healed":0,"gold_gain":0,"player_choice":"Take Wound","damage_taken":0,"relics_obtained":["Golden Idol"],"max_hp_gain":0,"max_hp_loss":0,"event_name":"Golden Idol","floor":4,"gold_loss":0,"cards_obtained":["Injury"]},{"damage_healed":0,"gold_gain":0,"player_choice":"Leave","damage_taken":0,"max_hp_gain":0,"max_hp_loss":0,"event_name":"conspire:Investor","floor":5,"gold_loss":0}],"is_beta":false,"boss_relics":[],"items_purged_floors":[],"is_endless":false,"potions_floor_spawned":[3],"killed_by":"3 Sentries","ascension_level":3}}