{"host":"whloki2o3dp1b07n","time":1610420172,"event":{"mods":["100% Spire Juice","Abigail Mod","Act Like it!","Arknights The Spire","BaseMod","Better Synergies","Block Reminder","CapriCore","Colored Map","Colored Powertips","DNKmod","Evolution","Friendly Minions","GifTheSpireLib","GungeonMod","HexUI Lib","Koishi","Marked Mod","Minty Spire (QoL Compilation)","Poor People Problems","StSLib","Swap Starting Deck Mod","The Bug Knight","The Marked","Transform Curses"],"gold_per_floor":[115,115,129,143,161,70,89,89,159,169,49,65,65,80,80,182,62,2,2,2,2],"floor_reached":20,"playtime":16169,"items_purged":[],"score":178,"play_id":"c746e5a6-7d08-40ca-8f68-19c15eadd980","local_time":"20210111215612","is_ascension_mode":false,"campfire_choices":[{"floor":8,"key":"REST"},{"data":"Moonworks:SakisCookie","floor":11,"key":"SMITH"},{"floor":15,"key":"REST"}],"circlet_count":0,"master_deck":["Moonworks:CloudOfSeagulls","Moonworks:CloudOfSeagulls","Moonworks:CloudOfSeagulls","Moonworks:Defend","Moonworks:Defend","Moonworks:Defend","Moonworks:Defend","Moonworks:Ambush","Moonworks:LongDistanceShot","Moonworks:JonathanRush","Moonworks:JonathanRush","Moonworks:Assault","Moonworks:ForcedRevival","Moonworks:DeployBits","Moonworks:IndiscriminateFireSupport","Moonworks:SakisCookie+1","Moonworks:AwakeningOfTalent","Moonworks:MiracleRedBeanIceCream","Moonworks:CompletionReward","Moonworks:AwakeningOfTalent","Moonworks:MeltingMemories"],"relics":["Moonworks:BrokenBomb","Moonworks:Homemark","EVO:Axolotl","Strawberry","StoneCalendar","DemoMod:JetPack","Velvet Choker"],"acts_visited":["Exordium","TheCity"],"potions_floor_usage":[4,16,16,18],"damage_taken":[{"damage":13,"enemies":"Small Slimes","floor":1,"turns":4},{"damage":4,"enemies":"2 Louse","floor":3,"turns":3},{"damage":8,"enemies":"Cultist","floor":4,"turns":3},{"damage":4,"enemies":"3 Louse","floor":5,"turns":3},{"damage":3,"enemies":"HollowMod:MossKnight","floor":6,"turns":7},{"damage":15,"enemies":"Blue Slaver","floor":7,"turns":3},{"damage":10,"enemies":"2 Fungi Beasts","floor":10,"turns":4},{"damage":3,"enemies":"Looter","floor":12,"turns":2},{"damage":1,"enemies":"Gremlin Gang","floor":14,"turns":3},{"damage":28,"enemies":"Slime Boss","floor":16,"turns":7},{"damage":40,"enemies":"2 Thieves","floor":18,"turns":3}],"seed_played":"-8174157279817624575","potions_obtained":[{"floor":3,"key":"Fire Potion"},{"floor":5,"key":"GamblersBrew"},{"floor":6,"key":"Dexterity Potion"},{"floor":12,"key":"GamblersBrew"},{"floor":14,"key":"SmokeBomb"},{"floor":16,"key":"BlessingOfTheForge"}],"is_trial":false,"path_per_floor":["M","?","M","M","M","E","M","R","T","M","R","M","?","M","R","B",null,"M","?","?"],"character_chosen":"THE_STARBREAKER","items_purchased":[],"campfire_rested":2,"item_purchase_floors":[],"current_hp_per_floor":[47,51,47,39,40,42,32,52,52,42,42,47,47,49,67,43,67,27,15,15,15],"gold":2,"neow_bonus":"THREE_CARDS","is_daily":false,"chose_seed":false,"campfire_upgraded":1,"win_rate":0.0,"timestamp":1610420172,"path_taken":["M","?","M","M","M","E","M","R","T","M","R","M","?","?","R","BOSS","M","?","?"],"items_purchased_type":[],"build_version":"2020-12-22","purchased_purges":0,"victory":false,"max_hp_per_floor":[60,67,67,67,67,67,67,67,67,67,67,67,67,67,67,67,67,67,72,72,72],"card_choices":[{"not_picked":["Moonworks:BigMagnum","Moonworks:NicePresent"],"picked":"Moonworks:JonathanRush","floor":0},{"not_picked":["Moonworks:ImOnFire","Moonworks:UnpaidWork"],"picked":"Moonworks:JonathanRush","floor":1},{"not_picked":["Moonworks:CloudOfSeagulls","Moonworks:CompletionReward"],"picked":"Moonworks:Assault","floor":3},{"not_picked":["Moonworks:BigMagnum","Moonworks:RedAndBlue"],"picked":"Moonworks:ForcedRevival","floor":4},{"not_picked":["Moonworks:CloudOfSeagulls","Moonworks:FullSpeedAlicianrone"],"picked":"Moonworks:DeployBits","floor":5},{"not_picked":["Moonworks:JonathanRush","Moonworks:BackdoorTrade"],"picked":"Moonworks:IndiscriminateFireSupport","floor":6},{"not_picked":["Moonworks:Assault","Moonworks:UnluckyCharm"],"picked":"Moonworks:SakisCookie","floor":7},{"not_picked":["Moonworks:JonathanRush","Moonworks:FullSpeedAlicianrone"],"picked":"Moonworks:AwakeningOfTalent","floor":10},{"not_picked":["Moonworks:DeployBits","Moonworks:BigMagnum"],"picked":"Moonworks:MiracleRedBeanIceCream","floor":12},{"not_picked":["Moonworks:FinalBattle","Moonworks:ReproductionOfRecords"],"picked":"Moonworks:AwakeningOfTalent","floor":14},{"not_picked":["Moonworks:FinalBattle","Moonworks:ShieldCounter"],"picked":"Moonworks:MeltingMemories","floor":16}],"player_experience":1116316,"relics_obtained":[{"floor":6,"key":"StoneCalendar"},{"floor":9,"key":"DemoMod:JetPack"}],"event_choices":[{"damage_healed":0,"gold_gain":0,"player_choice":"Success","damage_taken":3,"relics_obtained":["Strawberry"],"max_hp_gain":0,"max_hp_loss":0,"event_name":"Scrap Ooze","floor":2,"gold_loss":0},{"damage_healed":0,"gold_gain":0,"cards_transformed":["Moonworks:CloudOfSeagulls"],"player_choice":"Transformed","damage_taken":0,"max_hp_gain":0,"max_hp_loss":0,"event_name":"Transmorgrifier","floor":13,"gold_loss":0,"cards_obtained":["Moonworks:CompletionReward"]},{"damage_healed":0,"gold_gain":0,"player_choice":"Shed Blood","damage_taken":17,"max_hp_gain":5,"max_hp_loss":0,"event_name":"Forgotten Altar","floor":19,"gold_loss":0}],"is_beta":false,"boss_relics":[{"not_picked":["Runic Pyramid","Ectoplasm"],"picked":"Velvet Choker"}],"items_purged_floors":[],"is_endless":false,"potions_floor_spawned":[3,5,6,12,14,16],"ascension_level":0}}