{"host":"xt3o4iokwksypl90","time":1610462781,"event":{"mods":["AchievementEnabler","BaseMod","Googly Eyes","Highlight Path","Minty Spire (QoL Compilation)","Permanent Neow"],"gold_per_floor":[367,442,4,19,33,33,33,60,85,85,99,99,114,143,143,246,246,262,262,272,272,16,41,53,65,153,165,177,222,234,278,290,398,410,434,457,486,511,523,535,535],"floor_reached":40,"playtime":3002,"items_purged":["Strike_G","Strike_G"],"score":703,"play_id":"9a56475c-7028-4efb-9098-3255e8308229","local_time":"20210112154621","is_ascension_mode":true,"campfire_choices":[{"floor":6.0,"key":"REST"},{"floor":10.0,"key":"REST"},{"data":"Bane","floor":12.0,"key":"SMITH"},{"data":"Bane","floor":15.0,"key":"SMITH"},{"data":"Catalyst","floor":24.0,"key":"SMITH"},{"data":"Burst","floor":27.0,"key":"SMITH"},{"data":"Crippling Poison","floor":30.0,"key":"SMITH"},{"floor":32,"key":"REST"}],"circlet_count":0,"master_deck":["Defend_G","Defend_G","Defend_G","Defend_G","Survivor","Neutralize","Crippling Poison+1","Dash","Noxious Fumes","Deflect","After Image","Leg Sweep","Deadly Poison","Bane+1","Bane+1","Slice","Terror","Malaise","Concentrate+1","Burst+1","Catalyst+1","Catalyst+1","Dagger Spray","Calculated Gamble","Storm of Steel","Masterful Stab+1","Night Terror+1","Deflect+1","Footwork+1"],"relics":["Ring of the Snake","Dream Catcher","Nunchaku","Orichalcum","Question Card","Runic Pyramid","Enchiridion","Potion Belt","MawBank","Paper Crane","Tiny Chest","Strawberry","Astrolabe"],"acts_visited":["Exordium","TheCity","TheBeyond"],"potions_floor_usage":[31,36,40,40,40],"damage_taken":[{"damage":13.0,"enemies":"Jaw Worm","floor":1.0,"turns":6.0},{"damage":2.0,"enemies":"Cultist","floor":4.0,"turns":5.0},{"damage":0.0,"enemies":"2 Louse","floor":5.0,"turns":3.0},{"damage":10.0,"enemies":"3 Sentries","floor":8.0,"turns":7.0},{"damage":18.0,"enemies":"Lots of Slimes","floor":11.0,"turns":5.0},{"damage":5.0,"enemies":"2 Fungi Beasts","floor":13.0,"turns":3.0},{"damage":8.0,"enemies":"Gremlin Nob","floor":14.0,"turns":4.0},{"damage":3.0,"enemies":"Hexaghost","floor":16.0,"turns":8.0},{"damage":0.0,"enemies":"Shell Parasite","floor":18.0,"turns":6.0},{"damage":0.0,"enemies":"Chosen","floor":20.0,"turns":4.0},{"damage":6.0,"enemies":"Book of Stabbing","floor":23.0,"turns":5.0},{"damage":0.0,"enemies":"Gremlin Leader","floor":29.0,"turns":4.0},{"damage":21,"enemies":"Slavers","floor":31,"turns":7},{"damage":25,"enemies":"Collector","floor":33,"turns":4},{"damage":2,"enemies":"Orb Walker","floor":35,"turns":5},{"damage":14,"enemies":"3 Darklings","floor":36,"turns":5},{"damage":28,"enemies":"Sphere and 2 Shapes","floor":37,"turns":6},{"damage":13,"enemies":"Spire Growth","floor":38,"turns":3},{"damage":9,"enemies":"Reptomancer","floor":40,"turns":6}],"seed_played":"-2737629848484833111","potions_obtained":[{"floor":8.0,"key":"Regen Potion"},{"floor":11.0,"key":"CunningPotion"},{"floor":20.0,"key":"DuplicationPotion"},{"floor":23.0,"key":"SneckoOil"},{"floor":31,"key":"GamblersBrew"},{"floor":35,"key":"LiquidMemories"},{"floor":38,"key":"AttackPotion"}],"is_trial":false,"path_per_floor":["M","?","$","M","M","R","?","E","T","R","M","R","M","E","R","B",null,"M","?","M","?","$","E","R","$","T","R","?","E","R","E","R","B",null,"M","M","M","M","?","E"],"character_chosen":"THE_SILENT","items_purchased":["Dash","Noxious Fumes","Dream Catcher","Poison Potion","Dexterity Potion","Burst"],"campfire_rested":3,"item_purchase_floors":[3,3,3,3,3,22],"current_hp_per_floor":[32,21,21,19,19,40,40,30,30,51,47,47,42,34,34,31,60,60,44,44,44,44,38,38,38,38,38,38,38,38,24,47,22,63,61,47,19,6,6,0,0],"gold":535,"neow_bonus":"TWO_FIFTY_GOLD","is_daily":false,"chose_seed":false,"campfire_upgraded":5,"win_rate":0.0,"timestamp":1610462781,"path_taken":["M","?","$","M","M","R","?","E","T","R","M","R","?","E","R","BOSS","M","?","M","?","$","E","R","?","T","R","?","E","R","E","R","BOSS","M","M","?","M","?","E"],"items_purchased_type":["Card","Card","Relic","Potion","Potion","Card"],"build_version":"2020-12-22","purchased_purges":2,"victory":false,"max_hp_per_floor":[70,70,70,70,70,70,70,70,70,70,70,70,70,70,70,70,70,70,70,70,70,70,70,70,70,70,70,70,70,70,77,77,77,77,77,77,77,77,77,77,77],"card_choices":[{"not_picked":["Underhanded Strike","Catalyst"],"picked":"Crippling Poison","floor":1.0},{"not_picked":["Choke","Blade Dance"],"picked":"Deflect","floor":4.0},{"not_picked":["Prepared","Underhanded Strike"],"picked":"After Image","floor":5.0},{"not_picked":["Deadly Poison","Noxious Fumes"],"picked":"Leg Sweep","floor":6.0},{"not_picked":["Dagger Spray","Footwork"],"picked":"Bane","floor":8.0},{"not_picked":["Dodge and Roll","Well Laid Plans"],"picked":"Bane","floor":10.0},{"not_picked":["Deadly Poison","Expertise","Finisher"],"picked":"SKIP","floor":11.0},{"not_picked":["Poisoned Stab","Tactician"],"picked":"Slice","floor":13.0},{"not_picked":["Reflex","All Out Attack"],"picked":"Terror","floor":14.0},{"not_picked":["Phantasmal Killer","Grand Finale","Night Terror"],"picked":"Malaise","floor":16.0},{"not_picked":["Flying Knee","Quick Slash","Bane+1"],"picked":"Concentrate+1","floor":18.0},{"not_picked":["Dagger Throw","Finisher+1","Quick Slash","Deadly Poison+1"],"picked":"SKIP","floor":20.0},{"not_picked":["Deflect","Masterful Stab","Prepared"],"picked":"Catalyst","floor":23.0},{"not_picked":["Heel Hook","Burst","Dagger Throw","Reflex"],"picked":"SKIP","floor":29.0},{"not_picked":["Outmaneuver","Deflect","Bouncing Flask"],"picked":"Dagger Spray","floor":31},{"not_picked":["Deflect+1","Dagger Spray","Backflip"],"picked":"Calculated Gamble","floor":32},{"not_picked":["Phantasmal Killer","Burst","Night Terror"],"picked":"Storm of Steel","floor":33},{"not_picked":["Dodge and Roll","Prepared","Quick Slash+1","Choke"],"picked":"SKIP","floor":35},{"not_picked":["Bane","Dodge and Roll","Deadly Poison","Escape Plan"],"picked":"SKIP","floor":36},{"not_picked":["Bane+1","Flying Knee","Predator","Dagger Throw"],"picked":"SKIP","floor":37},{"not_picked":["Cloak And Dagger","Prepared","Bane"],"picked":"Footwork+1","floor":38}],"player_experience":289345,"relics_obtained":[{"floor":8.0,"key":"Nunchaku"},{"floor":9.0,"key":"Orichalcum"},{"floor":14.0,"key":"Question Card"},{"floor":19.0,"key":"Enchiridion"},{"floor":23.0,"key":"MawBank"},{"floor":26.0,"key":"Paper Crane"},{"floor":29.0,"key":"Tiny Chest"},{"floor":31,"key":"Strawberry"}],"event_choices":[{"damage_healed":0.0,"max_hp_gain":0.0,"max_hp_loss":0.0,"gold_gain":75.0,"event_name":"World of Goop","player_choice":"Gather Gold","floor":2.0,"gold_loss":0.0,"damage_taken":11.0},{"damage_healed":0.0,"max_hp_gain":0.0,"max_hp_loss":0.0,"gold_gain":0.0,"cards_transformed":["Strike_G"],"event_name":"Transmorgrifier","player_choice":"Transformed","floor":7.0,"gold_loss":0.0,"damage_taken":0.0,"cards_obtained":["Deadly Poison"]},{"damage_healed":0.0,"max_hp_gain":0.0,"max_hp_loss":0.0,"gold_gain":0.0,"event_name":"Cursed Tome","player_choice":"Obtained Book","floor":19.0,"gold_loss":0.0,"damage_taken":16.0},{"damage_healed":0.0,"max_hp_gain":0.0,"max_hp_loss":0.0,"gold_gain":0.0,"event_name":"The Mausoleum","player_choice":"Opened","floor":21.0,"gold_loss":0.0,"damage_taken":0.0,"relics_obtained":["Potion Belt"]},{"damage_healed":0.0,"max_hp_gain":0.0,"max_hp_loss":0.0,"gold_gain":0.0,"event_name":"Duplicator","player_choice":"Copied","floor":28.0,"gold_loss":0.0,"damage_taken":0.0,"cards_obtained":["Catalyst"]},{"damage_healed":0,"gold_gain":0,"player_choice":"Ignored","damage_taken":0,"max_hp_gain":0,"max_hp_loss":0,"event_name":"SecretPortal","floor":39,"gold_loss":0}],"is_beta":false,"boss_relics":[{"not_picked":["Empty Cage","Ring of the Serpent"],"picked":"Runic Pyramid"},{"not_picked":["Runic Dome","SacredBark"],"picked":"Astrolabe"}],"items_purged_floors":[3,22],"is_endless":false,"potions_floor_spawned":[8,11,13,20,23,31,35,38],"killed_by":"Reptomancer","ascension_level":7}}