{"host":"tnsigirk6wurdark","time":1610479658,"event":{"mods":["BaseMod","Colored Map","Colored Powertips","Highlight Path","Minty Spire (QoL Compilation)","Quick Restart","Relic Sorter","StSLib","Synergy Search"],"gold_per_floor":[116,133,11,21,21,35,35,50,50,50,65,65,65,15,15,15,15],"floor_reached":16,"playtime":699,"items_purged":[],"score":161,"play_id":"e57b576c-12d7-41f6-861f-24023b2eff9e","local_time":"20210112192738","is_ascension_mode":true,"campfire_choices":[{"data":"Footwork","floor":7,"key":"SMITH"},{"data":"Deflect","floor":10,"key":"SMITH"},{"data":"Deflect","floor":13,"key":"SMITH"},{"data":"Deflect","floor":15,"key":"SMITH"}],"circlet_count":0,"master_deck":["AscendersBane","Strike_G","Strike_G","Strike_G","Strike_G","Defend_G","Defend_G","Defend_G","Defend_G","Defend_G","Survivor","Neutralize","Die Die Die","Deflect+1","Dagger Throw","Footwork+1","Slice","Quick Slash","Eviscerate","Die Die Die","Dagger Throw","Deflect+1","Deflect+1"],"relics":["Ring of the Snake","HornCleat"],"acts_visited":["Exordium"],"potions_floor_usage":[4,8,16],"damage_taken":[{"damage":3,"enemies":"Cultist","floor":1,"turns":4},{"damage":8,"enemies":"Jaw Worm","floor":2,"turns":5},{"damage":0,"enemies":"2 Louse","floor":4,"turns":3},{"damage":1,"enemies":"Looter","floor":6,"turns":4},{"damage":10,"enemies":"Large Slime","floor":8,"turns":6},{"damage":0,"enemies":"Red Slaver","floor":11,"turns":4},{"damage":47,"enemies":"Hexaghost","floor":16,"turns":15}],"seed_played":"-4902511651695870419","potions_obtained":[{"floor":2,"key":"Fruit Juice"},{"floor":6,"key":"Poison Potion"},{"floor":8,"key":"Fruit Juice"}],"is_trial":false,"path_per_floor":["M","M","$","M","?","M","R","M","T","R","M","?","R","$","R","B"],"character_chosen":"THE_SILENT","items_purchased":["Footwork","Slice","Deflect"],"campfire_rested":0,"item_purchase_floors":[3,3,14],"current_hp_per_floor":[56,48,48,53,53,52,52,47,47,47,47,47,47,47,47,0,0],"gold":15,"neow_bonus":"ONE_RANDOM_RARE_CARD","is_daily":false,"chose_seed":false,"campfire_upgraded":4,"win_rate":0.0,"timestamp":1610479658,"path_taken":["M","M","$","?","?","M","R","M","T","R","M","?","R","?","R","BOSS"],"items_purchased_type":["Card","Card","Card"],"build_version":"2020-12-22","purchased_purges":0,"victory":false,"max_hp_per_floor":[66,66,66,71,71,71,71,76,76,76,76,76,76,76,76,76,76],"card_choices":[{"not_picked":["Dodge and Roll","Infinite Blades"],"picked":"Deflect","floor":1},{"not_picked":["Acrobatics","Underhanded Strike"],"picked":"Dagger Throw","floor":2},{"not_picked":["Eviscerate","Outmaneuver"],"picked":"Quick Slash","floor":4},{"not_picked":["Backflip","Underhanded Strike"],"picked":"Die Die Die","floor":6},{"not_picked":["Acrobatics","Bane"],"picked":"Dagger Throw","floor":8},{"not_picked":["Eviscerate","Sucker Punch"],"picked":"Deflect","floor":11}],"player_experience":690291,"relics_obtained":[{"floor":9,"key":"HornCleat"}],"event_choices":[{"damage_healed":0,"gold_gain":0,"cards_transformed":["Strike_G"],"player_choice":"Change","damage_taken":0,"max_hp_gain":0,"max_hp_loss":0,"event_name":"Living Wall","floor":5,"gold_loss":0,"cards_obtained":["Eviscerate"]},{"damage_healed":0,"gold_gain":0,"player_choice":"Ignored","damage_taken":0,"max_hp_gain":0,"max_hp_loss":0,"event_name":"Shining Light","floor":12,"gold_loss":0}],"is_beta":false,"boss_relics":[],"items_purged_floors":[],"is_endless":false,"potions_floor_spawned":[2,6,8],"killed_by":"Hexaghost","ascension_level":15}}