{"host":"t9zjxed0utvsfjwc","time":1610449825,"event":{"mods":["2.2 Compatiblity","Aspiration","BaseMod","Block Reminder","Colored Map","Colored Powertips","Highlight Path","Hubris","Infinite Spire","Minty Spire (QoL Compilation)","Quick Restart","Replay The Spire","StSLib","The Marked","Unceasing Turn Reminder","everything is the same but u backflip on backflip"],"gold_per_floor":[114,35,35,48,67,102,102,119,170,170,200,74,74,92,92,196,196,214,228,242,142,154,154,154],"floor_reached":23,"playtime":1245,"items_purged":["theMarked:Defend","theMarked:MagicAdept"],"score":253,"play_id":"74b84ee2-09e7-418a-80fe-1174ae79ccb8","local_time":"20210112111025","is_ascension_mode":false,"campfire_choices":[{"data":"theMarked:HeritageOfTheMarked","floor":10,"key":"SMITH"},{"data":"theMarked:BanishingWave","floor":13,"key":"SMITH"},{"data":"infinitespire:SevenWalls","floor":15,"key":"SMITH"}],"circlet_count":0,"master_deck":["theMarked:Strike","theMarked:Strike","theMarked:Strike","theMarked:Strike+1","theMarked:Strike","theMarked:Defend","theMarked:Defend","theMarked:Defend","theMarked:SoldierOfQuellstein","theMarked:HeritageOfTheMarked+1","theMarked:HeritageOfTheMarked+1","theMarked:BanishingWave+1","theMarked:WardOff","infinitespire:SevenWalls+1","theMarked:WardOff","theMarked:BanishingStrike","theMarked:Seal"],"relics":["theMarked:ArtifactOfAir","NeowsBlessing","ReplayTheSpireMod:Shallot","hubris:OldNail","Pantograph","Black Star"],"acts_visited":["Exordium","TheCity"],"potions_floor_usage":[11,16,18,20,22,23],"damage_taken":[{"damage":0,"enemies":"Jaw Worm","floor":1,"turns":1},{"damage":0,"enemies":"2 Louse","floor":4,"turns":1},{"damage":0,"enemies":"Small Slimes","floor":5,"turns":1},{"damage":22,"enemies":"Gremlin Nob","floor":6,"turns":4},{"damage":2,"enemies":"Blue Slaver","floor":8,"turns":4},{"damage":5,"enemies":"Lagavulin","floor":11,"turns":5},{"damage":1,"enemies":"Looter","floor":14,"turns":4},{"damage":0,"enemies":"Fading Forest","floor":16,"turns":11},{"damage":20,"enemies":"3 Byrds","floor":18,"turns":3},{"damage":5,"enemies":"Shell Parasite","floor":19,"turns":5},{"damage":12,"enemies":"Centurion and Healer","floor":20,"turns":5},{"damage":22,"enemies":"Sentry and Sphere","floor":22,"turns":5},{"damage":12,"enemies":"Gremlin Leader","floor":23,"turns":2}],"seed_played":"-5500035269127411758","potions_obtained":[{"floor":1,"key":"Explosive Potion"},{"floor":8,"key":"Adrenaline Potion"},{"floor":11,"key":"Weak Potion"},{"floor":16,"key":"PowerPotion"},{"floor":19,"key":"Milkshake"},{"floor":20,"key":"Dexterity Potion"}],"is_trial":false,"path_per_floor":["M","$","?","M","M","E","?","M","T","R","E","$","R","M","R","B",null,"M","M","M","$","M","E"],"character_chosen":"THE_DEFAULT","items_purchased":["theMarked:HeritageOfTheMarked","theMarked:WardOff"],"campfire_rested":0,"item_purchase_floors":[2,12],"current_hp_per_floor":[70,70,56,56,56,34,17,15,15,15,10,10,10,9,9,44,70,50,45,33,33,11,0,0],"gold":154,"neow_bonus":"THREE_ENEMY_KILL","is_daily":false,"chose_seed":false,"campfire_upgraded":3,"win_rate":0.0,"timestamp":1610449825,"path_taken":["M","$","?","M","M","E","?","M","T","R","E","$","R","M","R","BOSS","M","M","M","$","M","E"],"items_purchased_type":["Card","Card"],"build_version":"2020-12-22","purchased_purges":2,"victory":false,"max_hp_per_floor":[70,70,70,70,70,70,70,70,70,70,70,70,70,70,70,70,70,70,70,70,70,70,70,70],"card_choices":[{"not_picked":["theMarked:ChainLightning","theMarked:TwofoldDefense"],"picked":"theMarked:HeritageOfTheMarked","floor":1},{"not_picked":["theMarked:ReduceFriction","theMarked:Aftermath"],"picked":"theMarked:BanishingWave","floor":4},{"not_picked":["theMarked:EmpowerWeapon","theMarked:TwofoldDefense"],"picked":"theMarked:WardOff","floor":5},{"not_picked":["theMarked:SelfDefenseTraining","theMarked:WastefulDefense","theMarked:Static"],"picked":"SKIP","floor":6},{"not_picked":["infinitespire:Punishment","ReplayTheSpireMod:Haul"],"picked":"infinitespire:SevenWalls","floor":7},{"not_picked":["theMarked:SwordAndMagic","theMarked:Frustration","theMarked:Aftermath"],"picked":"SKIP","floor":8},{"not_picked":["theMarked:Opportunist","theMarked:Static","theMarked:HeightenedSenses"],"picked":"SKIP","floor":11},{"not_picked":["theMarked:ElectricStrings","theMarked:SwordAndMagic"],"picked":"theMarked:BanishingStrike","floor":14},{"not_picked":["theMarked:FavorableWinds","theMarked:ThrowWeapon"],"picked":"theMarked:MagicAdept","floor":16},{"not_picked":["theMarked:HeightenedSenses+1","theMarked:ElectricStrings"],"picked":"theMarked:Seal","floor":18},{"not_picked":["theMarked:Aftermath","theMarked:HeightenedSenses+1","theMarked:ChainLightning"],"picked":"SKIP","floor":19},{"not_picked":["theMarked:RepellingDischarge","theMarked:SwordAndMagic","theMarked:ElectricStrings+1"],"picked":"SKIP","floor":20},{"not_picked":["theMarked:RogueSparks","theMarked:EmpowerWeapon","theMarked:CreepingChasm"],"picked":"SKIP","floor":22}],"player_experience":256743,"relics_obtained":[{"floor":6,"key":"ReplayTheSpireMod:Shallot"},{"floor":9,"key":"hubris:OldNail"},{"floor":11,"key":"Pantograph"}],"event_choices":[{"damage_healed":0,"gold_gain":0,"player_choice":"Entered Light","damage_taken":14,"max_hp_gain":0,"max_hp_loss":0,"event_name":"Shining Light","floor":3,"gold_loss":0,"cards_upgraded":["theMarked:Strike","theMarked:HeritageOfTheMarked"]}],"is_beta":false,"boss_relics":[{"not_picked":["aspiration:RitualDagger","aspiration:PoetsPen_weak"],"picked":"Black Star"}],"items_purged_floors":[12,21],"is_endless":false,"potions_floor_spawned":[1,8,11,16,19,20],"killed_by":"Gremlin Leader","ascension_level":0}}