{"host":"ds1yr10zonoc6w4a","time":1610477818,"event":{"mods":["BaseMod","Better Match","Better Third Choice","BetterRewards","Energized Spire","Minty Spire (QoL Compilation)","StSLib","The Animator"],"gold_per_floor":[110,120,120,120,20,50,26,26,26],"floor_reached":8,"playtime":1094,"items_purged":["animator:Defend","animator:Defend"],"score":105,"play_id":"93a459e3-ffd2-4b4a-bca3-8861168cccb0","local_time":"20210112115658","is_ascension_mode":true,"campfire_choices":[],"circlet_count":0,"master_deck":["AscendersBane","animator:Strike_Konosuba","animator:Defend_Konosuba","animator:Strike","animator:Strike","animator:Strike","animator:Defend","animator:Kazuma","animator:Aqua","animator:Kuroyukihime","animator:Arpeggio","animator:LizardPriest","animator:Guren","animator:Mitsuba"],"relics":["animator:LivingPicture","animator:TheMissingPiece","animator:PurgingStone","Lantern","Juzu Bracelet","Ornamental Fan"],"acts_visited":["Exordium"],"potions_floor_usage":[8],"damage_taken":[{"damage":7.0,"enemies":"Small Slimes","floor":1.0,"turns":4.0},{"damage":7.0,"enemies":"Jaw Worm","floor":2.0,"turns":6.0},{"damage":39,"enemies":"3 Sentries","floor":6,"turns":14},{"damage":25,"enemies":"Gremlin Nob","floor":8,"turns":3}],"seed_played":"-2301603024299672009","potions_obtained":[{"floor":6,"key":"Ancient Potion"}],"is_trial":false,"path_per_floor":["M","M","?","?","$","E","$","E"],"character_chosen":"THE_ANIMATOR","items_purchased":["Lantern","animator:Kuroyukihime","animator:Mitsuba"],"campfire_rested":0,"item_purchase_floors":[0,0,7],"current_hp_per_floor":[49,44,49,44,44,7,7,0,0],"gold":26,"neow_bonus":"","is_daily":false,"chose_seed":false,"campfire_upgraded":0,"win_rate":0.0,"timestamp":1610477818,"path_taken":["M","M","?","?","$","E","?","E"],"items_purchased_type":["Relic","Card","Card"],"build_version":"2020-12-22","purchased_purges":2,"victory":false,"max_hp_per_floor":[60,60,65,65,65,65,65,65,65],"card_choices":[{"not_picked":["animator:Guy","animator:Kazuma"],"picked":"animator:Arpeggio","floor":1.0},{"not_picked":["animator:WinryRockbell","animator:Illya"],"picked":"animator:LizardPriest","floor":2.0},{"not_picked":["animator:YuiTsuruno","animator:Aqua"],"picked":"animator:Guren","floor":6}],"player_experience":738776,"relics_obtained":[{"floor":6,"key":"Ornamental Fan"}],"event_choices":[{"damage_healed":0.0,"max_hp_gain":5.0,"max_hp_loss":0.0,"gold_gain":0.0,"event_name":"Big Fish","player_choice":"Donut","floor":3.0,"gold_loss":0.0,"damage_taken":0.0},{"damage_healed":0.0,"max_hp_gain":0.0,"max_hp_loss":0.0,"gold_gain":0.0,"event_name":"betterThird:BetterScrap","player_choice":"Relic ","floor":4.0,"gold_loss":0.0,"damage_taken":5.0,"cards_obtained":["Bludgeon"]}],"is_beta":false,"boss_relics":[],"items_purged_floors":[0,5],"is_endless":false,"potions_floor_spawned":[6],"killed_by":"Gremlin Nob","ascension_level":19}}