{"host":"tom9euzqew4po1rs","time":1610461115,"event":{"mods":["BaseMod","Minty Spire (QoL Compilation)","Quick Restart","Rare Cards Sparkle","Replay The Spire","StSLib","The Animator","The Cursed"],"gold_per_floor":[112,63,81,160,160,160,160],"floor_reached":6,"playtime":544,"items_purged":[],"score":34,"play_id":"35170180-dcd8-49de-b994-90d00e4b14bc","local_time":"20210112091835","is_ascension_mode":false,"campfire_choices":[],"circlet_count":0,"master_deck":["animator:Strike_Konosuba","animator:Defend_Konosuba","animator:Strike","animator:Strike","animator:Strike","animator:Defend+1","animator:Defend+1","animator:Defend","animator:Kazuma","animator:Aqua","animator:Add","animator:Ain","animator:Tyuule","animator:YaoHaDucy","animator:LeleiLaLalena"],"relics":["animator:LivingPicture","animator:TheMissingPiece","Gremlin Food"],"acts_visited":["Exordium"],"potions_floor_usage":[3,6,6],"damage_taken":[{"damage":0,"enemies":"Small Slimes","floor":1,"turns":5},{"damage":5,"enemies":"Jaw Worm","floor":3,"turns":3},{"damage":32,"enemies":"Gremlin Nob","floor":6,"turns":6}],"seed_played":"8890048937891402745","potions_obtained":[{"floor":1,"key":"AttackPotion"},{"floor":4,"key":"Weak Potion"},{"floor":4,"key":"CultistPotion"}],"is_trial":false,"path_per_floor":["M","$","M","?","?","E"],"character_chosen":"THE_ANIMATOR","items_purchased":["animator:Tyuule"],"campfire_rested":0,"item_purchase_floors":[2],"current_hp_per_floor":[66,66,63,37,24,0,0],"gold":160,"neow_bonus":"THREE_CARDS","is_daily":false,"chose_seed":false,"campfire_upgraded":0,"win_rate":0.0,"timestamp":1610461115,"path_taken":["M","$","M","?","?","E"],"items_purchased_type":["Card"],"build_version":"2020-12-22","purchased_purges":0,"victory":false,"max_hp_per_floor":[66,66,66,66,66,66,66],"card_choices":[{"not_picked":["animator:MaesHughes","animator:SakuraMatou"],"picked":"animator:Add","floor":0},{"not_picked":["animator:Witch","animator:HighElfArcher"],"picked":"animator:Ain","floor":1},{"not_picked":["animator:TukaLunaMarceau","animator:Elsword"],"picked":"animator:YaoHaDucy","floor":3},{"not_picked":["animator:Ara","animator:MaesHughes"],"picked":"animator:LeleiLaLalena","floor":4}],"player_experience":104245,"relics_obtained":[{"floor":4,"key":"Gremlin Food"}],"event_choices":[{"damage_healed":0,"gold_gain":0,"player_choice":"Entered Light","damage_taken":13,"max_hp_gain":0,"max_hp_loss":0,"event_name":"Shining Light","floor":5,"gold_loss":0,"cards_upgraded":["animator:Defend","animator:Defend"]}],"is_beta":false,"boss_relics":[],"items_purged_floors":[],"is_endless":false,"potions_floor_spawned":[1],"killed_by":"Gremlin Nob","ascension_level":0}}