{"host":"6swbl1yqdi8v28pk","time":1610486248,"event":{"mods":["AchievementEnabler","BaseMod","Colored Map","Minty Spire (QoL Compilation)","Quick Restart"],"gold_per_floor":[114,128,128,146,146,181,57,76,125,125,55,55,84,100,100,201,201,220,45,45,65,85,85,119,119,119,135,135,135,135],"floor_reached":29,"language":"SPA","playtime":1511,"items_purged":["Strike_P","Defend_P"],"score":253,"play_id":"9c9cf454-9034-412d-a2c2-a6b7d9119f6e","local_time":"20210112151728","is_ascension_mode":false,"campfire_choices":[{"floor":10,"key":"REST"},{"floor":15,"key":"REST"},{"data":"Crescendo","floor":23,"key":"SMITH"},{"floor":25,"key":"REST"}],"circlet_count":0,"master_deck":["Strike_P","Strike_P","Strike_P","Defend_P","Eruption","Vigilance","Crescendo+1","Halt","Swivel","Prostrate+1","CutThroughFate","EmptyBody+1","Pray+1","FlyingSleeves","Ragnarok","EmptyBody+1","WheelKick","BattleHymn+1","Worship+1","TalkToTheHand+1"],"relics":["PureWater","NeowsBlessing","Toxic Egg 2","Orichalcum","Oddly Smooth Stone","Velvet Choker","Nunchaku","Sundial","Eternal Feather"],"acts_visited":["Exordium","TheCity"],"potions_floor_usage":[6,13,13,14,16,16,24],"damage_taken":[{"damage":0,"enemies":"Jaw Worm","floor":1,"turns":1},{"damage":0,"enemies":"Cultist","floor":2,"turns":1},{"damage":0,"enemies":"Small Slimes","floor":4,"turns":1},{"damage":41,"enemies":"3 Sentries","floor":6,"turns":20},{"damage":0,"enemies":"3 Louse","floor":8,"turns":4},{"damage":23,"enemies":"Gremlin Nob","floor":13,"turns":3},{"damage":0,"enemies":"2 Fungi Beasts","floor":14,"turns":2},{"damage":41,"enemies":"Slime Boss","floor":16,"turns":14},{"damage":4,"enemies":"3 Byrds","floor":18,"turns":5},{"damage":0,"enemies":"Spheric Guardian","floor":21,"turns":3},{"damage":4,"enemies":"Snake Plant","floor":22,"turns":4},{"damage":44,"enemies":"Gremlin Leader","floor":24,"turns":4},{"damage":17,"enemies":"Shelled Parasite and Fungi","floor":27,"turns":5},{"damage":18,"enemies":"Centurion and Healer","floor":29,"turns":1}],"seed_played":"6046465369361928224","potions_obtained":[{"floor":2,"key":"Swift Potion"},{"floor":3,"key":"PowerPotion"},{"floor":3,"key":"Dexterity Potion"},{"floor":3,"key":"SkillPotion"},{"floor":8,"key":"Explosive Potion"},{"floor":13,"key":"Fire Potion"},{"floor":14,"key":"FearPotion"},{"floor":21,"key":"FearPotion"}],"is_trial":false,"path_per_floor":["M","M","?","M","?","E","$","M","T","R","$","?","E","M","R","B",null,"M","$","?","M","M","R","E","R","T","M","?","M"],"character_chosen":"WATCHER","items_purchased":["CutThroughFate","Pray+1","WheelKick"],"campfire_rested":3,"item_purchase_floors":[7,11,19],"current_hp_per_floor":[72,72,72,72,72,31,31,31,31,52,52,45,22,22,43,2,72,68,68,55,55,51,51,7,30,30,13,13,0,0],"gold":135,"neow_bonus":"THREE_ENEMY_KILL","is_daily":false,"chose_seed":false,"campfire_upgraded":1,"win_rate":0.0,"timestamp":1610486248,"path_taken":["M","M","?","?","?","E","$","M","T","R","$","?","E","M","R","BOSS","M","$","?","M","M","R","E","R","T","M","?","M"],"items_purchased_type":["Card","Card","Card"],"build_version":"2020-12-22","purchased_purges":2,"victory":false,"max_hp_per_floor":[72,72,72,72,72,72,72,72,72,72,72,72,72,72,72,72,72,72,72,77,77,77,77,77,77,77,77,77,77,77],"card_choices":[{"not_picked":["Weave","Evaluate"],"picked":"Crescendo","floor":1},{"not_picked":["CutThroughFate","FlyingSleeves"],"picked":"Halt","floor":2},{"not_picked":["Nirvana","WaveOfTheHand"],"picked":"Swivel","floor":4},{"not_picked":["Worship+1","SashWhip"],"picked":"Prostrate+1","floor":6},{"not_picked":["PathToVictory+1","Swivel+1"],"picked":"EmptyBody+1","floor":8},{"not_picked":["FlurryOfBlows","Fasting2"],"picked":"FlyingSleeves","floor":13},{"not_picked":["Conclude","Vengeance+1","Protect+1"],"picked":"SKIP","floor":14},{"not_picked":["ConjureBlade+1","DevaForm"],"picked":"Ragnarok","floor":16},{"not_picked":["Nirvana+1","SashWhip"],"picked":"EmptyBody+1","floor":18},{"not_picked":["EmptyMind+1","Collect+1"],"picked":"BattleHymn+1","floor":21},{"not_picked":["JustLucky","Perseverance+1"],"picked":"Worship+1","floor":22},{"not_picked":["Pray+1","Evaluate+1","Halt+1"],"picked":"SKIP","floor":24},{"not_picked":["FollowUp","BowlingBash"],"picked":"TalkToTheHand+1","floor":27}],"player_experience":125991,"relics_obtained":[{"floor":6,"key":"Toxic Egg 2"},{"floor":9,"key":"Orichalcum"},{"floor":13,"key":"Oddly Smooth Stone"},{"floor":24,"key":"Nunchaku"},{"floor":26,"key":"Sundial"}],"event_choices":[{"damage_healed":0,"gold_gain":0,"player_choice":"Got Potions","damage_taken":0,"max_hp_gain":0,"max_hp_loss":0,"event_name":"Lab","floor":3,"gold_loss":0},{"cards_removed":["Defend_P"],"damage_healed":0,"gold_gain":0,"player_choice":"Forget","damage_taken":0,"max_hp_gain":0,"max_hp_loss":0,"event_name":"Living Wall","floor":5,"gold_loss":0},{"cards_removed":["Defend_P"],"damage_healed":0,"gold_gain":0,"player_choice":"Card Removal","damage_taken":7,"max_hp_gain":0,"max_hp_loss":0,"event_name":"Golden Wing","floor":12,"gold_loss":0},{"damage_healed":0,"gold_gain":0,"player_choice":"Shed Blood","damage_taken":18,"max_hp_gain":5,"max_hp_loss":0,"event_name":"Forgotten Altar","floor":20,"gold_loss":0},{"damage_healed":0,"gold_gain":0,"player_choice":"Opened","damage_taken":0,"relics_obtained":["Eternal Feather"],"max_hp_gain":0,"max_hp_loss":0,"event_name":"The Mausoleum","floor":28,"gold_loss":0}],"is_beta":false,"boss_relics":[{"not_picked":["SlaversCollar","VioletLotus"],"picked":"Velvet Choker"}],"items_purged_floors":[7,19],"is_endless":false,"potions_floor_spawned":[2,8,13,14,21],"killed_by":"Centurion and Healer","ascension_level":0}}