{"host":"Connor","time":1610491982,"event":{"mods":["Aspiration","BaseMod","Downfall","Hubris","Marisa????????","Minty Spire (QoL Compilation)","Replay The Spire","StSLib","The Cursed","The Jungle","The Servant 0.9.4"],"gold_per_floor":[112,112,112,112,5,34,34,34,60,60,80,103,103,24,24,104,104,125,171,171,13,13,58,79,79,79,79,99,109,109],"floor_reached":29,"language":"ENG","playtime":1153,"items_purged":[],"score":466,"play_id":"914f2c7c-c43f-4f21-ba95-c1035abc0e9e","local_time":"20210112145302","is_ascension_mode":true,"campfire_choices":[{"floor":7,"key":"REST"},{"data":"Replay:SS_forest_6","floor":10,"key":"SMITH"},{"data":"Metallicize","floor":15,"key":"SMITH"},{"floor":27,"key":"REST"}],"circlet_count":0,"master_deck":["AscendersBane","Strike_R","Strike_R","Strike_R","Strike_R","Defend_R","Defend_R","Defend_R","Defend_R","Bash","expansioncontent:SuperHexaguard","Pommel Strike","Replay:SS_forest_6+1","Cleave+1","Battle Trance","Heavy Blade+1","Metallicize+1","Juggernaut+1","Pommel Strike+1","ReplayTheSpireMod:Muscle Training","Metallicize+1","Shame","Metallicize","Inflame","Cleave+1"],"relics":["Burning Blood","Molten Egg 2","hubris:Icosahedron","Replay:Bandana","Happy Flower","ChewingGum","DollysMirror","theJungle:SneckoAutograph","hubris:GlazedTorus","Golden Egg"],"acts_visited":["Exordium","Exordium"],"potions_floor_usage":[16,19,28],"damage_taken":[{"damage":4,"enemies":"Jaw Worm","floor":1,"turns":6},{"damage":40,"enemies":"Gremlin Nob","floor":6,"turns":5},{"damage":1,"enemies":"Small Slimes","floor":11,"turns":5},{"damage":2,"enemies":"2 Louse","floor":12,"turns":3},{"damage":45,"enemies":"Fading Forest","floor":16,"turns":13},{"damage":5,"enemies":"Shell Parasite","floor":18,"turns":6},{"damage":3,"enemies":"theJungle:5_Spyders","floor":19,"turns":7},{"damage":52,"enemies":"theJungle:MamaSnecko","floor":23,"turns":7},{"damage":21,"enemies":"theJungle:JungleHuntersEncounter","floor":24,"turns":5},{"damage":31,"enemies":"theJungle:2_Snecko_Cultists","floor":28,"turns":4},{"damage":7,"enemies":"theJungle:Lyon","floor":29,"turns":2}],"seed_played":"6073604548491160453","potions_obtained":[{"floor":6,"key":"champ:CounterPotion"},{"floor":16,"key":"DistilledChaos"},{"floor":24,"key":"PowerPotion"},{"floor":28,"key":"EssenceOfSteel"}],"is_trial":false,"path_per_floor":["M","?","?","T","$","E","R","?","T","R","M","M","?","$","R","B",null,"M","M","?","$","?","E","M","?","T","R","M","M"],"character_chosen":"IRONCLAD","items_purchased":["Replay:SS_forest_6","Metallicize","DollysMirror"],"campfire_rested":2,"item_purchase_floors":[5,14,21],"current_hp_per_floor":[70,70,70,70,70,36,58,51,51,51,56,72,72,72,72,41,67,68,71,71,71,71,25,10,10,10,32,7,0,0],"gold":109,"neow_bonus":"COLORLESS_CARD","is_daily":false,"chose_seed":false,"campfire_upgraded":2,"win_rate":0.0,"timestamp":1610491982,"path_taken":["M","?","?","?","$","E","R","?","T","R","M","M","?","$","R","BOSS","M","M","?","$","?","E","M","?","T","R","M","M"],"items_purchased_type":["Card","Card","Relic"],"build_version":"2020-12-18","purchased_purges":0,"victory":false,"max_hp_per_floor":[75,75,75,75,75,75,75,75,75,75,75,75,75,75,75,75,75,75,75,75,75,75,75,75,75,75,75,75,75,75],"card_choices":[{"not_picked":["ReplayTheSpireMod:Strike From Hell","Run Through"],"picked":"Pommel Strike","floor":1},{"not_picked":["Sword Boomerang+1","Shrug It Off"],"picked":"Cleave+1","floor":6},{"not_picked":["Dual Wield","Dark Embrace"],"picked":"Battle Trance","floor":11},{"not_picked":["Clothesline+1","Headbutt+1"],"picked":"Heavy Blade+1","floor":12},{"not_picked":["Bludgeon+1","Berserk"],"picked":"Juggernaut","floor":16},{"not_picked":["Heavy Blade+1","Anger+1"],"picked":"Pommel Strike+1","floor":18},{"not_picked":["True Grit","Carnage+1"],"picked":"ReplayTheSpireMod:Muscle Training","floor":19},{"not_picked":["Shockwave","ReplayTheSpireMod:Stacked"],"picked":"Metallicize","floor":23},{"not_picked":["Warcry","Second Wind"],"picked":"Inflame","floor":24},{"not_picked":["Clash+1","Rampage+1"],"picked":"Cleave+1","floor":28}],"player_experience":618182,"relics_obtained":[{"floor":6,"key":"Replay:Bandana"},{"floor":9,"key":"Happy Flower"},{"floor":23,"key":"hubris:GlazedTorus"},{"floor":26,"key":"Golden Egg"}],"event_choices":[{"cards_removed":["Injury"],"damage_healed":0,"gold_gain":0,"player_choice":"Card Removal","damage_taken":7,"max_hp_gain":0,"max_hp_loss":0,"event_name":"Golden Wing","floor":8,"gold_loss":0},{"cards_removed":["Strike_R"],"damage_healed":0,"gold_gain":0,"player_choice":"Forget","damage_taken":0,"max_hp_gain":0,"max_hp_loss":0,"event_name":"Living Wall","floor":13,"gold_loss":0},{"damage_healed":0,"gold_gain":0,"player_choice":"Upgraded","damage_taken":0,"max_hp_gain":0,"max_hp_loss":0,"event_name":"Upgrade Shrine","floor":25,"gold_loss":0,"cards_upgraded":["Juggernaut"]}],"is_beta":true,"boss_relics":[{"not_picked":["hubris:GrandSneckoEye","Cursed Key"],"picked":"ChewingGum"}],"items_purged_floors":[],"is_endless":false,"potions_floor_spawned":[6,16,24,28],"killed_by":"theJungle:Lyon","ascension_level":19}}