{"host":"aj7el8l5kufbk20z","time":1610411461,"event":{"mods":["AchievementEnabler","BaseMod","Colored Map","Colored Powertips","Curses Come First","Downfall","Highlight Path","Minty Spire (QoL Compilation)","Permanent Neow","Poor People Problems","Quick Restart","Rare Cards Sparkle","Relic Stats","StSLib","SuperFastMode","Waifu the Spire"],"gold_per_floor":[113,126,126,126,401,401,411,411,411,411,411,411,486,379,379,379,379],"floor_reached":16,"playtime":357,"items_purged":["Regret"],"score":151,"play_id":"1d9b8083-8ef5-4595-9d3e-079d670f7608","local_time":"20210112083101","is_ascension_mode":true,"campfire_choices":[{"data":"Heavy Blade","floor":6,"key":"SMITH"},{"data":"True Grit","floor":8,"key":"SMITH"},{"data":"Bash","floor":10,"key":"SMITH"},{"data":"Cleave","floor":12,"key":"SMITH"},{"floor":15,"key":"REST"}],"circlet_count":0,"master_deck":["AscendersBane","Strike_R","Strike_R","Strike_R","Strike_R","Strike_R","Defend_R+1","Defend_R","Defend_R+1","Defend_R","Bash+1","Heavy Blade+1","Cleave+1","True Grit+1","Flame Barrier"],"relics":["Burning Blood","Anchor","Pen Nib","CeramicFish"],"acts_visited":["Exordium"],"potions_floor_usage":[],"damage_taken":[{"damage":1.0,"enemies":"Jaw Worm","floor":1.0,"turns":5.0},{"damage":0,"enemies":"Small Slimes","floor":2,"turns":4},{"damage":8,"enemies":"Cultist","floor":7,"turns":4},{"damage":16,"enemies":"Hexaghost","floor":16,"turns":7}],"seed_played":"1544329454235929358","potions_obtained":[{"floor":7,"key":"Energy Potion"}],"is_trial":false,"path_per_floor":["M","M","?","$","?","R","M","R","T","R","?","R","?","$","R","B"],"character_chosen":"IRONCLAD","items_purchased":["Flame Barrier"],"campfire_rested":1,"item_purchase_floors":[14],"current_hp_per_floor":[73,75,64,64,64,64,62,62,62,62,39,39,28,28,50,34,34],"gold":379,"neow_bonus":"RANDOM_COMMON_RELIC","is_daily":false,"chose_seed":false,"campfire_upgraded":4,"win_rate":0.0,"timestamp":1610411461,"path_taken":["M","M","?","?","?","R","?","R","T","R","?","R","?","$","R","BOSS"],"items_purchased_type":["Card"],"build_version":"2020-12-22","purchased_purges":1,"victory":false,"max_hp_per_floor":[75,75,75,75,75,75,75,75,75,75,75,75,75,75,75,75,75],"relic_stats":{"counters":[4,20],"CeramicFish":9,"Pen Nib":[1],"obtain_stats":[{"Anchor":0,"CeramicFish":9,"Pen Nib":3,"Burning Blood":0},{"Anchor":0,"CeramicFish":3,"Pen Nib":2,"Burning Blood":0},{"Anchor":0,"CeramicFish":13,"Pen Nib":9,"Burning Blood":0}],"Burning Blood":14},"card_choices":[{"not_picked":["Wild Strike","Power Through"],"picked":"Heavy Blade","floor":1.0},{"not_picked":["Warcry","Burning Pact"],"picked":"Cleave","floor":2},{"not_picked":["Twin Strike","Sword Boomerang"],"picked":"True Grit","floor":7}],"player_experience":356594,"relics_obtained":[{"floor":9,"key":"CeramicFish"}],"event_choices":[{"damage_healed":0,"gold_gain":0,"player_choice":"Success","damage_taken":11,"relics_obtained":["Pen Nib"],"max_hp_gain":0,"max_hp_loss":0,"event_name":"Scrap Ooze","floor":3,"gold_loss":0},{"damage_healed":0,"gold_gain":275,"player_choice":"Desecrate","damage_taken":0,"max_hp_gain":0,"max_hp_loss":0,"event_name":"Golden Shrine","floor":5,"gold_loss":0,"cards_obtained":["Regret"]},{"damage_healed":0,"gold_gain":0,"player_choice":"Entered Light","damage_taken":23,"max_hp_gain":0,"max_hp_loss":0,"event_name":"Shining Light","floor":11,"gold_loss":0,"cards_upgraded":["Defend_R","Defend_R"]},{"damage_healed":0,"gold_gain":75,"player_choice":"Gather Gold","damage_taken":11,"max_hp_gain":0,"max_hp_loss":0,"event_name":"World of Goop","floor":13,"gold_loss":0}],"is_beta":false,"boss_relics":[],"items_purged_floors":[14],"is_endless":false,"potions_floor_spawned":[7],"killed_by":"Hexaghost","ascension_level":15}}