{"host":"qijhzzkmbgiiyux7","time":1610482964,"event":{"mods":["BaseMod","Downfall","Hermit","Minty Spire (QoL Compilation)","Replay The Spire","StSLib","The Cursed"],"gold_per_floor":[99,113,127,139,154,154,178,212,33,33,47,62,62,72,88,183,183,183,203,222,234,254,282,305,320,320,320,109,123,123,8,23,127,127,127,146,146,166,186,186,211,221,240,240,80,110,110,130,140,140],"floor_reached":51,"playtime":3164,"items_purged":["Strike_R","Defend_R"],"score":709,"play_id":"c7151499-4b8d-4b94-ad16-76b8c5287750","local_time":"20210112232244","is_ascension_mode":false,"campfire_choices":[{"data":"expansioncontent:PrepareCrush","floor":6,"key":"SMITH"},{"data":"Twin Strike","floor":10,"key":"SMITH"},{"data":"Cleave","floor":13,"key":"SMITH"},{"data":"Iron Wave","floor":18,"key":"SMITH"},{"floor":27,"key":"REST"},{"data":"Armaments","floor":30,"key":"SMITH"},{"data":"Barricade","floor":40,"key":"SMITH"},{"data":"Searing Blow+2","floor":47,"key":"SMITH"}],"circlet_count":0,"master_deck":["Strike_R","Strike_R","Strike_R+1","Defend_R","Defend_R","expansioncontent:PrepareCrush+1","Fiend Fire","Cleave","Fire Breathing","Whirlwind","Cleave+1","Juggernaut+1","Twin Strike+1","Clothesline","Clothesline","True Grit","True Grit","Disarm","Iron Wave+1","Spot Weakness","Juggernaut","Clash+1","Pommel Strike+1","Ghostly Armor+1","Run Through","ReplayTheSpireMod:Strike From Hell+1","ReplayTheSpireMod:Muscle Training+1","Armaments","Armaments+1","Dual Wield+1","Searing Blow+3","Barricade+1","AbeCurse","Bloodletting","Heavy Blade","Body Slam+1","Carnage+1","Headbutt+1","Run Through+1"],"relics":["Burning Blood","Replay:Mystery Machine","Replay:Rubber Ducky","Painkiller Herb","Bag of Preparation","Regal Pillow","Sling","Abe\u0027s Treasure","Whetstone","PreservedInsect"],"acts_visited":["Exordium","TheCity","TheBeyond"],"potions_floor_usage":[16,46],"damage_taken":[{"damage":1,"enemies":"Cultist","floor":2,"turns":4},{"damage":1,"enemies":"Jaw Worm","floor":3,"turns":3},{"damage":1,"enemies":"2 Louse","floor":4,"turns":2},{"damage":4,"enemies":"Blue Slaver","floor":5,"turns":4},{"damage":8,"enemies":"Gremlin Nob","floor":8,"turns":4},{"damage":0,"enemies":"downfall:FleeingMerchant","floor":9,"turns":4},{"damage":6,"enemies":"2 Fungi Beasts","floor":11,"turns":4},{"damage":10,"enemies":"Exordium Thugs","floor":12,"turns":4},{"damage":0,"enemies":"3 Louse","floor":14,"turns":2},{"damage":18,"enemies":"Exordium Wildlife","floor":15,"turns":3},{"damage":60,"enemies":"The Guardian","floor":16,"turns":10},{"damage":6,"enemies":"Chosen","floor":19,"turns":4},{"damage":4,"enemies":"Shell Parasite","floor":20,"turns":4},{"damage":14,"enemies":"Chosen and Byrds","floor":21,"turns":4},{"damage":10,"enemies":"Snake Plant","floor":22,"turns":5},{"damage":34,"enemies":"Slavers","floor":23,"turns":6},{"damage":9,"enemies":"Snecko","floor":25,"turns":5},{"damage":0,"enemies":"downfall:FleeingMerchant","floor":28,"turns":4},{"damage":0,"enemies":"Centurion and Healer","floor":29,"turns":4},{"damage":0,"enemies":"downfall:FleeingMerchant","floor":31,"turns":4},{"damage":6,"enemies":"Shelled Parasite and Fungi","floor":32,"turns":7},{"damage":60,"enemies":"downfall:Ironclad","floor":33,"turns":10},{"damage":0,"enemies":"3 Shapes","floor":36,"turns":3},{"damage":18,"enemies":"3 Darklings","floor":38,"turns":4},{"damage":7,"enemies":"Maw","floor":39,"turns":8},{"damage":33,"enemies":"Jaw Worm Horde","floor":42,"turns":4},{"damage":0,"enemies":"3 Darklings","floor":43,"turns":4},{"damage":0,"enemies":"downfall:FleeingMerchant","floor":45,"turns":4},{"damage":22,"enemies":"Nemesis","floor":46,"turns":7},{"damage":2,"enemies":"Sphere and 2 Shapes","floor":48,"turns":4},{"damage":0,"enemies":"Jaw Worm Horde","floor":49,"turns":3},{"damage":43,"enemies":"downfall:Watcher","floor":50,"turns":8}],"seed_played":"3793813302480407262","potions_obtained":[{"floor":2,"key":"sneckomod:MuddlingPotion"},{"floor":4,"key":"Strength Potion"},{"floor":8,"key":"LiquidBronze"},{"floor":11,"key":"Strength Potion"},{"floor":19,"key":"Strength Potion"},{"floor":22,"key":"Fire Potion"},{"floor":43,"key":"Regen Potion"},{"floor":46,"key":"Swift Potion"}],"is_trial":false,"path_per_floor":["R","M","M","M","M","R","T","E","$","R","M","M","R","M","M","B",null,"T","?","?","?","?","E","T","?","?","T","T","?","T","T","?","B",null,"T","?","?","?","?","T","T","?","?","?","T","E","T","?","?","B",null],"character_chosen":"IRONCLAD","items_purchased":["Clothesline","True Grit","Sling","Armaments","Whetstone"],"campfire_rested":1,"item_purchase_floors":[9,9,28,28,45],"current_hp_per_floor":[80,80,80,80,80,80,80,78,80,80,80,76,76,80,68,14,80,80,80,80,72,68,40,40,37,37,76,80,80,80,80,80,26,80,80,80,80,68,67,67,67,40,46,46,52,50,50,54,60,23],"gold":140,"neow_bonus":"RANDOM_COLORLESS","is_daily":false,"chose_seed":false,"campfire_upgraded":7,"win_rate":0.0,"timestamp":1610482964,"path_taken":["R","M","M","M","M","R","T","E","$","R","M","M","R","M","M","BOSS","T","?","?","?","?","E","T","?","?","T","T","?","T","T","?","BOSS","T","?","?","?","?","T","T","?","?","?","T","E","T","?","?","BOSS"],"items_purchased_type":["Card","Card","Relic","Card","Relic"],"build_version":"2020-12-22","purchased_purges":2,"victory":true,"max_hp_per_floor":[80,80,80,80,80,80,80,80,80,80,80,80,80,80,80,80,80,80,80,80,80,80,80,80,80,80,80,80,80,80,80,80,80,80,80,80,80,80,80,80,80,80,80,80,80,80,80,80,80,80],"card_choices":[{"not_picked":["expansioncontent:DefensiveStance","Replay:SS_forest_2"],"picked":"expansioncontent:PrepareCrush","floor":0},{"not_picked":["Infernal Blade","Feel No Pain"],"picked":"Cleave","floor":2},{"not_picked":["Perfected Strike","Twin Strike"],"picked":"Fire Breathing","floor":3},{"not_picked":["Dual Wield","Twin Strike"],"picked":"Whirlwind","floor":4},{"not_picked":["Pummel","Heavy Blade"],"picked":"Cleave","floor":5},{"not_picked":["Headbutt","Twin Strike"],"picked":"Juggernaut","floor":8},{"not_picked":["Fire Breathing","Offering"],"picked":"Twin Strike","floor":9},{"not_picked":["Clothesline","Dual Wield"],"picked":"True Grit","floor":11},{"not_picked":["Iron Wave","Body Slam"],"picked":"Disarm","floor":12},{"not_picked":["Life Link","Pommel Strike"],"picked":"Iron Wave","floor":14},{"not_picked":["Body Slam","Flame Barrier"],"picked":"Spot Weakness","floor":15},{"not_picked":["Corruption","Bludgeon"],"picked":"Juggernaut","floor":16},{"not_picked":["Power Through","Perfected Strike+1"],"picked":"Clash+1","floor":19},{"not_picked":["Clothesline","Twin Strike"],"picked":"Pommel Strike+1","floor":20},{"not_picked":["Inflame","Armaments"],"picked":"Ghostly Armor+1","floor":21},{"not_picked":["Whirlwind","Thunderclap"],"picked":"Run Through","floor":22},{"not_picked":["True Grit","Seeing Red"],"picked":"ReplayTheSpireMod:Strike From Hell+1","floor":23},{"not_picked":["Shockwave","Shrug It Off","Sword Boomerang"],"picked":"SKIP","floor":25},{"not_picked":["Seeing Red+1","Shrug It Off"],"picked":"ReplayTheSpireMod:Muscle Training+1","floor":28},{"not_picked":["ReplayTheSpireMod:Strike From Hell+1","Clothesline"],"picked":"Armaments","floor":29},{"not_picked":["Battle Trance","Run Through+1"],"picked":"Dual Wield+1","floor":31},{"not_picked":["Thunderclap","Corruption"],"picked":"Searing Blow+1","floor":32},{"not_picked":["Impervious","Fiend Fire"],"picked":"Barricade","floor":33},{"not_picked":["True Grit","Dual Wield","Iron Wave"],"picked":"SKIP","floor":36},{"not_picked":["Warcry+1","Pummel+1"],"picked":"Bloodletting","floor":38},{"not_picked":["Berserk","True Grit+1"],"picked":"Heavy Blade","floor":39},{"not_picked":["Blood for Blood","Sword Boomerang"],"picked":"Body Slam+1","floor":42},{"not_picked":["Body Slam","Hemokinesis+1","Sword Boomerang+1"],"picked":"SKIP","floor":43},{"not_picked":["Burning Pact+1","Heavy Blade"],"picked":"Carnage+1","floor":45},{"not_picked":["Armaments","Sever Soul"],"picked":"Headbutt+1","floor":46},{"not_picked":["Clothesline+1","Battle Trance+1","Replay:Undeath\u0027s Touch"],"picked":"SKIP","floor":48},{"not_picked":["Reckless Charge+1","Bludgeon"],"picked":"Run Through+1","floor":49}],"player_experience":42859,"relics_obtained":[{"floor":7,"key":"Replay:Mystery Machine"},{"floor":8,"key":"Replay:Rubber Ducky"},{"floor":23,"key":"Bag of Preparation"},{"floor":24,"key":"Regal Pillow"},{"floor":46,"key":"PreservedInsect"}],"event_choices":[{"cards_removed":["Defend_R"],"damage_healed":0,"gold_gain":0,"player_choice":"Removed Skill","damage_taken":0,"max_hp_gain":0,"max_hp_loss":0,"event_name":"Falling","floor":44,"gold_loss":0}],"is_beta":false,"boss_relics":[{"not_picked":["ChewingGum","Kintsugi"],"picked":"Painkiller Herb"},{"not_picked":["Fusion Hammer","SacredBark"],"picked":"Abe\u0027s Treasure"}],"items_purged_floors":[9,31],"is_endless":false,"potions_floor_spawned":[2,4,8,11,15,19,22,29,32,33,39,42,43,46,49],"ascension_level":0}}