{"host":"i9h64q9gphvrup4n","time":1610485044,"event":{"mods":["2.2 Compatiblity","AchievementEnabler","Aspiration","Astrologer","Bard","BaseMod","Beaked The Cultist","BetterRewards","Colored Powertips","Conspire","Downfall","Gremlin Mod","Hermit","Hubris","Infinite Spire","Jorbs\u0027s Wanderer Trilogy","Minty Spire (QoL Compilation)","Replay The Spire","Shop Mod","StSLib","SuperFastMode","The Blackbeard","The Bladedancer","The Bug Knight","The Construct","The Cursed","The Disciple","The Hierophant","The Jungle","The Necromancer","The Runesmith","The Wild Card","slay the spire mod where everything is the same but ironclad has a cowboy hat","vexMod"],"gold_per_floor":[113,44,60,77,93,93,128,128,128,163,113,135,154,154,154,244,244,255,31,31,68,88,88,117,117,142,161,161,178,204,254,254,371,371,440,114,133,157,157,157,202,202,202,256,256,256,308,359,359,395,395,395,11,51,73],"floor_reached":56,"language":"ENG","playtime":2403,"items_purged":[],"score":2072,"play_id":"aa4d555b-93a3-4ff5-8175-e9c3fd51dd2a","local_time":"20210112145724","is_ascension_mode":true,"campfire_choices":[{"floor":15,"key":"REST"},{"floor":23,"key":"REST"},{"floor":25,"key":"RECALL"},{"floor":32,"key":"REST"},{"floor":40,"key":"REST"},{"floor":42,"key":"REST"},{"floor":46,"key":"REST"},{"floor":49,"key":"REST"},{"floor":52,"key":"REST"}],"circlet_count":0,"master_deck":["AscendersBane","Strike_W","Strike_W","Strike_W","Strike_W","Defend_W","Defend_W","Defend_W+1","Defend_W","Negative_Energy_Arrows","Bone_Wall","Summon_Undead+1","Necrotic_Claws+1","Strike_from_Beyond","Summon_Lich","Negative_Energy_Shield","Life_Drain","Strike_from_Beyond+1","conspire:SpireCoStock","Negative_Energy_Shield","Negative_Energy_Shield","Toxic_Smoke_Screen","Summon_Lich","Cloudkill","Summon_Undead_Army","Summon_Lich","Death_March_Dance","Necrotic_Claws","Death_March_Dance","Summon_Undead+1","Blood_Is_Power","Life_Drain","Acid_Javelin+1","Reap_The_Weak","CurseOfTheBell","Bone_Bullets+1","Summon_Lich","Plague_Bolt","Acid_Javelin","Negative_Energy_Shield+1","Life_Drain","Summon_Undead+1","Parasite","Death_March_Dance","Summon_Undead_Army","Acid_Javelin"],"relics":["Vampire_Amulet","aspiration:ArtOfWarUpgrade","Blood Vial","Prayer Wheel","Replay:Mystery Machine","Potion Belt","Fusion Hammer","Vajra","MutagenicStrength","Whetstone","vexMod:ScavengeHelm","aspiration:ChemicalBlood","Bottled Tornado","infinitespire:EvilPickle","Calling Bell","PreservedInsect","Replay:Bottled Eggs","infinitespire:Golems Mask","infinitespire:BottledMercury","hubris:SlimyHat","Gremlin Food","Question Card","Gremlin Horn","ChewingGum","Replay:Bandana","Toy Ornithopter","Medical Kit","Anchor"],"acts_visited":["Exordium","TheCity","TheBeyond","TheEnding"],"potions_floor_usage":[4,13,18,22,31,33,33,37,37,38,38,41,41,44,44,48,48,50,50,50,50,50,50,54,54,55,55,55,55,55,55],"damage_taken":[{"damage":2,"enemies":"Small Slimes","floor":1,"turns":4},{"damage":3,"enemies":"2 Louse","floor":3,"turns":3},{"damage":0,"enemies":"conspire:RoseBush","floor":4,"turns":4},{"damage":8,"enemies":"Blue Slaver","floor":5,"turns":4},{"damage":7,"enemies":"Lagavulin","floor":7,"turns":8},{"damage":40,"enemies":"3 Sentries","floor":10,"turns":6},{"damage":12,"enemies":"Exordium Wildlife","floor":12,"turns":3},{"damage":16,"enemies":"Exordium Thugs","floor":13,"turns":3},{"damage":23,"enemies":"The Guardian","floor":16,"turns":10},{"damage":19,"enemies":"Spheric Guardian","floor":18,"turns":5},{"damage":18,"enemies":"conspire:MimicChest","floor":21,"turns":6},{"damage":12,"enemies":"Snecko","floor":22,"turns":5},{"damage":13,"enemies":"Replay:Snechameleon","floor":24,"turns":6},{"damage":5,"enemies":"Sentry and Sphere","floor":27,"turns":4},{"damage":14,"enemies":"Centurion and Healer","floor":29,"turns":5},{"damage":23,"enemies":"HollowMod:Nosk","floor":31,"turns":6},{"damage":33,"enemies":"Pondfish","floor":33,"turns":8},{"damage":6,"enemies":"3 Shapes","floor":35,"turns":4},{"damage":19,"enemies":"3 Darklings","floor":37,"turns":4},{"damage":55,"enemies":"Transient","floor":38,"turns":5},{"damage":37,"enemies":"Reptomancer","floor":41,"turns":5},{"damage":35,"enemies":"HollowMod:StalkingDevout","floor":44,"turns":6},{"damage":60,"enemies":"Reptomancer","floor":47,"turns":6},{"damage":16,"enemies":"Writhing Mass","floor":48,"turns":5},{"damage":70,"enemies":"Donu and Deca","floor":50,"turns":8},{"damage":66,"enemies":"Shield and Spear","floor":54,"turns":6},{"damage":144,"enemies":"The Heart","floor":55,"turns":9}],"seed_played":"-4800751129298532627","potions_obtained":[{"floor":3,"key":"Strength Potion"},{"floor":4,"key":"Fruit Juice"},{"floor":10,"key":"champ:CounterPotion"},{"floor":13,"key":"Explosive Potion"},{"floor":16,"key":"champ:CounterPotion"},{"floor":21,"key":"sneckomod:MuddlingPotion"},{"floor":29,"key":"Block Potion"},{"floor":31,"key":"Dexterity Potion"},{"floor":31,"key":"Milkshake"},{"floor":41,"key":"AttackPotion"},{"floor":44,"key":"SmokeBomb"},{"floor":47,"key":"Block Potion"},{"floor":48,"key":"LiquidBronze"},{"floor":54,"key":"ColorlessPotion"}],"is_trial":false,"path_per_floor":["M","$","M","M","M","R","E","R","T","E","?","M","M","?","R","B",null,"M","$","?","?","M","R","E","R","T","M","?","M","T","E","R","B",null,"M","$","M","M","?","R","E","R","T","E","AVR","R","E","M","R","B",null,"R","$","E","B",null],"character_chosen":"NECROMANCER","items_purchased":["Necrotic_Claws","Summon_Lich","Vajra","Summon_Lich","infinitespire:BottledMercury","Toy Ornithopter","Summon_Undead_Army","Medical Kit"],"campfire_rested":8,"item_purchase_floors":[2,19,19,36,36,53,53,53],"current_hp_per_floor":[70,70,71,78,72,72,67,67,67,35,35,29,25,13,37,28,67,58,58,58,50,42,66,57,57,57,58,58,56,56,49,73,62,76,80,80,63,24,32,56,43,67,67,52,52,76,38,41,65,19,65,80,80,41,16],"gold":73,"neow_bonus":"RANDOM_COMMON_RELIC","is_daily":false,"chose_seed":false,"campfire_upgraded":0,"win_rate":0.0,"timestamp":1610485044,"path_taken":["M","$","M","M","M","R","E","R","T","E","?","M","M","?","R","BOSS","M","$","?","?","M","R","E","R","T","?","?","M","?","E","R","BOSS","M","$","M","M","?","R","E","R","T","E","AVR","R","E","M","R","BOSS","R","$","E","BOSS"],"items_purchased_type":["Card","Card","Relic","Card","Relic","Relic","Card","Relic"],"build_version":"2020-12-22","purchased_purges":0,"victory":true,"max_hp_per_floor":[75,75,75,80,80,80,80,80,80,80,80,80,80,80,80,80,80,80,80,80,80,80,80,80,80,80,80,80,80,80,80,80,80,80,80,80,80,80,80,80,80,80,80,80,80,80,80,80,80,80,80,80,80,80,80],"card_choices":[{"not_picked":["Slay_Living","Thousand_Bone_Knives"],"picked":"Summon_Undead","floor":1},{"not_picked":["Bones_to_Steel","Bone_Shift"],"picked":"Strike_from_Beyond","floor":3},{"not_picked":["Bone_Bullets","Negative_Energy_Sphere"],"picked":"Summon_Lich","floor":4},{"not_picked":["Thousand_Bone_Knives","Shackles_Of_Pain"],"picked":"Negative_Energy_Shield","floor":5},{"not_picked":["Blood_Magic","Thousand_Bone_Knives"],"picked":"Life_Drain","floor":7},{"not_picked":["Negative_Energy_Javelin","Bones_to_Steel"],"picked":"Strike_from_Beyond","floor":10},{"not_picked":["Vampiric_Strike","Spectral_Armor"],"picked":"Negative_Energy_Shield","floor":12},{"not_picked":["Negative_Energy_Javelin","Chill_Blood"],"picked":"Negative_Energy_Shield","floor":12},{"not_picked":["Chill_Blood","Requiem"],"picked":"Toxic_Smoke_Screen","floor":13},{"not_picked":["Corrupt","Summon_Undead"],"picked":"Summon_Lich","floor":13},{"not_picked":["Skeleton_Dragon","Detonate_Bones"],"picked":"Cloudkill","floor":16},{"not_picked":["Blood_Whip","Consume_Illness"],"picked":"Summon_Undead_Army","floor":18},{"not_picked":["Shade_Step","Chill_Blood+1","Blood_Shield"],"picked":"SKIP","floor":18},{"not_picked":["Shade_Step","Chill_Blood+1","Blood_Shield"],"picked":"SKIP","floor":18},{"not_picked":["Shade_Step","Bone_Armory"],"picked":"Death_March_Dance","floor":22},{"not_picked":["Blood_Curse","Bone_Prison","Scare"],"picked":"SKIP","floor":22},{"not_picked":["Vampiric_Strike+1","Slay_Living"],"picked":"Necrotic_Claws","floor":24},{"not_picked":["Toxic_Smoke_Screen","Blood_Shield"],"picked":"Death_March_Dance","floor":27},{"not_picked":["Chill_Blood","Negative_Energy_Shield"],"picked":"Summon_Undead+1","floor":27},{"not_picked":["Negative_Energy_Sphere","Scare"],"picked":"Blood_Is_Power","floor":29},{"not_picked":["Bones_to_Steel","Negative_Energy_Javelin"],"picked":"Life_Drain","floor":29},{"not_picked":["Death_March_Dance","Deaths_Shadow"],"picked":"Acid_Javelin","floor":31},{"not_picked":["Detonate_Bones","Requiem"],"picked":"Reap_The_Weak","floor":33},{"not_picked":["Requiem","Epidemic"],"picked":"Bone_Bullets+1","floor":35},{"not_picked":["Bone_Shift","Vampiric_Strike","Chill_Blood"],"picked":"SKIP","floor":35},{"not_picked":["Bone_Spikes","Scare"],"picked":"Plague_Bolt","floor":37},{"not_picked":["Corrupt","Violent_Necrosis"],"picked":"Acid_Javelin","floor":37},{"not_picked":["Bone_Bullets","Blood_Whip+1"],"picked":"Negative_Energy_Shield","floor":38},{"not_picked":["Blood_Whip","Scare","Negative_Energy_Sphere"],"picked":"SKIP","floor":38},{"not_picked":["Death_March_Dance","Deaths_Shadow+1"],"picked":"Life_Drain","floor":41},{"not_picked":["Blood_Whip","Chill_Blood+1"],"picked":"Summon_Undead","floor":44},{"not_picked":["Shackles_Of_Pain+1","Scare+1","Bones_to_Steel","Vampiric_Strike+1"],"picked":"SKIP","floor":47},{"not_picked":["Spectral_Walk","Shackles_Of_Pain","Blood_Whip+1"],"picked":"Death_March_Dance","floor":48},{"not_picked":["Spectral_Walk","Shackles_Of_Pain+1","Negative_Energy_Javelin","Negative_Energy_Mist"],"picked":"SKIP","floor":48},{"not_picked":["Detonate_Bones","Negative_Energy_Mist","Consume_Illness"],"picked":"Acid_Javelin","floor":54}],"player_experience":721156,"relics_obtained":[{"floor":7,"key":"Blood Vial"},{"floor":9,"key":"Prayer Wheel"},{"floor":10,"key":"Replay:Mystery Machine"},{"floor":21,"key":"Whetstone"},{"floor":24,"key":"vexMod:ScavengeHelm"},{"floor":26,"key":"aspiration:ChemicalBlood"},{"floor":31,"key":"Bottled Tornado"},{"floor":34,"key":"PreservedInsect"},{"floor":34,"key":"Replay:Bottled Eggs"},{"floor":34,"key":"infinitespire:Golems Mask"},{"floor":41,"key":"hubris:SlimyHat"},{"floor":43,"key":"Gremlin Food"},{"floor":44,"key":"Question Card"},{"floor":47,"key":"Replay:Bandana"},{"floor":54,"key":"Anchor"}],"event_choices":[{"damage_healed":0,"gold_gain":0,"player_choice":"Invest 1","damage_taken":0,"max_hp_gain":0,"max_hp_loss":0,"event_name":"conspire:Investor","floor":11,"gold_loss":0},{"damage_healed":0,"gold_gain":0,"player_choice":"Success","damage_taken":12,"relics_obtained":["Potion Belt"],"max_hp_gain":0,"max_hp_loss":0,"event_name":"Scrap Ooze","floor":14,"gold_loss":0},{"damage_healed":0,"gold_gain":0,"player_choice":"Inject Mutagens","damage_taken":0,"relics_obtained":["MutagenicStrength"],"max_hp_gain":0,"max_hp_loss":0,"event_name":"Drug Dealer","floor":20,"gold_loss":0},{"damage_healed":0,"gold_gain":0,"player_choice":"Ignored","damage_taken":0,"max_hp_gain":0,"max_hp_loss":0,"event_name":"Ghosts","floor":28,"gold_loss":0}],"is_beta":false,"boss_relics":[{"not_picked":["infinitespire:Cupcake","vexMod:MegatonBomb"],"picked":"Fusion Hammer"},{"not_picked":["Replay:Grab Bag","Pandora\u0027s Box"],"picked":"Calling Bell"}],"items_purged_floors":[],"is_endless":false,"potions_floor_spawned":[3,4,10,13,16,21,29,31,41,44,48,54],"ascension_level":13}}