{"host":"k85tjwrh7mjrrc9a","time":1610476152,"event":{"mods":["AchievementEnabler","BaseMod","Colored Powertips","Highlight Path","Minty Spire (QoL Compilation)","Rare Cards Sparkle","StSLib"],"gold_per_floor":[218,238,186,203,278,278,305,317,395,414,414,414,438,463,463,563,563,579,579,579,359,359,359,387,387,413,512,543,554,565,490,490,490,490],"floor_reached":33,"playtime":1698,"items_purged":["Strike_R"],"score":462,"play_id":"8aabf8cb-3a60-4190-8013-fa5768802b85","local_time":"20210112132912","is_ascension_mode":true,"campfire_choices":[{"data":"Armaments","floor":6.0,"key":"SMITH"},{"floor":11.0,"key":"REST"},{"data":"Pommel Strike","floor":15.0,"key":"SMITH"},{"floor":23.0,"key":"REST"},{"data":"True Grit","floor":32.0,"key":"SMITH"}],"circlet_count":0,"master_deck":["AscendersBane","Defend_R","Defend_R","Defend_R","Bash","Iron Wave","Shrug It Off","Armaments+1","Wild Strike","Pommel Strike+1","Inflame","Body Slam","Clothesline","Feed","Heavy Blade","Necronomicurse","True Grit+1","Bite","Bite","Bite","Bite","Bite","True Grit+1","Uppercut","Shrug It Off"],"relics":["Burning Blood","Torii","Meat on the Bone","Odd Mushroom","Boot","Runic Cube","Necronomicon","Toolbox","Darkstone Periapt","Regal Pillow","Nunchaku","Anchor"],"acts_visited":["Exordium","TheCity"],"potions_floor_usage":[33],"damage_taken":[{"damage":15.0,"enemies":"Jaw Worm","floor":1.0,"turns":6.0},{"damage":3.0,"enemies":"2 Louse","floor":2.0,"turns":3.0},{"damage":1.0,"enemies":"Small Slimes","floor":4.0,"turns":6.0},{"damage":31.0,"enemies":"Lagavulin","floor":7.0,"turns":10.0},{"damage":16.0,"enemies":"Exordium Wildlife","floor":8.0,"turns":7.0},{"damage":8.0,"enemies":"Blue Slaver","floor":10.0,"turns":4.0},{"damage":12.0,"enemies":"The Mushroom Lair","floor":13.0,"turns":4.0},{"damage":29.0,"enemies":"3 Sentries","floor":14.0,"turns":8.0},{"damage":19.0,"enemies":"Hexaghost","floor":16.0,"turns":12.0},{"damage":28.0,"enemies":"3 Byrds","floor":18.0,"turns":7.0},{"damage":28.0,"enemies":"Book of Stabbing","floor":24.0,"turns":8.0},{"damage":43.0,"enemies":"Slavers","floor":28.0,"turns":7.0},{"damage":14.0,"enemies":"Shell Parasite","floor":29.0,"turns":5.0},{"damage":10.0,"enemies":"Shelled Parasite and Fungi","floor":30.0,"turns":4.0},{"damage":71,"enemies":"Collector","floor":33,"turns":6}],"seed_played":"-5684456840474006827","potions_obtained":[{"floor":1.0,"key":"Fire Potion"},{"floor":8.0,"key":"Strength Potion"},{"floor":10.0,"key":"SneckoOil"},{"floor":28.0,"key":"Regen Potion"},{"floor":29.0,"key":"BlessingOfTheForge"}],"is_trial":false,"path_per_floor":["M","M","$","M","?","R","E","M","T","M","R","?","?","E","R","B",null,"M","?","?","$","T","R","E","?","T","?","E","M","M","?","R","B"],"character_chosen":"IRONCLAD","items_purchased":["Shrug It Off","Toolbox"],"campfire_rested":2,"item_purchase_floors":[3,21],"current_hp_per_floor":[63,66,66,71,60,60,35,25,25,35,59,59,53,42,42,41,70,52,36,36,36,36,61,55,55,55,55,41,38,56,56,56,0,0],"gold":490,"neow_bonus":"HUNDRED_GOLD","is_daily":false,"chose_seed":false,"campfire_upgraded":3,"win_rate":0.0,"timestamp":1610476152,"path_taken":["M","M","$","M","?","R","E","M","T","M","R","?","?","E","R","BOSS","M","?","?","$","?","R","E","?","T","?","E","?","M","?","R","BOSS"],"items_purchased_type":["Card","Relic"],"build_version":"2020-12-22","purchased_purges":1,"victory":false,"max_hp_per_floor":[80,80,80,80,80,80,80,80,80,80,80,80,80,80,80,80,80,84,84,84,84,84,84,88,61,61,61,61,61,65,65,65,65,65],"card_choices":[{"not_picked":["Sword Boomerang","Dual Wield","Rupture"],"picked":"SKIP","floor":1.0},{"not_picked":["Warcry","Blood for Blood"],"picked":"Iron Wave","floor":2.0},{"not_picked":["Thunderclap","Iron Wave"],"picked":"Armaments","floor":4.0},{"not_picked":["Perfected Strike","Warcry"],"picked":"Wild Strike","floor":7.0},{"not_picked":["Twin Strike","Cleave"],"picked":"Pommel Strike","floor":8.0},{"not_picked":["Bludgeon","Searing Blow"],"picked":"Inflame","floor":10.0},{"not_picked":["Carnage","Wild Strike"],"picked":"Body Slam","floor":13.0},{"not_picked":["Iron Wave","Intimidate"],"picked":"Clothesline","floor":14.0},{"not_picked":["Offering","Brutality"],"picked":"Feed","floor":16.0},{"not_picked":["Body Slam","Armaments"],"picked":"Heavy Blade","floor":18.0},{"not_picked":["Iron Wave","Havoc+1","Perfected Strike"],"picked":"SKIP","floor":24.0},{"not_picked":["Intimidate+1","Twin Strike"],"picked":"True Grit+1","floor":28.0},{"not_picked":["Iron Wave","Sword Boomerang"],"picked":"Uppercut","floor":29.0},{"not_picked":["Sword Boomerang+1","Burning Pact"],"picked":"Shrug It Off","floor":30.0}],"player_experience":182644,"relics_obtained":[{"floor":7.0,"key":"Torii"},{"floor":9.0,"key":"Meat on the Bone"},{"floor":13.0,"key":"Odd Mushroom"},{"floor":14.0,"key":"Boot"},{"floor":19.0,"key":"Necronomicon"},{"floor":22.0,"key":"Darkstone Periapt"},{"floor":24.0,"key":"Regal Pillow"},{"floor":26.0,"key":"Nunchaku"},{"floor":28.0,"key":"Anchor"}],"event_choices":[{"damage_healed":0.0,"max_hp_gain":0.0,"max_hp_loss":0.0,"gold_gain":75.0,"event_name":"World of Goop","player_choice":"Gather Gold","floor":5.0,"gold_loss":0.0,"damage_taken":11.0},{"damage_healed":0.0,"max_hp_gain":0.0,"max_hp_loss":0.0,"gold_gain":0.0,"event_name":"Shining Light","player_choice":"Ignored","floor":12.0,"gold_loss":0.0,"damage_taken":0.0},{"damage_healed":0.0,"max_hp_gain":0.0,"max_hp_loss":0.0,"gold_gain":0.0,"event_name":"Mushrooms","player_choice":"Fought Mushrooms","floor":13.0,"gold_loss":0.0,"damage_taken":0.0},{"damage_healed":0.0,"max_hp_gain":0.0,"max_hp_loss":0.0,"gold_gain":0.0,"event_name":"Cursed Tome","player_choice":"Obtained Book","floor":19.0,"gold_loss":0.0,"damage_taken":16.0},{"damage_healed":0.0,"max_hp_gain":0.0,"max_hp_loss":0.0,"gold_gain":0.0,"event_name":"The Library","player_choice":"Read","floor":20.0,"gold_loss":0.0,"damage_taken":0.0,"cards_obtained":["True Grit"]},{"damage_healed":0.0,"max_hp_gain":0.0,"max_hp_loss":27.0,"gold_gain":0.0,"event_name":"Vampires","player_choice":"Became a vampire","floor":25.0,"gold_loss":0.0,"damage_taken":0.0,"cards_obtained":["Bite","Bite","Bite","Bite","Bite"]},{"damage_healed":0.0,"max_hp_gain":0.0,"max_hp_loss":0.0,"gold_gain":99.0,"event_name":"Nest","player_choice":"Stole From Cult","floor":27.0,"gold_loss":0.0,"damage_taken":0.0},{"cards_removed":["Defend_R"],"damage_healed":0.0,"max_hp_gain":0.0,"max_hp_loss":0.0,"gold_gain":0.0,"event_name":"Beggar","player_choice":"Gave Gold","floor":31.0,"gold_loss":75.0,"damage_taken":0.0}],"is_beta":false,"boss_relics":[{"not_picked":["Runic Dome","SacredBark"],"picked":"Runic Cube"}],"items_purged_floors":[21],"is_endless":false,"potions_floor_spawned":[1,8,10,28,29],"killed_by":"Collector","ascension_level":10}}