{"host":"ox77rn1xcurm2t5a","time":1610490858,"event":{"mods":["2.2 Compatiblity","AchievementEnabler","Act Like it!","Aspiration","BaseMod","Best Route Mod","Better Match","Better Note","Better Sensory Stone","Block Reminder","Colored Map","Colored Powertips","Conjunction","Conspire","Custom Start","Energized Spire","GifTheSpireLib","Gold Saver","Gremlin Skip","Halation","Highlight Path","Hubris","Infinite Spire","Minty Spire (QoL Compilation)","Pale of the Ancients","Quick Restart","Replay The Spire","Reworked Bosses","ShortenTheSpire","Spire Exporter","StSLib","Stuff the Spire","Wandering Minibosses","vexMod"],"gold_per_floor":[117,2829,2829,2846,2846,2846,2874,2889,2889,2633,2633,2662,2662,2662,2662,2737,2737,2755,2755,2755,2755,2768,2797,2328,2362,2362,2391,2391,2391,2416,2429,2429,2504,2504,2519,2519,2535,2535,2535,2535,2535],"floor_reached":40,"language":"ENG","playtime":1475,"items_purged":["Strike_B","Strike_B","Strike_B","Defend_B"],"score":923,"play_id":"4fffcded-9d6c-4e11-8dab-f99f01484aaf","local_time":"20210113003418","is_ascension_mode":true,"campfire_choices":[{"floor":6.0,"key":"RECALL"},{"data":"Dualcast","floor":11.0,"key":"SMITH"},{"data":"Glacier","floor":13.0,"key":"SMITH"},{"data":"Ball Lightning","floor":15.0,"key":"SMITH"},{"floor":28,"key":"REST"},{"data":"Static Discharge","floor":32,"key":"SMITH"}],"circlet_count":0,"master_deck":["AscendersBane","Defend_B+1","Defend_B+1","Defend_B","Zap+1","Dualcast+1","Capacitor+1","Cold Snap+1","Chaos+1","Ball Lightning+1","Cold Snap+1","Glacier+1","Echo Form+1","Loop+1","infinitespire:Oblivion+1","infinitespire:Collect+1","StuffTheSpire:Plugnplay+1","Gash","Static Discharge+1","StuffTheSpire:Coldhearted+1"],"relics":["Cracked Core","NeowsBlessing","ReplayFunnel","StuffTheSpire:Gunfinga","vexMod:PaidLearning","halation:LettersToHer","HandDrill","Smiling Mask","Girya","vexMod:ImprovementManual","StuffTheSpire:OldFever","War Paint","Membership Card","Replay:Towering Pillar of Hats","aspiration:TomeofQuesting","halation:TwoAmDonut"],"acts_visited":["Exordium","TheCity","TheBeyond"],"potions_floor_usage":[27],"damage_taken":[{"damage":0.0,"enemies":"2 Louse","floor":1.0,"turns":1.0},{"damage":0.0,"enemies":"Small Slimes","floor":4.0,"turns":1.0},{"damage":0.0,"enemies":"Gremlin Nob","floor":7.0,"turns":1.0},{"damage":0.0,"enemies":"Jaw Worm","floor":8.0,"turns":2.0},{"damage":21.0,"enemies":"Lagavulin","floor":12.0,"turns":4.0},{"damage":32.0,"enemies":"Slime Boss","floor":16.0,"turns":12.0},{"damage":7.0,"enemies":"Chosen","floor":18.0,"turns":5.0},{"damage":0.0,"enemies":"Shell Parasite","floor":20.0,"turns":1.0},{"damage":0.0,"enemies":"Snecko","floor":22.0,"turns":4.0},{"damage":10.0,"enemies":"conspire:SneckoGhost","floor":23.0,"turns":7.0},{"damage":32.0,"enemies":"Gremlin Leader","floor":25.0,"turns":6.0},{"damage":0,"enemies":"conspire:Head Lice","floor":27,"turns":4},{"damage":0,"enemies":"Slavers","floor":30,"turns":5},{"damage":0,"enemies":"Centurion and Healer","floor":31,"turns":3},{"damage":27,"enemies":"bossMod:newCollector","floor":33,"turns":8},{"damage":8,"enemies":"3 Shapes","floor":35,"turns":4},{"damage":34,"enemies":"3 Darklings","floor":37,"turns":6},{"damage":14,"enemies":"Nemesis","floor":40,"turns":3}],"seed_played":"6309006864521347634","potions_obtained":[{"floor":1.0,"key":"SmokeBomb"},{"floor":12.0,"key":"Elixir"},{"floor":23.0,"key":"ColorlessPotion"},{"floor":25.0,"key":"FocusPotion"},{"floor":30,"key":"Elixir"},{"floor":31,"key":"SteroidPotion"}],"is_trial":false,"path_per_floor":["M","$","?","M","?","R","E","M","T","$","R","E","R","?","R","B",null,"M","?","M","AVR","M","E","$","E","T","E","R","?","E","M","R","B",null,"M","?","M","?","?","E"],"character_chosen":"DEFECT","items_purchased":["Capacitor","Cold Snap","Chaos","ReplayFunnel","StuffTheSpire:Gunfinga","vexMod:PaidLearning","Fire Potion","HandDrill","Gash","Static Discharge","War Paint","Membership Card"],"campfire_rested":1,"item_purchase_floors":[2,2,2,2,2,2,2,10,24,24,24,24],"current_hp_per_floor":[64,64,64,64,64,64,64,64,64,64,64,43,43,43,43,11,56,49,49,49,49,49,39,39,7,7,7,28,28,28,28,28,1,54,46,46,12,12,12,0,0],"gold":2535,"neow_bonus":"THREE_ENEMY_KILL","is_daily":false,"chose_seed":false,"campfire_upgraded":4,"win_rate":0.0,"timestamp":1610490858,"path_taken":["M","$","?","M","?","R","E","M","T","$","R","E","R","?","R","BOSS","BOSS","M","?","M","AVR","M","E","$","E","T","E","R","?","E","M","R","BOSS","M","?","M","?","?","E"],"items_purchased_type":["Card","Card","Card","Relic","Relic","Relic","Potion","Relic","Card","Card","Relic","Relic"],"build_version":"2020-12-22","purchased_purges":4,"victory":false,"max_hp_per_floor":[71,71,71,71,71,71,71,71,71,71,71,71,71,71,71,71,71,71,71,71,71,71,71,71,71,71,71,71,71,71,71,71,71,71,71,71,71,67,67,67,67],"card_choices":[{"not_picked":["Beam Cell","Force Field","hubris:PowerSurge"],"picked":"SKIP","floor":1.0},{"not_picked":["Streamline","Double Energy","Steam"],"picked":"SKIP","floor":4.0},{"not_picked":["hubris:Prefetch","Reinforced Body"],"picked":"Ball Lightning","floor":7.0},{"not_picked":["Go for the Eyes","Turbo"],"picked":"Cold Snap","floor":8.0},{"not_picked":["Turbo","Thunder Strike"],"picked":"Glacier","floor":12.0},{"not_picked":["Multi-Cast","Core Surge"],"picked":"Echo Form","floor":16.0},{"not_picked":["Heatsinks","StuffTheSpire:SnapShoot"],"picked":"Loop+1","floor":18.0},{"not_picked":["ReplayGash","Steam"],"picked":"StuffTheSpire:Plugnplay+1","floor":22.0},{"not_picked":["ReplayTheSpireMod:Calculation Training+1","Recycle+1","Cold Snap"],"picked":"SKIP","floor":23.0},{"not_picked":["Panic Button","Fission","BasicCrystalCard"],"picked":"SKIP","floor":25.0},{"not_picked":["Stack","Rip and Tear","Leap"],"picked":"SKIP","floor":27},{"not_picked":["Panic Button","Mirror Shield","StuffTheSpire:ShieldGenerator"],"picked":"SKIP","floor":30},{"not_picked":["Ball Lightning","Go for the Eyes"],"picked":"StuffTheSpire:Coldhearted+1","floor":31},{"not_picked":["Beam Cell","Recycle","StuffTheSpire:Plugnplay"],"picked":"SKIP","floor":35},{"not_picked":["Doom and Gloom","Genetic Algorithm","Stack"],"picked":"SKIP","floor":37}],"player_experience":2983995,"relics_obtained":[{"floor":7.0,"key":"halation:LettersToHer"},{"floor":9.0,"key":"halation:LettersToHer"},{"floor":12.0,"key":"Smiling Mask"},{"floor":23.0,"key":"StuffTheSpire:OldFever"},{"floor":25.0,"key":"Replay:Towering Pillar of Hats"},{"floor":26.0,"key":"halation:LettersToHer"},{"floor":27,"key":"aspiration:TomeofQuesting"},{"floor":30,"key":"halation:TwoAmDonut"}],"event_choices":[{"damage_healed":0.0,"max_hp_gain":0.0,"max_hp_loss":0.0,"gold_gain":0.0,"event_name":"Liars Game","player_choice":"Ignored","floor":3.0,"gold_loss":0.0,"damage_taken":0.0},{"damage_healed":0,"gold_gain":0,"player_choice":"Max HP","damage_taken":0,"max_hp_gain":0,"max_hp_loss":4,"event_name":"Winding Halls","floor":38,"gold_loss":0}],"is_beta":false,"boss_relics":[{"not_picked":["aspiration:WatcherSkillbook","halation:PlatinumPhoenix","Replay:Bronze Core"]},{"not_picked":["Abe\u0027s Treasure","Replay:Ancient Bell","vexMod:RockOfEvil"]}],"items_purged_floors":[2,10,21,24],"is_endless":false,"potions_floor_spawned":[1,12,16,23,25,30,31],"killed_by":"Nemesis","ascension_level":14}}