{"host":"a0jvtjlr4867li78","time":1610471932,"event":{"mods":["BaseMod","Colored Powertips","Minty Spire (QoL Compilation)"],"gold_per_floor":[114,154,169,184,184,184,214,214,264,264,264,264,279,104,104,204,204,219,219,234,234,260,260,275,275,300,315,330,8,38,53,53,183,183,228,243,243,143,158,158,198,198,198,198,213,63,63,63,63,63],"floor_reached":51,"playtime":6465,"items_purged":["Establishment","Grand Finale"],"score":682,"play_id":"69d5cc9b-3061-4fd7-ac37-e2afc120a4b7","local_time":"20210112111852","daily_mods":["Shiny","Green Cards","Terminal"],"is_ascension_mode":false,"campfire_choices":[{"data":"Alpha","floor":6.0,"key":"SMITH"},{"data":"Adrenaline","floor":8.0,"key":"SMITH"},{"data":"Tools of the Trade","floor":10.0,"key":"SMITH"},{"data":"MasterReality","floor":12.0,"key":"SMITH"},{"data":"Omniscience","floor":15.0,"key":"SMITH"},{"floor":23.0,"key":"REST"},{"floor":25.0,"key":"REST"},{"data":"After Image","floor":32.0,"key":"SMITH"},{"data":"Vault","floor":40.0,"key":"SMITH"},{"data":"Burst","floor":42.0,"key":"SMITH"},{"data":"Wraith Form v2","floor":47.0,"key":"SMITH"},{"data":"Devotion","floor":49.0,"key":"SMITH"}],"circlet_count":0,"master_deck":["Venomology","Corpse Explosion","Malaise+1","Phantasmal Killer","Die Die Die","Adrenaline+1","Envenom","Doppelganger","Burst+1","Wraith Form v2+1","Tools of the Trade+1","Night Terror","Unload+1","After Image+1","Bullet Time","Storm of Steel+1","Glass Knife","A Thousand Cuts","Judgement","ConjureBlade","MasterReality+1","Brilliance","Devotion+1","Ragnarok","LessonLearned","Scrawl","Vault+1","Alpha+1","Wish","Omniscience+1","SpiritShield","DevaForm","DeusExMachina","Prepared","SandsOfTime","Prepared","CutThroughFate","Predator","Noxious Fumes+1","Prepared+1","Madness","Madness","PathToVictory+1","Madness"],"relics":["PureWater","Bird Faced Urn","Juzu Bracelet","Black Star","Nilry\u0027s Codex","Letter Opener","Red Mask","Bronze Scales","Frozen Egg 2","MealTicket","Unceasing Top","Busted Crown","Oddly Smooth Stone"],"acts_visited":["Exordium","TheCity","TheBeyond"],"potions_floor_usage":[50,50],"damage_taken":[{"damage":6.0,"enemies":"Small Slimes","floor":1.0,"turns":3.0},{"damage":0.0,"enemies":"2 Louse","floor":2.0,"turns":2.0},{"damage":0.0,"enemies":"Jaw Worm","floor":3.0,"turns":1.0},{"damage":5.0,"enemies":"Looter","floor":4.0,"turns":2.0},{"damage":10.0,"enemies":"Gremlin Gang","floor":13.0,"turns":4.0},{"damage":5.0,"enemies":"The Guardian","floor":16.0,"turns":6.0},{"damage":0.0,"enemies":"Spheric Guardian","floor":18.0,"turns":3.0},{"damage":26.0,"enemies":"Shell Parasite","floor":20.0,"turns":5.0},{"damage":11.0,"enemies":"Masked Bandits","floor":22.0,"turns":3.0},{"damage":10.0,"enemies":"Shelled Parasite and Fungi","floor":24.0,"turns":3.0},{"damage":0.0,"enemies":"3 Cultists","floor":27.0,"turns":3.0},{"damage":15.0,"enemies":"Centurion and Healer","floor":28.0,"turns":5.0},{"damage":0.0,"enemies":"Book of Stabbing","floor":30.0,"turns":7.0},{"damage":0.0,"enemies":"Sentry and Sphere","floor":31.0,"turns":2.0},{"damage":2.0,"enemies":"Automaton","floor":33.0,"turns":5.0},{"damage":6.0,"enemies":"Orb Walker","floor":35.0,"turns":3.0},{"damage":0.0,"enemies":"3 Darklings","floor":36.0,"turns":5.0},{"damage":0.0,"enemies":"Writhing Mass","floor":39.0,"turns":4.0},{"damage":0.0,"enemies":"4 Shapes","floor":41.0,"turns":4.0},{"damage":6.0,"enemies":"Transient","floor":45.0,"turns":5.0},{"damage":28,"enemies":"Donu and Deca","floor":50,"turns":6}],"seed_played":"579003938715623652","potions_obtained":[{"floor":2.0,"key":"ColorlessPotion"},{"floor":13.0,"key":"DuplicationPotion"},{"floor":16.0,"key":"Swift Potion"},{"floor":22.0,"key":"Ancient Potion"},{"floor":24.0,"key":"StancePotion"},{"floor":28.0,"key":"Weak Potion"},{"floor":31.0,"key":"ColorlessPotion"},{"floor":33.0,"key":"BlessingOfTheForge"},{"floor":36.0,"key":"Swift Potion"},{"floor":41.0,"key":"DistilledChaos"},{"floor":45.0,"key":"Weak Potion"}],"is_trial":false,"path_per_floor":["M","M","M","M","?","R","?","R","T","R","?","R","M","$","R","B",null,"M","?","M","?","?","R","M","R","T","M","M","$","E","M","R","B",null,"M","M","?","$","M","R","M","R","T","?","M","$","R","?","R","B",null],"character_chosen":"WATCHER","items_purchased":["Fruit Juice","Frozen Egg 2","Noxious Fumes+1","Oddly Smooth Stone"],"campfire_rested":2,"item_purchase_floors":[14,29,29,46],"current_hp_per_floor":[65,65,65,60,57,57,57,57,57,57,50,50,48,53,53,58,59,58,42,28,28,17,33,29,44,44,49,40,40,46,45,44,43,42,36,40,35,38,37,36,35,34,33,32,31,30,29,28,27,16],"gold":63,"neow_bonus":"","is_daily":true,"chose_seed":false,"campfire_upgraded":10,"win_rate":0.0,"timestamp":1610471932,"path_taken":["M","M","M","M","?","R","?","R","T","R","?","R","M","$","R","BOSS","M","?","M","?","?","R","M","R","T","M","M","$","E","M","R","BOSS","M","M","?","$","M","R","M","R","T","?","M","$","R","?","R","BOSS"],"items_purchased_type":["Potion","Relic","Card","Relic"],"build_version":"2020-12-22","purchased_purges":2,"victory":true,"max_hp_per_floor":[70,69,68,67,66,65,64,63,62,61,60,59,58,62,61,60,59,58,57,56,55,54,53,52,51,50,49,48,47,46,45,44,43,42,41,40,39,38,37,36,35,34,33,32,31,30,29,28,27,26],"card_choices":[{"not_picked":["Quick Slash","Fasting2"],"picked":"Prepared","floor":1.0},{"not_picked":["Blade Dance","Outmaneuver"],"picked":"SandsOfTime","floor":2.0},{"not_picked":["Quick Slash","Sucker Punch"],"picked":"Prepared","floor":3.0},{"not_picked":["Wireheading","Adaptation"],"picked":"CutThroughFate","floor":4.0},{"not_picked":["Unload","Distraction","ClearTheMind"],"picked":"SKIP","floor":13.0},{"not_picked":["WheelKick","EmptyBody+1"],"picked":"Predator","floor":18.0},{"not_picked":["Conclude","Halt","ThirdEye+1"],"picked":"SKIP","floor":20.0},{"not_picked":["Dash","Conclude","Deflect"],"picked":"SKIP","floor":24.0},{"not_picked":["Bouncing Flask","Bane","SignatureMove"],"picked":"SKIP","floor":27.0},{"not_picked":["Burst","CutThroughFate+1","Concentrate"],"picked":"SKIP","floor":28.0},{"not_picked":["Bane","EmptyBody","Protect"],"picked":"SKIP","floor":30.0},{"not_picked":["SignatureMove","Halt+1","FearNoEvil"],"picked":"SKIP","floor":31.0},{"not_picked":["Pray"],"picked":"SKIP","floor":35.0},{"not_picked":[],"picked":"Prepared+1","floor":36.0},{"not_picked":["Outmaneuver+1"],"picked":"SKIP","floor":39.0},{"not_picked":[],"picked":"PathToVictory+1","floor":41.0},{"not_picked":["Prostrate"],"picked":"SKIP","floor":45.0},{"not_picked":[],"picked":"Madness","floor":48.0}],"player_experience":1205835,"relics_obtained":[{"floor":9.0,"key":"Juzu Bracelet"},{"floor":19.0,"key":"Nilry\u0027s Codex"},{"floor":22.0,"key":"Red Mask"},{"floor":26.0,"key":"Bronze Scales"},{"floor":30.0,"key":"MealTicket"},{"floor":30.0,"key":"Unceasing Top"}],"event_choices":[{"damage_healed":0.0,"max_hp_gain":0.0,"max_hp_loss":0.0,"gold_gain":0.0,"event_name":"Scrap Ooze","player_choice":"Success","floor":5.0,"gold_loss":0.0,"damage_taken":3.0,"relics_obtained":["Bird Faced Urn"]},{"damage_healed":0.0,"max_hp_gain":0.0,"max_hp_loss":0.0,"gold_gain":30.0,"event_name":"Dead Adventurer","player_choice":"Searched \u00271\u0027 times","floor":7.0,"gold_loss":0.0,"damage_taken":0.0},{"cards_removed":["Blasphemy"],"damage_healed":0.0,"max_hp_gain":0.0,"max_hp_loss":0.0,"gold_gain":0.0,"event_name":"Golden Wing","player_choice":"Card Removal","floor":11.0,"gold_loss":0.0,"damage_taken":7.0},{"damage_healed":0.0,"max_hp_gain":0.0,"max_hp_loss":0.0,"gold_gain":0.0,"event_name":"Cursed Tome","player_choice":"Obtained Book","floor":19.0,"gold_loss":0.0,"damage_taken":16.0},{"damage_healed":0.0,"max_hp_gain":0.0,"max_hp_loss":0.0,"gold_gain":0.0,"event_name":"WeMeetAgain","player_choice":"Gave Potion","floor":21.0,"gold_loss":0.0,"damage_taken":0.0,"relics_obtained":["Letter Opener"]},{"damage_healed":0.0,"max_hp_gain":0.0,"max_hp_loss":0.0,"gold_gain":0.0,"event_name":"Masked Bandits","player_choice":"Fought Bandits","floor":22.0,"gold_loss":0.0,"damage_taken":0.0},{"damage_healed":0.0,"max_hp_gain":0.0,"max_hp_loss":0.0,"gold_gain":0.0,"event_name":"Winding Halls","player_choice":"Embrace Madness","floor":37.0,"gold_loss":0.0,"damage_taken":5.0,"cards_obtained":["Madness","Madness"]},{"damage_healed":0.0,"max_hp_gain":0.0,"max_hp_loss":0.0,"gold_gain":0.0,"event_name":"Mysterious Sphere","player_choice":"Ignored","floor":44.0,"gold_loss":0.0,"damage_taken":0.0},{"damage_healed":0.0,"max_hp_gain":0.0,"max_hp_loss":0.0,"gold_gain":0.0,"event_name":"SensoryStone","player_choice":"Memory 1","floor":48.0,"gold_loss":0.0,"damage_taken":0.0}],"is_beta":false,"boss_relics":[{"not_picked":["VioletLotus","Snecko Eye"],"picked":"Black Star"},{"not_picked":["HolyWater","Runic Pyramid"],"picked":"Busted Crown"}],"items_purged_floors":[14,38],"is_endless":false,"potions_floor_spawned":[2,13,16,22,24,28,31,33,36,41,45],"ascension_level":0}}