{"host":"6ve8qn5s1am4lo6s","time":1610487310,"event":{"mods":["100% Spire Juice","AchievementEnabler","BaseMod","Better Altar","Better Match","Better Note","Better Vampires","BetterRewards","CapriCore","Displayed Cursed Tome","Evolution","Minty Spire (QoL Compilation)","Permanent Neow","Relic Stats","StSLib"],"gold_per_floor":[112,112,112,130,146,146,164,164,164,177,177,202,202,226,226,356,356,377,377,49,49,49,76,76,76,76,89,189,3,3,19,19,115,115,132,38,86,100,100,100,117,133,133,148,148,183,214,241,253,265,265],"floor_reached":50,"language":"ENG","playtime":4248,"items_purged":["Moonworks:Strike"],"score":809,"play_id":"ef3248f4-fa6a-42e3-91df-2de2bf975f2e","local_time":"20210112163510","is_ascension_mode":false,"campfire_choices":[{"data":"Moonworks:CloudOfSeagulls","floor":6.0,"key":"SMITH"},{"data":"Moonworks:CloudOfSeagulls","floor":8.0,"key":"SMITH"},{"floor":13.0,"key":"RECALL"},{"data":"Moonworks:BigMagnum","floor":15.0,"key":"SMITH"},{"data":"Moonworks:ReflectiveShell","floor":24,"key":"SMITH"},{"data":"Moonworks:Flamethrower","floor":30,"key":"SMITH"},{"data":"Moonworks:Dash","floor":32,"key":"SMITH"},{"floor":40,"key":"REST"},{"data":"Moonworks:SubspaceTunnel","floor":45,"key":"SMITH"},{"data":"Moonworks:Accelerator","floor":49,"key":"SMITH"}],"circlet_count":0,"master_deck":["Moonworks:CloudOfSeagulls+1","Moonworks:CloudOfSeagulls+1","Moonworks:CloudOfSeagulls+1","Moonworks:Defend","Moonworks:Ambush","Moonworks:LongDistanceShot","Moonworks:BigMagnum+1","Moonworks:JonathanRush","Moonworks:RedAndBlue+1","Moonworks:JonathanRush","Moonworks:LulusLuckyEgg","Moonworks:SakisCookie+1","Moonworks:EvilSpyWorkPreparation","Moonworks:EvilSpyWorkPreparation","Moonworks:ReflectiveShell+1","Moonworks:MeltingMemories+1","Moonworks:ForcedRevival+1","Moonworks:Dash+1","Moonworks:SakisCookie","Moonworks:SakisCookie","Moonworks:ScrambledEve","Moonworks:MiracleRedBeanIceCream","Moonworks:Flamethrower+1","Moonworks:ImOnFire+1","Panache","Moonworks:JonathanRush+1","Moonworks:Dash+1","Moonworks:Accelerator+1","Moonworks:SakisCookie+1","Moonworks:NicePresent+1","Panacea","Moonworks:SubspaceTunnel+1","Moonworks:SweetBattle","Moonworks:LulusLuckyEgg","Moonworks:LulusLuckyEgg+1","Moonworks:Flamethrower+1","Moonworks:SweetBattle+1","Moonworks:DeployBits","Moonworks:LulusLuckyEgg","Moonworks:JonathanRush","Moonworks:CrystalBarrier","Moonworks:CompletionReward"],"relics":["Moonworks:BrokenBomb","Moonworks:Homemark","EVO:Axolotl","Bloody Idol","Pear","Astrolabe","Medical Kit","Oddly Smooth Stone","Blood Vial","Prayer Wheel","Darkstone Periapt","Mango","Bottled Flame","Sozu","Lizard Tail","Mercury Hourglass","MawBank"],"acts_visited":["Exordium","TheCity","TheBeyond"],"potions_floor_usage":[16,23,23,28,28,28,28,33],"damage_taken":[{"damage":0.0,"enemies":"2 Louse","floor":1.0,"turns":3.0},{"damage":0.0,"enemies":"Jaw Worm","floor":4.0,"turns":2.0},{"damage":7.0,"enemies":"Cultist","floor":5.0,"turns":2.0},{"damage":0.0,"enemies":"Large Slime","floor":7.0,"turns":2.0},{"damage":1.0,"enemies":"Exordium Wildlife","floor":10.0,"turns":3.0},{"damage":1.0,"enemies":"Exordium Thugs","floor":12.0,"turns":3.0},{"damage":0.0,"enemies":"3 Louse","floor":14.0,"turns":2.0},{"damage":30,"enemies":"The Guardian","floor":16,"turns":7},{"damage":0,"enemies":"Spheric Guardian","floor":18,"turns":2},{"damage":6,"enemies":"Slavers","floor":23,"turns":2},{"damage":36,"enemies":"Shell Parasite","floor":27,"turns":4},{"damage":38,"enemies":"Colosseum Slavers","floor":28,"turns":4},{"damage":6,"enemies":"Colosseum Nobs","floor":28,"turns":2},{"damage":6,"enemies":"Snake Plant","floor":31,"turns":2},{"damage":40,"enemies":"Automaton","floor":33,"turns":5},{"damage":29,"enemies":"Orb Walker","floor":35,"turns":3},{"damage":76,"enemies":"2 Orb Walkers","floor":37,"turns":6},{"damage":32,"enemies":"3 Darklings","floor":38,"turns":3},{"damage":6,"enemies":"Maw","floor":41,"turns":6},{"damage":43,"enemies":"Sphere and 2 Shapes","floor":42,"turns":4},{"damage":74,"enemies":"Spire Growth","floor":44,"turns":5},{"damage":45,"enemies":"Nemesis","floor":46,"turns":7},{"damage":31,"enemies":"Writhing Mass","floor":47,"turns":6},{"damage":48,"enemies":"Sphere and 2 Shapes","floor":48,"turns":5},{"damage":133,"enemies":"Donu and Deca","floor":50,"turns":6}],"seed_played":"-1061080735926624271","potions_obtained":[{"floor":5.0,"key":"Weak Potion"},{"floor":12.0,"key":"SteroidPotion"},{"floor":16,"key":"Swift Potion"},{"floor":18,"key":"Block Potion"},{"floor":23,"key":"BlessingOfTheForge"},{"floor":27,"key":"EntropicBrew"}],"is_trial":false,"path_per_floor":["M","?","?","M","M","R","M","R","T","M","?","M","R","M","R","B",null,"M","?","$","?","?","E","R","?","T","M","?","$","R","M","R","B",null,"M","$","?","M","?","R","M","M","T","M","R","E","M","M","R","B"],"character_chosen":"THE_STARBREAKER","items_purchased":["Moonworks:BigMagnum","Medical Kit","Oddly Smooth Stone","Moonworks:SakisCookie","Panache","Panacea"],"campfire_rested":1,"item_purchase_floors":[0,20,20,20,29,36],"current_hp_per_floor":[38,38,27,27,20,20,20,20,30,29,29,34,34,40,40,13,66,66,66,66,48,48,54,54,54,54,42,71,71,71,80,80,50,80,64,64,6,8,8,30,73,43,43,51,51,56,66,60,65,0,0],"gold":265,"neow_bonus":"","is_daily":false,"chose_seed":false,"campfire_upgraded":8,"win_rate":0.0,"timestamp":1610487310,"path_taken":["M","?","?","M","M","R","M","R","T","M","?","M","R","M","R","BOSS","M","?","$","?","?","E","R","?","T","?","?","?","R","M","R","BOSS","M","$","?","M","?","R","M","M","T","M","R","E","M","M","R","BOSS"],"items_purchased_type":["Card","Relic","Relic","Card","Card","Card"],"build_version":"2020-12-22","purchased_purges":1,"victory":false,"max_hp_per_floor":[60,56,56,56,56,56,56,56,66,66,66,66,66,66,66,66,66,66,66,66,66,66,66,66,66,66,66,80,80,80,80,80,80,80,80,80,80,80,76,76,76,76,76,76,76,76,76,76,76,76,76],"relic_stats":{"Blood Vial":28,"Darkstone Periapt":0,"Sozu":3,"Lizard Tail":38,"counters":[49,204],"Bloody Idol":133,"Astrolabe":["Moonworks:BigMagnum","Moonworks:ScrambledEve","Moonworks:AngelHand","Moonworks:MeltingMemories","Moonworks:ForcedRevival","Moonworks:Dash"],"Prayer Wheel":9,"Medical Kit":[1],"MawBank":48,"obtain_stats":[{"Darkstone Periapt":23,"Lantern":28,"Torii":39,"Mango":28,"EVO:Axolotl":0,"Blood Vial":21,"Sozu":34,"Lizard Tail":37,"Prayer Wheel":22,"Kunai":13,"Pear":9,"Moonworks:LittleGull":26,"Golden Idol":2,"Astrolabe":34,"Blue Candle":43,"Oddly Smooth Stone":20,"Pen Nib":30,"Medical Kit":20,"MawBank":46,"Mercury Hourglass":43,"SlaversCollar":17,"Bottled Flame":54,"Moonworks:Homemark":0,"Bloody Idol":21,"MutagenicStrength":22,"CultistMask":4,"Moonworks:BrokenBomb":0},{"Darkstone Periapt":34,"Lantern":12,"Torii":19,"Mango":37,"EVO:Axolotl":0,"Blood Vial":33,"Sozu":39,"Lizard Tail":41,"Prayer Wheel":33,"Kunai":6,"Pear":28,"Moonworks:LittleGull":10,"Golden Idol":1,"Astrolabe":16,"Blue Candle":19,"Oddly Smooth Stone":33,"Pen Nib":14,"Medical Kit":33,"MawBank":46,"Mercury Hourglass":44,"SlaversCollar":8,"Bottled Flame":23,"Moonworks:Homemark":0,"Bloody Idol":9,"MutagenicStrength":9,"CultistMask":2,"Moonworks:BrokenBomb":0},{"Darkstone Periapt":136,"Lantern":61,"Torii":90,"Mango":146,"EVO:Axolotl":0,"Blood Vial":134,"Sozu":153,"Lizard Tail":162,"Prayer Wheel":134,"Kunai":26,"Pear":117,"Moonworks:LittleGull":51,"Golden Idol":4,"Astrolabe":80,"Blue Candle":90,"Oddly Smooth Stone":134,"Pen Nib":71,"Medical Kit":134,"MawBank":187,"Mercury Hourglass":175,"SlaversCollar":41,"Bottled Flame":103,"Moonworks:Homemark":0,"Bloody Idol":45,"MutagenicStrength":45,"CultistMask":7,"Moonworks:BrokenBomb":0}],"Mercury Hourglass":[79]},"card_choices":[{"not_picked":["Moonworks:CloudOfSeagulls","Moonworks:ImOnFire"],"picked":"Moonworks:RedAndBlue","floor":1.0},{"not_picked":["Moonworks:IndiscriminateFireSupport","Moonworks:ImOnFire","Moonworks:UnluckyCharm"],"picked":"SKIP","floor":4.0},{"not_picked":["Moonworks:RagingMadness","Moonworks:Flamethrower"],"picked":"Moonworks:JonathanRush","floor":5.0},{"not_picked":["Moonworks:IndiscriminateFireSupport","Moonworks:CastOff"],"picked":"Moonworks:LulusLuckyEgg","floor":7.0},{"not_picked":["Moonworks:HolyNight","Moonworks:SelfDestruct"],"picked":"Moonworks:SakisCookie","floor":10.0},{"not_picked":["Moonworks:ImOnFire","Moonworks:DeployBits"],"picked":"Moonworks:EvilSpyWorkPreparation","floor":12.0},{"not_picked":["Moonworks:Flamethrower","Moonworks:Assault"],"picked":"Moonworks:EvilSpyWorkPreparation","floor":14.0},{"not_picked":["Moonworks:PlushieMaster","Moonworks:OutOfAmmo"],"picked":"Moonworks:ReflectiveShell","floor":16},{"not_picked":["Moonworks:IndiscriminateFireSupport+1","Moonworks:RagingMadness"],"picked":"Moonworks:SakisCookie","floor":18},{"not_picked":["Moonworks:ImOnFire","Moonworks:CloudOfSeagulls"],"picked":"Moonworks:ScrambledEve","floor":23},{"not_picked":["Moonworks:BigMagnum","Moonworks:JonathanRush+1"],"picked":"Moonworks:MiracleRedBeanIceCream","floor":27},{"not_picked":["Moonworks:ImmovableObject","Moonworks:IndiscriminateFireSupport"],"picked":"Moonworks:Flamethrower","floor":27},{"not_picked":["Moonworks:BeyondHell","Moonworks:CloudOfSeagulls"],"picked":"Moonworks:ImOnFire+1","floor":28},{"not_picked":["Moonworks:BigMagnum","Moonworks:CloudOfSeagulls"],"picked":"Moonworks:JonathanRush+1","floor":31},{"not_picked":["Moonworks:LulusLuckyEgg","Moonworks:ForcedRevival"],"picked":"Moonworks:Dash","floor":31},{"not_picked":["Moonworks:LeapThroughSpace","Moonworks:Blazing"],"picked":"Moonworks:Accelerator","floor":33},{"not_picked":["Moonworks:JonathanRush","Moonworks:BigBangBell+1"],"picked":"Moonworks:SakisCookie+1","floor":35},{"not_picked":["Moonworks:SakisCookie","Moonworks:ImOnFire"],"picked":"Moonworks:NicePresent+1","floor":35},{"not_picked":["Moonworks:UnpaidWork+1","Moonworks:TreasureThief"],"picked":"Moonworks:SubspaceTunnel","floor":37},{"not_picked":["Moonworks:Bloodlust","Moonworks:Poppoformation+1"],"picked":"Moonworks:SweetBattle","floor":38},{"not_picked":["Moonworks:LuckyCharm+1","Moonworks:BigMagnum+1"],"picked":"Moonworks:LulusLuckyEgg","floor":38},{"not_picked":["Moonworks:DeployBits+1","Moonworks:NicePresent"],"picked":"Moonworks:LulusLuckyEgg+1","floor":41},{"not_picked":["Moonworks:MiracleRedBeanIceCream","Moonworks:EvilSpyWorkPreparation"],"picked":"Moonworks:Flamethrower+1","floor":41},{"not_picked":["Moonworks:MixPhenomenon+1","Moonworks:IndiscriminateFireSupport+1"],"picked":"Moonworks:SweetBattle+1","floor":42},{"not_picked":["Moonworks:BigMagnum+1","Moonworks:BindingChains","Moonworks:DevilHand+1"],"picked":"SKIP","floor":42},{"not_picked":["Moonworks:BigMagnum+1","Moonworks:BindingChains","Moonworks:DevilHand+1"],"picked":"SKIP","floor":42},{"not_picked":["Moonworks:MixPhenomenon+1","Moonworks:LeapThroughSpace"],"picked":"Moonworks:DeployBits","floor":44},{"not_picked":["Moonworks:UnluckyCharm+1","Moonworks:ImOnFire+1"],"picked":"Moonworks:LulusLuckyEgg","floor":44},{"not_picked":["Moonworks:ImOnFire","Moonworks:NicePresent"],"picked":"Moonworks:JonathanRush","floor":46},{"not_picked":["Moonworks:CloudOfSeagulls+1","Moonworks:EvilSpyWorkPreparation"],"picked":"Moonworks:CrystalBarrier","floor":47},{"not_picked":["Moonworks:IndiscriminateFireSupport+1","Moonworks:ImOnFire+1","Moonworks:JonathanRush"],"picked":"SKIP","floor":47},{"not_picked":["Moonworks:DevilHand+1","Moonworks:JonathanRush+1"],"picked":"Moonworks:CompletionReward","floor":48},{"not_picked":["Moonworks:EvilSpyWorkPreparation","Moonworks:JonathanRush","Moonworks:BigMagnum"],"picked":"SKIP","floor":48}],"player_experience":239291,"relics_obtained":[{"floor":9.0,"key":"Pear"},{"floor":23,"key":"Darkstone Periapt"},{"floor":28,"key":"Mango"},{"floor":28,"key":"Bottled Flame"},{"floor":37,"key":"Lizard Tail"},{"floor":43,"key":"Mercury Hourglass"},{"floor":46,"key":"MawBank"}],"event_choices":[{"damage_healed":0.0,"max_hp_gain":0.0,"max_hp_loss":4.0,"gold_gain":0.0,"event_name":"Golden Idol","player_choice":"Lose Max HP","floor":2.0,"gold_loss":0.0,"damage_taken":0.0,"relics_obtained":["Golden Idol"]},{"damage_healed":0.0,"max_hp_gain":0.0,"max_hp_loss":0.0,"gold_gain":0.0,"event_name":"Shining Light","player_choice":"Entered Light","floor":3.0,"gold_loss":0.0,"damage_taken":11.0,"cards_upgraded":["Moonworks:RedAndBlue","Moonworks:CloudOfSeagulls"]},{"damage_healed":0.0,"max_hp_gain":0.0,"max_hp_loss":0.0,"gold_gain":0.0,"event_name":"Living Wall","player_choice":"Grow","floor":11.0,"gold_loss":0.0,"damage_taken":0.0,"cards_upgraded":["Moonworks:SakisCookie"]},{"cards_removed":["Moonworks:Defend"],"damage_healed":0,"gold_gain":0,"player_choice":"Give","damage_taken":0,"max_hp_gain":0,"max_hp_loss":0,"event_name":"betterNote:BetterNote","floor":19,"gold_loss":0,"cards_obtained":["Moonworks:Strike"]},{"damage_healed":0,"gold_gain":0,"player_choice":" GoldIdol Vial ","damage_taken":18,"relics_obtained":["Bloody Idol","Blood Vial"],"max_hp_gain":66,"max_hp_loss":48,"event_name":"betterAltar:BetterAltar","floor":21,"potions_obtained":[],"relics_lost":["Golden Idol"],"gold_loss":0},{"damage_healed":0,"gold_gain":0,"player_choice":"Opened","damage_taken":0,"relics_obtained":["Prayer Wheel"],"max_hp_gain":0,"max_hp_loss":0,"event_name":"The Mausoleum","floor":22,"gold_loss":0},{"damage_healed":0,"gold_gain":0,"player_choice":"Ignored","damage_taken":0,"max_hp_gain":0,"max_hp_loss":0,"event_name":"Ghosts","floor":25,"gold_loss":0},{"damage_healed":0,"gold_gain":0,"player_choice":"Fight","damage_taken":0,"max_hp_gain":0,"max_hp_loss":0,"event_name":"Colosseum","floor":28,"gold_loss":0},{"damage_healed":0,"gold_gain":0,"player_choice":"Fought Nobs","damage_taken":0,"max_hp_gain":0,"max_hp_loss":0,"event_name":"Colosseum","floor":28,"gold_loss":0},{"damage_healed":0,"gold_gain":0,"player_choice":"Fight","damage_taken":0,"max_hp_gain":0,"max_hp_loss":0,"event_name":"Mysterious Sphere","floor":37,"gold_loss":0},{"damage_healed":0,"gold_gain":0,"player_choice":"Max HP","damage_taken":0,"max_hp_gain":0,"max_hp_loss":4,"event_name":"Winding Halls","floor":39,"gold_loss":0}],"is_beta":false,"boss_relics":[{"not_picked":["Ectoplasm","Velvet Choker"],"picked":"Astrolabe"},{"not_picked":["Empty Cage","Snecko Eye"],"picked":"Sozu"}],"items_purged_floors":[0],"is_endless":false,"potions_floor_spawned":[5,12,14,16,18,23,27,28,42,47,48],"killed_by":"Donu and Deca","ascension_level":0}}