{"host":"95i1gxnztdrdyvhi","time":1610490922,"event":{"mods":["AchievementEnabler","Act Like it!","BaseMod","Minty Spire (QoL Compilation)","Quick Restart","StSLib","Yakumo Yukari mod"],"gold_per_floor":[140,151,226,246,20,49,9,19,19,66,98,98,98,124,124,139,139],"floor_reached":16,"language":"ENG","playtime":924,"items_purged":["AT_purpleEX"],"score":112,"play_id":"c96b9362-0d6a-455e-8401-5ca7d246db7f","local_time":"20210112223522","is_ascension_mode":false,"campfire_choices":[{"data":"SharpContractionReality_purple","floor":12,"key":"SMITH"},{"data":"RuptureOfTimeAndSpace_purple","floor":15,"key":"SMITH"}],"circlet_count":0,"master_deck":["AT_purpleEX","AT_purpleEX","AT_purpleEX","Defend_purpleEX","Defend_purpleEX","Defend_purpleEX","Defend_purpleEX","Observe_purple_1","Observe_purple_2","SharpContractionReality_purple+1","RuleDissolution_purple","RuptureOfTimeAndSpace_purple+1","OmniscientAndOmnipotent_Monster_purple","CommonSense_AntiCommonSense_purple","Mirror_Drifter_purple","DimensionStaggered_purple+1"],"relics":["Boundary_crack","Memoryfragments_purpleEX","NeowsBlessing","Membership Card","TungstenRod","Kunai","Toxic Egg 2"],"acts_visited":["Exordium"],"potions_floor_usage":[6,16],"damage_taken":[{"damage":0,"enemies":"2 Louse","floor":1,"turns":1},{"damage":0,"enemies":"Jaw Worm","floor":2,"turns":1},{"damage":0,"enemies":"Cultist","floor":4,"turns":1},{"damage":39,"enemies":"3 Sentries","floor":6,"turns":12},{"damage":8,"enemies":"Exordium Wildlife","floor":8,"turns":4},{"damage":12,"enemies":"Large Slime","floor":10,"turns":8},{"damage":5,"enemies":"Lagavulin","floor":11,"turns":7},{"damage":0,"enemies":"2 Fungi Beasts","floor":14,"turns":4},{"damage":14,"enemies":"Slime Boss","floor":16,"turns":9}],"seed_played":"-2980298448724573963","potions_obtained":[{"floor":1,"key":"Fire Potion"},{"floor":2,"key":"SteroidPotion"}],"is_trial":false,"path_per_floor":["M","M","?","M","$","E","$","M","T","M","E","R","?","M","R","B"],"character_chosen":"Youkari","items_purchased":["Membership Card","RuptureOfTimeAndSpace_purple","CommonSense_AntiCommonSense_purple"],"campfire_rested":0,"item_purchase_floors":[5,5,7],"current_hp_per_floor":[70,70,59,59,59,25,25,22,22,15,15,15,15,17,17,3,3],"gold":139,"neow_bonus":"THREE_ENEMY_KILL","is_daily":false,"chose_seed":false,"campfire_upgraded":2,"win_rate":0.0,"timestamp":1610490922,"path_taken":["M","M","?","M","?","E","$","?","T","M","E","R","?","M","R","BOSS"],"items_purchased_type":["Relic","Card","Card"],"build_version":"2020-12-22","purchased_purges":1,"victory":false,"max_hp_per_floor":[70,70,70,70,70,70,70,70,70,70,70,70,70,70,70,70,70],"card_choices":[{"not_picked":["WingOfChimera_purple","Nest_LightFlightworm_purple"],"picked":"SharpContractionReality_purple","floor":1},{"not_picked":["Extrememeaning_purpleEX","ExistenceContinue_purple","StateErode_purple"],"picked":"SKIP","floor":2},{"not_picked":["StateDuplicate_purple","WeekHit_purple"],"picked":"RuleDissolution_purple","floor":4},{"not_picked":["Nest_LightFlightworm_purple","Boundary_of_Extermination_purpleEX"],"picked":"OmniscientAndOmnipotent_Monster_purple","floor":6},{"not_picked":["Anti_communist_purple","RealityDreamConfluencek_purple"],"picked":"Mirror_Drifter_purple","floor":8},{"not_picked":["Mirror_FormAndEmptin_purple","Shallow_ocean_purpleEX","MeetDecomposer_purple"],"picked":"SKIP","floor":10},{"not_picked":["Realm_recovery_purpleEX+1","Nest_LightFlightworm_purple"],"picked":"DimensionStaggered_purple+1","floor":11},{"not_picked":["ExistenceContinue_purple","Umbrella_purple","RuleDissolution_purple+1"],"picked":"SKIP","floor":14}],"player_experience":636783,"relics_obtained":[{"floor":6,"key":"TungstenRod"},{"floor":9,"key":"Kunai"},{"floor":11,"key":"Toxic Egg 2"}],"event_choices":[{"damage_healed":0,"gold_gain":75,"player_choice":"Gather Gold","damage_taken":11,"max_hp_gain":0,"max_hp_loss":0,"event_name":"World of Goop","floor":3,"gold_loss":0},{"damage_healed":0,"gold_gain":0,"player_choice":"Fled","damage_taken":0,"max_hp_gain":0,"max_hp_loss":0,"event_name":"Scrap Ooze","floor":13,"gold_loss":0}],"is_beta":false,"boss_relics":[],"items_purged_floors":[5],"is_endless":false,"potions_floor_spawned":[1,2,14],"killed_by":"Slime Boss","ascension_level":0}}