{"host":"grklf728wqifs9z9","time":1610425708,"event":{"mods":["BaseMod","Downfall","MarisaÅiñ∂âJÅ@ñÇóùçπÅj","Minty Spire (QoL Compilation)","Replay The Spire","Shop Mod","StSLib","The Animator","The Bug Knight","The Cursed","The Disciple","The Necromancer","The Servant 0.9.4"],"gold_per_floor":[124,135,135,163,180,180,200,200,200,200,220,232,248,261,261,359,409,428,487,503,123,123,123],"floor_reached":22,"playtime":1761,"items_purged":[],"score":182,"play_id":"56c70ec5-9235-4e02-8446-a9c65fc892d9","local_time":"20210112132828","is_ascension_mode":false,"campfire_choices":[{"data":"animator:Millim","floor":6,"key":"SMITH"},{"floor":8,"key":"RECALL"},{"floor":10,"key":"REST"},{"floor":15,"key":"REST"}],"circlet_count":0,"master_deck":["animator:Strike_NoGameNoLife","animator:Defend_NoGameNoLife","animator:Strike","animator:Strike","animator:Strike+1","animator:Defend","animator:Defend","animator:Defend","animator:DolaSchwi","animator:DolaCouronne","Defend_B","MasterSpark","animator:ChlammyZell","animator:Shalltear+1","animator:RoryMercury+1","animator:Millim+1","animator:Kaijin","animator:SakuraMatou","animator:Berserker","animator:GazelDwargon","animator:Illya","animator:Saber","animator:Illya","animator:Nanami","animator:GazelDwargon+1","animator:Arpeggio","animator:Shalltear","animator:PandorasActor","animator:Albedo"],"relics":["animator:LivingPicture","animator:TheMissingPiece","animator:PurgingStone","animator:HallowedScabbard","Ancient Tea Set","Tiny House","Mercury Hourglass","Vajra"],"acts_visited":["Exordium","TheCity"],"potions_floor_usage":[11,14,16,16,20],"damage_taken":[{"damage":2,"enemies":"Jaw Worm","floor":1,"turns":4},{"damage":13,"enemies":"Cultist","floor":2,"turns":5},{"damage":0,"enemies":"2 Louse","floor":4,"turns":4},{"damage":18,"enemies":"Blue Slaver","floor":5,"turns":6},{"damage":13,"enemies":"Exordium Wildlife","floor":7,"turns":7},{"damage":23,"enemies":"2 Fungi Beasts","floor":11,"turns":5},{"damage":7,"enemies":"Looter","floor":12,"turns":4},{"damage":22,"enemies":"Lots of Slimes","floor":13,"turns":4},{"damage":0,"enemies":"3 Louse","floor":14,"turns":5},{"damage":4,"enemies":"The Guardian","floor":16,"turns":9},{"damage":41,"enemies":"2 Thieves","floor":18,"turns":4},{"damage":6,"enemies":"3 Byrds","floor":20,"turns":5},{"damage":34,"enemies":"Centurion and Healer","floor":22,"turns":6}],"seed_played":"-6660193537042404547","potions_obtained":[{"floor":2,"key":"SpeedPotion"},{"floor":4,"key":"Strength Potion"},{"floor":5,"key":"FearPotion"},{"floor":7,"key":"hexamod:EctoCoolerPotion"},{"floor":14,"key":"animator:FalseLifePotion"},{"floor":17,"key":"FairyPotion"},{"floor":19,"key":"LifebloodPotion"}],"is_trial":false,"path_per_floor":["M","M","?","M","M","R","M","R","T","R","M","M","M","M","R","B",null,"M","?","M","$","M"],"character_chosen":"THE_ANIMATOR","items_purchased":["animator:Shalltear","animator:PandorasActor","animator:Albedo","Vajra"],"campfire_rested":2,"item_purchase_floors":[21,21,21,21],"current_hp_per_floor":[64,51,51,51,37,37,34,34,34,53,34,27,9,9,28,24,71,37,9,4,4,0,0],"gold":123,"neow_bonus":"ONE_RARE_RELIC","is_daily":false,"chose_seed":false,"campfire_upgraded":1,"win_rate":0.0,"timestamp":1610425708,"path_taken":["M","M","?","?","M","R","M","R","T","R","M","?","M","M","R","BOSS","M","?","M","$","M"],"items_purchased_type":["Card","Card","Card","Relic"],"build_version":"2020-12-22","purchased_purges":0,"victory":false,"max_hp_per_floor":[66,66,66,66,66,66,66,66,66,66,66,66,66,66,66,66,71,71,71,72,72,72,72],"card_choices":[{"not_picked":["animator:Kazuma","animator:Sebas"],"picked":"animator:ChlammyZell","floor":1},{"not_picked":["animator:Sloth","animator:Togame"],"picked":"animator:Shalltear","floor":2},{"not_picked":["animator:Megumin","animator:ChaikaBohdan"],"picked":"animator:RoryMercury","floor":4},{"not_picked":["animator:Benimaru","animator:Vesta"],"picked":"animator:Millim","floor":5},{"not_picked":["animator:AcuraAkari","animator:UneriGinkaku"],"picked":"animator:Kaijin","floor":7},{"not_picked":["animator:Scar","animator:Layla"],"picked":"animator:SakuraMatou","floor":11},{"not_picked":["animator:Shuna","animator:Souei"],"picked":"animator:Berserker","floor":12},{"not_picked":["animator:Kaijin","animator:Benimaru"],"picked":"animator:GazelDwargon","floor":13},{"not_picked":["animator:Berserker","animator:Vanir"],"picked":"animator:Illya","floor":14},{"not_picked":["animator:Wiz","animator:Albedo"],"picked":"animator:Saber","floor":16},{"not_picked":["animator:DolaCouronne","animator:Fredrika"],"picked":"animator:Illya","floor":17},{"not_picked":["animator:Pride","animator:Kazuma+1"],"picked":"animator:Nanami","floor":18},{"not_picked":["animator:Jibril","animator:Shion"],"picked":"animator:GazelDwargon+1","floor":19},{"not_picked":["animator:DolaCouronne","animator:Emonzaemon"],"picked":"animator:Arpeggio","floor":20}],"player_experience":114528,"relics_obtained":[{"floor":9,"key":"Ancient Tea Set"},{"floor":19,"key":"Mercury Hourglass"}],"event_choices":[{"damage_healed":0,"gold_gain":0,"player_choice":"Forge","damage_taken":0,"max_hp_gain":0,"max_hp_loss":0,"event_name":"Accursed Blacksmith","floor":3,"gold_loss":0,"cards_upgraded":["animator:Shalltear"]}],"is_beta":false,"boss_relics":[{"not_picked":["animator:VividPicture","Kintsugi"],"picked":"Tiny House"}],"items_purged_floors":[],"is_endless":false,"potions_floor_spawned":[2,4,5,7,14],"killed_by":"Centurion and Healer","ascension_level":0}}