{"host":"6efts020nftxfcgy","time":1610489968,"event":{"mods":["BaseMod","Conspire","Hubris","Infinite Spire","Minty Spire (QoL Compilation)","Poor People Problems","Relic Sorter","Relic Stats","Replay The Spire","Shop Mod","StSLib","SuperFastMode"],"gold_per_floor":[113,213,225,150,165,193,205,232,244,256,311,197,209,231,231,333,333,352,338,542,569,395,395,417,419,419],"floor_reached":25,"language":"ENG","playtime":2288,"items_purged":["Strike_B","hubris:SpecializedCircuitry"],"score":226,"play_id":"30654aec-ea5a-4246-9e87-edb72caa27e9","local_time":"20210112221928","is_ascension_mode":true,"campfire_choices":[{"data":"Static Discharge","floor":7,"key":"SMITH"},{"floor":10,"key":"REST"},{"floor":15,"key":"REST"},{"floor":23,"key":"REST"}],"circlet_count":0,"master_deck":["Strike_B","Strike_B","Defend_B","Defend_B","Defend_B","Defend_B","Zap","Dualcast","Gash","Leap","BootSequence","Static Discharge+1","Ball Lightning","Storm","Crystallizer","Consume+1","Coolheaded","ReplayTheSpireMod:Repulse","hubris:DoWhile","Rebound+1","Seek","Defragment"],"relics":["Cracked Core","MawBank","infinitespire:Midas Blood","Ancient Tea Set","conspire:SpecialSausage"],"acts_visited":["Exordium","TheCity"],"potions_floor_usage":[6],"damage_taken":[{"damage":0,"enemies":"conspire:RoseBush","floor":1,"turns":3},{"damage":0,"enemies":"infinitespire:Voidling","floor":3,"turns":3},{"damage":0,"enemies":"2 Louse","floor":5,"turns":3},{"damage":52,"enemies":"Gremlin Nob","floor":6,"turns":6},{"damage":5,"enemies":"2 Fungi Beasts","floor":8,"turns":3},{"damage":21,"enemies":"3 Sentries","floor":11,"turns":5},{"damage":1,"enemies":"3 Louse","floor":13,"turns":3},{"damage":3,"enemies":"Red Slaver","floor":14,"turns":2},{"damage":12,"enemies":"Fading Forest","floor":16,"turns":11},{"damage":14,"enemies":"Shell Parasite","floor":18,"turns":4},{"damage":11,"enemies":"2 Thieves","floor":19,"turns":5},{"damage":31,"enemies":"Cultist and Chosen","floor":21,"turns":7},{"damage":19,"enemies":"Centurion and Healer","floor":24,"turns":3},{"damage":8,"enemies":"conspire:SneckoGhost","floor":25,"turns":1}],"seed_played":"7797035212874103516","potions_obtained":[{"floor":1,"key":"Cursed Concoction"},{"floor":8,"key":"Elixir"},{"floor":14,"key":"AttackPotion"},{"floor":16,"key":"SpeedPotion"}],"is_trial":false,"path_per_floor":["M","?","M","$","M","E","R","M","T","R","E","$","M","M","R","B",null,"M","M","?","M","$","R","M","E"],"character_chosen":"DEFECT","items_purchased":["Crystallizer","Consume+1","Defragment"],"campfire_rested":3,"item_purchase_floors":[12,12,22],"current_hp_per_floor":[75,75,75,75,75,23,23,18,18,40,19,19,18,15,37,41,75,61,50,32,1,1,23,4,0,0],"gold":419,"neow_bonus":"TRANSFORM_CARD","is_daily":false,"chose_seed":false,"campfire_upgraded":1,"win_rate":0.0,"timestamp":1610489968,"path_taken":["M","?","?","$","M","E","R","M","T","R","E","$","M","M","R","BOSS","M","M","?","M","$","R","M","E"],"items_purchased_type":["Card","Card","Card"],"build_version":"2020-12-22","purchased_purges":2,"victory":false,"max_hp_per_floor":[75,75,75,75,75,75,75,75,75,75,75,75,75,75,75,75,75,75,75,75,75,75,75,75,75,75],"relic_stats":{"counters":[14,59],"MawBank":72,"obtain_stats":[{"conspire:SpecialSausage":17,"Cracked Core":0,"MawBank":6,"Ancient Tea Set":11,"infinitespire:Midas Blood":9},{"conspire:SpecialSausage":9,"Cracked Core":0,"MawBank":4,"Ancient Tea Set":6,"infinitespire:Midas Blood":5},{"conspire:SpecialSausage":39,"Cracked Core":0,"MawBank":15,"Ancient Tea Set":23,"infinitespire:Midas Blood":18}]},"card_choices":[{"not_picked":["BasicCrystalCard","Stack"],"picked":"Gash","floor":1},{"not_picked":["Doom and Gloom","Rebound"],"picked":"Leap","floor":3},{"not_picked":["Melter","Beam Cell"],"picked":"BootSequence","floor":5},{"not_picked":["Capacitor","Hello World"],"picked":"Static Discharge","floor":6},{"not_picked":["Rebound","ReplaySort"],"picked":"Ball Lightning","floor":8},{"not_picked":["ReplayTheSpireMod:System Scan","Genetic Algorithm"],"picked":"Storm","floor":11},{"not_picked":["Cold Snap","Hologram"],"picked":"Coolheaded","floor":13},{"not_picked":["Core Surge","Rebound"],"picked":"ReplayTheSpireMod:Repulse","floor":14},{"not_picked":["ReplayTheSpireMod:Omega Cannon","Electrodynamics"],"picked":"hubris:DoWhile","floor":16},{"not_picked":["Sunder+1","Turbo","Leap+1"],"picked":"SKIP","floor":18},{"not_picked":["Undo","Leap","Redo"],"picked":"SKIP","floor":19},{"not_picked":["Conserve Battery","Stack+1"],"picked":"Rebound+1","floor":20},{"not_picked":["Turbo+1","Streamline+1"],"picked":"Seek","floor":21},{"not_picked":["Cold Snap","Go for the Eyes","Beam Cell"],"picked":"SKIP","floor":24}],"player_experience":283320,"relics_obtained":[{"floor":6,"key":"MawBank"},{"floor":9,"key":"infinitespire:Midas Blood"},{"floor":11,"key":"Ancient Tea Set"}],"event_choices":[{"damage_healed":0,"gold_gain":100,"player_choice":"Pray","damage_taken":0,"max_hp_gain":0,"max_hp_loss":0,"event_name":"Golden Shrine","floor":2,"gold_loss":0}],"is_beta":false,"boss_relics":[{"not_picked":["Snecko Eye","conspire:RunicOctahedron"],"picked":"conspire:SpecialSausage"}],"items_purged_floors":[4,22],"is_endless":false,"potions_floor_spawned":[1,8,14,16,18],"killed_by":"conspire:SneckoGhost","ascension_level":1}}