{"host":"f0gpob8hq9vgebej","time":1610418489,"event":{"mods":["AchievementEnabler","BaseMod","Minty Spire (QoL Compilation)","Quick Restart","SuperFastMode"],"gold_per_floor":[113,38,48,60,78,78,107,107,184,259,108,108,123,123,123,221,221,234,247,263,283,283,283,315,315,384,384,396,412,189,104,104,207,207,224,78,92,109,156,156,156],"floor_reached":40,"playtime":4604,"items_purged":["Shame","Strike_B","Compile Driver+1"],"score":481,"play_id":"d6a3a836-6ffc-4f35-a469-c3387844bbab","local_time":"20210112112809","is_ascension_mode":true,"campfire_choices":[{"data":"Mayhem","floor":6.0,"key":"SMITH"},{"data":"Loop","floor":8.0,"key":"SMITH"},{"floor":15.0,"key":"REST"},{"data":"Storm","floor":23.0,"key":"SMITH"},{"data":"Buffer","floor":25.0,"key":"SMITH"},{"data":"Zap","floor":27.0,"key":"SMITH"},{"data":"Bandage Up","floor":32.0,"key":"SMITH"}],"circlet_count":0,"master_deck":["Defend_B","Defend_B","Defend_B","Zap+1","Dualcast","Mayhem+1","Conserve Battery","Heatsinks","Loop+1","Ball Lightning","Seek","Rip and Tear+1","Defragment+1","Storm+1","Capacitor","Buffer+1","Redo","Defragment+1","Bandage Up+1","Creative AI","Electrodynamics","Conserve Battery","Parasite","Barrage"],"relics":["Cracked Core","Lizard Tail","White Beast Statue","Letter Opener","Astrolabe","Anchor","Eternal Feather","FossilizedHelix","SlaversCollar","StoneCalendar"],"acts_visited":["Exordium","TheCity","TheBeyond"],"potions_floor_usage":[33,33,39],"damage_taken":[{"damage":0.0,"enemies":"Cultist","floor":1.0,"turns":3.0},{"damage":8.0,"enemies":"2 Louse","floor":3.0,"turns":3.0},{"damage":8.0,"enemies":"Jaw Worm","floor":4.0,"turns":4.0},{"damage":17.0,"enemies":"Large Slime","floor":5.0,"turns":6.0},{"damage":19.0,"enemies":"Lagavulin","floor":7.0,"turns":6.0},{"damage":2.0,"enemies":"Blue Slaver","floor":13.0,"turns":4.0},{"damage":7.0,"enemies":"Hexaghost","floor":16.0,"turns":9.0},{"damage":3.0,"enemies":"Spheric Guardian","floor":18.0,"turns":3.0},{"damage":3.0,"enemies":"Chosen","floor":19.0,"turns":3.0},{"damage":16.0,"enemies":"3 Cultists","floor":20.0,"turns":4.0},{"damage":16.0,"enemies":"Centurion and Healer","floor":21.0,"turns":5.0},{"damage":34.0,"enemies":"Gremlin Leader","floor":24.0,"turns":5.0},{"damage":3.0,"enemies":"Snecko","floor":28.0,"turns":3.0},{"damage":34.0,"enemies":"Shelled Parasite and Fungi","floor":29.0,"turns":4.0},{"damage":0,"enemies":"Champ","floor":33,"turns":5},{"damage":0,"enemies":"Orb Walker","floor":35,"turns":3},{"damage":0,"enemies":"3 Shapes","floor":37,"turns":3},{"damage":7,"enemies":"Writhing Mass","floor":38,"turns":4},{"damage":79,"enemies":"2 Orb Walkers","floor":39,"turns":5},{"damage":28,"enemies":"Maw","floor":40,"turns":4}],"seed_played":"-5152667289699850387","potions_obtained":[{"floor":3.0,"key":"Fire Potion"},{"floor":5.0,"key":"Explosive Potion"},{"floor":13.0,"key":"ColorlessPotion"},{"floor":16.0,"key":"BlessingOfTheForge"},{"floor":19.0,"key":"Energy Potion"},{"floor":20.0,"key":"EssenceOfSteel"},{"floor":21.0,"key":"PowerPotion"},{"floor":24.0,"key":"SteroidPotion"},{"floor":28.0,"key":"Strength Potion"},{"floor":29.0,"key":"PowerPotion"},{"floor":33,"key":"Explosive Potion"},{"floor":35,"key":"PotionOfCapacity"},{"floor":39,"key":"Fire Potion"}],"is_trial":false,"path_per_floor":["M","$","M","M","M","R","E","R","T","?","$","?","M","T","R","B",null,"M","M","M","M","?","R","E","R","T","R","M","M","$","?","R","B",null,"M","$","M","M","?","M"],"character_chosen":"DEFECT","items_purchased":["Ball Lightning","Bandage Up","Electrodynamics"],"campfire_rested":1,"item_purchase_floors":[11,30,36],"current_hp_per_floor":[75,75,67,59,42,42,23,23,23,16,16,9,7,7,29,22,75,72,69,53,37,23,23,29,29,29,38,35,1,1,1,10,16,80,80,80,80,79,6,0,0],"gold":156,"neow_bonus":"RANDOM_COLORLESS_2","is_daily":false,"chose_seed":false,"campfire_upgraded":6,"win_rate":0.0,"timestamp":1610418489,"path_taken":["M","$","M","M","M","R","E","R","T","?","?","?","M","?","R","BOSS","M","M","M","M","?","R","E","R","T","R","M","M","$","?","R","BOSS","M","$","M","M","?","M"],"items_purchased_type":["Card","Card","Card"],"build_version":"2020-12-22","purchased_purges":3,"victory":false,"max_hp_per_floor":[75,75,75,75,75,75,75,75,75,75,75,75,75,75,75,75,75,75,75,75,75,80,80,80,80,80,80,80,80,80,80,80,80,80,80,80,80,80,80,80,80],"card_choices":[{"not_picked":["Panache","Secret Technique"],"picked":"Mayhem","floor":0.0},{"not_picked":["Steam","Beam Cell","Cold Snap"],"picked":"SKIP","floor":1.0},{"not_picked":["Streamline","Blizzard"],"picked":"Conserve Battery","floor":3.0},{"not_picked":["Coolheaded","Leap","Doom and Gloom"],"picked":"SKIP","floor":4.0},{"not_picked":["Rebound","Coolheaded"],"picked":"Heatsinks","floor":5.0},{"not_picked":["Fission","Steam"],"picked":"Loop","floor":7.0},{"not_picked":["Steam","Rebound","Coolheaded"],"picked":"SKIP","floor":13.0},{"not_picked":["Core Surge","Machine Learning"],"picked":"Seek","floor":16.0},{"not_picked":["Genetic Algorithm","Sweeping Beam"],"picked":"Storm","floor":18.0},{"not_picked":["Cold Snap","Reprogram+1","Rebound+1"],"picked":"SKIP","floor":19.0},{"not_picked":["Coolheaded","Turbo+1"],"picked":"Capacitor","floor":20.0},{"not_picked":["Barrage","Coolheaded+1","Hologram"],"picked":"SKIP","floor":21.0},{"not_picked":["Conserve Battery","All For One"],"picked":"Buffer","floor":24.0},{"not_picked":["Force Field","White Noise"],"picked":"Redo","floor":28.0},{"not_picked":["Coolheaded","Melter+1"],"picked":"Defragment+1","floor":29.0},{"not_picked":["Seek","Multi-Cast"],"picked":"Creative AI","floor":33},{"not_picked":["Hologram+1","Compile Driver+1","Stack+1"],"picked":"SKIP","floor":35},{"not_picked":["Leap","Rebound+1"],"picked":"Conserve Battery","floor":37},{"not_picked":["Gash","Compile Driver+1"],"picked":"Barrage","floor":38}],"player_experience":130234,"relics_obtained":[{"floor":7.0,"key":"Lizard Tail"},{"floor":9.0,"key":"White Beast Statue"},{"floor":14.0,"key":"Letter Opener"},{"floor":24.0,"key":"Anchor"},{"floor":26.0,"key":"Eternal Feather"},{"floor":39,"key":"StoneCalendar"}],"event_choices":[{"damage_healed":0.0,"max_hp_gain":0.0,"max_hp_loss":0.0,"gold_gain":75.0,"event_name":"FaceTrader","player_choice":"Touch","floor":10.0,"gold_loss":0.0,"damage_taken":7.0},{"cards_removed":["Strike_B"],"damage_healed":0.0,"max_hp_gain":0.0,"max_hp_loss":0.0,"gold_gain":0.0,"event_name":"Golden Wing","player_choice":"Card Removal","floor":12.0,"gold_loss":0.0,"damage_taken":7.0},{"damage_healed":0.0,"max_hp_gain":5.0,"max_hp_loss":0.0,"gold_gain":0.0,"event_name":"Forgotten Altar","player_choice":"Shed Blood","floor":22.0,"gold_loss":0.0,"damage_taken":19.0},{"damage_healed":0.0,"max_hp_gain":0.0,"max_hp_loss":0.0,"gold_gain":0.0,"event_name":"Addict","player_choice":"Obtained Relic","floor":31.0,"gold_loss":85.0,"damage_taken":0.0,"relics_obtained":["FossilizedHelix"]},{"damage_healed":0,"gold_gain":0,"player_choice":"Fight","damage_taken":0,"max_hp_gain":0,"max_hp_loss":0,"event_name":"Mysterious Sphere","floor":39,"gold_loss":0}],"is_beta":false,"boss_relics":[{"not_picked":["Fusion Hammer","SacredBark"],"picked":"Astrolabe"},{"not_picked":["Black Star","Velvet Choker"],"picked":"SlaversCollar"}],"items_purged_floors":[2,11,30],"is_endless":false,"potions_floor_spawned":[3,5,13,16,18,19,20,21,24,28,29,33,35,37,38,39],"killed_by":"Maw","ascension_level":1}}