{"host":"x21cvmfdo17nyhii","time":1610489575,"event":{"mods":["AchievementEnabler","BaseMod","Colored Map","Colored Powertips","DeckTracker","Highlight Path","Minty Spire (QoL Compilation)","Quick Restart","Rare Cards Sparkle","SuperFastMode"],"gold_per_floor":[110,124,140,18,34,34,64,239,239,239,252,252,266,266,266,363,363,376,93,110,25,0,0,10,10,10,36,36,48,48,48],"floor_reached":30,"language":"ENG","playtime":1139,"items_purged":["Bash"],"score":313,"play_id":"99b31e7f-bf82-4aca-a555-bdba4cff426b","local_time":"20210112141255","is_ascension_mode":true,"campfire_choices":[{"data":"True Grit","floor":6,"key":"SMITH"},{"floor":12,"key":"REST"},{"floor":15,"key":"REST"},{"floor":23,"key":"REST"},{"data":"Body Slam","floor":25,"key":"SMITH"}],"circlet_count":0,"master_deck":["Strike_R","Strike_R","Strike_R","Strike_R","Strike_R","Defend_R","Defend_R+1","Defend_R","Defend_R","Flex","Iron Wave+1","Clothesline+1","True Grit+1","Shrug It Off","Bash+1","Body Slam+1","Headbutt","Shrug It Off","Warcry"],"relics":["Burning Blood","NeowsBlessing","Red Skull","Matryoshka","Empty Cage","Whetstone","Self Forming Clay","Strawberry","Frozen Egg 2","Champion Belt"],"acts_visited":["Exordium","TheCity"],"potions_floor_usage":[7,16,16,18,25,27,30],"damage_taken":[{"damage":0,"enemies":"Small Slimes","floor":1,"turns":1},{"damage":0,"enemies":"Jaw Worm","floor":2,"turns":1},{"damage":0,"enemies":"Cultist","floor":3,"turns":1},{"damage":2,"enemies":"Exordium Wildlife","floor":5,"turns":4},{"damage":36,"enemies":"Lagavulin","floor":7,"turns":8},{"damage":9,"enemies":"3 Louse","floor":11,"turns":4},{"damage":22,"enemies":"Lots of Slimes","floor":13,"turns":5},{"damage":41,"enemies":"Hexaghost","floor":16,"turns":9},{"damage":57,"enemies":"Spheric Guardian","floor":18,"turns":10},{"damage":11,"enemies":"Shell Parasite","floor":20,"turns":8},{"damage":19,"enemies":"Snake Plant","floor":24,"turns":5},{"damage":31,"enemies":"Slavers","floor":27,"turns":7},{"damage":17,"enemies":"Shelled Parasite and Fungi","floor":29,"turns":6},{"damage":29,"enemies":"Cultist and Chosen","floor":30,"turns":4}],"seed_played":"1957048481115255191","potions_obtained":[{"floor":2,"key":"SpeedPotion"},{"floor":3,"key":"Swift Potion"},{"floor":13,"key":"Strength Potion"},{"floor":16,"key":"LiquidBronze"},{"floor":18,"key":"BloodPotion"},{"floor":29,"key":"Weak Potion"}],"is_trial":false,"path_per_floor":["M","M","M","$","M","R","E","?","T","?","M","R","M","?","R","B",null,"M","$","M","?","?","R","M","R","T","E","$","M","M"],"character_chosen":"IRONCLAD","items_purchased":["Clothesline","True Grit","BloodPotion","Whetstone","Shrug It Off"],"campfire_rested":3,"item_purchase_floors":[4,4,4,19,19],"current_hp_per_floor":[80,80,80,80,80,80,50,50,50,50,47,71,55,39,63,28,67,32,32,27,27,27,51,38,54,61,36,36,25,0,0],"gold":48,"neow_bonus":"THREE_ENEMY_KILL","is_daily":false,"chose_seed":false,"campfire_upgraded":2,"win_rate":0.0,"timestamp":1610489575,"path_taken":["M","M","M","$","M","R","E","?","T","?","M","R","?","?","R","BOSS","M","$","M","?","?","R","M","R","T","E","?","?","?"],"items_purchased_type":["Card","Card","Potion","Relic","Card"],"build_version":"2020-12-22","purchased_purges":1,"victory":false,"max_hp_per_floor":[80,80,80,80,80,80,80,80,80,80,80,80,80,80,80,80,80,80,80,80,80,80,80,80,80,87,87,87,87,87,87],"card_choices":[{"not_picked":["Blood for Blood","Ghostly Armor"],"picked":"Flex","floor":1},{"not_picked":["Rupture","Warcry"],"picked":"Iron Wave","floor":2},{"not_picked":["Pummel","Entrench","Dark Embrace"],"picked":"SKIP","floor":3},{"not_picked":["True Grit","Sword Boomerang"],"picked":"Shrug It Off","floor":5},{"not_picked":["Intimidate","Armaments","Twin Strike"],"picked":"SKIP","floor":7},{"not_picked":["Anger","Juggernaut","Rampage"],"picked":"SKIP","floor":11},{"not_picked":["Cleave","Combust"],"picked":"Body Slam","floor":13},{"not_picked":["Bloodletting","Rampage"],"picked":"Headbutt","floor":18},{"not_picked":["Thunderclap","Ghostly Armor","Uppercut"],"picked":"SKIP","floor":20},{"not_picked":["Rage+1","Uppercut"],"picked":"Warcry","floor":24},{"not_picked":["Inflame+1","Perfected Strike+1","Thunderclap"],"picked":"SKIP","floor":27},{"not_picked":["Sever Soul","Battle Trance","Dual Wield+1"],"picked":"SKIP","floor":29}],"player_experience":316475,"relics_obtained":[{"floor":7,"key":"Red Skull"},{"floor":9,"key":"Matryoshka"},{"floor":26,"key":"Strawberry"},{"floor":26,"key":"Frozen Egg 2"},{"floor":27,"key":"Champion Belt"}],"event_choices":[{"damage_healed":0,"gold_gain":175,"player_choice":"AGREE","damage_taken":0,"max_hp_gain":0,"max_hp_loss":0,"event_name":"Liars Game","floor":8,"gold_loss":0,"cards_obtained":["Doubt"]},{"damage_healed":0,"gold_gain":0,"player_choice":"2 cards matched","damage_taken":0,"max_hp_gain":0,"max_hp_loss":0,"event_name":"Match and Keep!","floor":10,"gold_loss":0,"cards_obtained":["Spot Weakness","Bash"]},{"damage_healed":0,"gold_gain":0,"player_choice":"Entered Light","damage_taken":16,"max_hp_gain":0,"max_hp_loss":0,"event_name":"Shining Light","floor":14,"gold_loss":0,"cards_upgraded":["Defend_R","Bash"]},{"damage_healed":0,"gold_gain":0,"player_choice":"Obtained Relic","damage_taken":0,"relics_obtained":["Self Forming Clay"],"max_hp_gain":0,"max_hp_loss":0,"event_name":"Addict","floor":21,"gold_loss":85},{"damage_healed":0,"gold_gain":0,"player_choice":"Paid Fearfully","damage_taken":0,"max_hp_gain":0,"max_hp_loss":0,"event_name":"Masked Bandits","floor":22,"gold_loss":25}],"is_beta":false,"boss_relics":[{"not_picked":["Snecko Eye","Calling Bell"],"picked":"Empty Cage"}],"items_purged_floors":[19],"is_endless":false,"potions_floor_spawned":[2,3,13,16,18,29],"killed_by":"Cultist and Chosen","ascension_level":5}}