{"host":"qy1e0kd24tpj3i2m","time":1610445414,"event":{"mods":["Act Like it!","Alarm Clock","BaseMod","Better Skull","Better Vampires","Colored Map","Colored Powertips","Custom Start","Faster Ascension Climbing","Friendly Minions","GifTheSpireLib","Gremlin Skip","Highlight Path","Minty Spire (QoL Compilation)","Permanent Neow","Poor People Problems","Quick Restart","Red Circlet Mod","Relic Sorter","Reorder Act Four","SacredBarkPlus","Shop Mod","StSLib","SuperFastMode","Transform Curses","没有小屋子和绿帽子啦"],"gold_per_floor":[117,136,17,36,186,198,198,233,281,315,315,315,334,352,352,352,352],"floor_reached":16,"playtime":1586,"items_purged":["Shame"],"score":274,"play_id":"88fcb987-08ab-4d83-8101-55a6a72a9bdf","local_time":"20210112185654","is_ascension_mode":true,"campfire_choices":[{"data":"Rupture","floor":7.0,"key":"SMITH"},{"data":"True Grit","floor":11.0,"key":"SMITH"},{"data":"Body Slam","floor":15.0,"key":"SMITH"}],"circlet_count":0,"master_deck":["AscendersBane","Strike_R","Strike_R","Strike_R","Strike_R","Strike_R","Defend_R","Defend_R","Defend_R","Defend_R","Bash","Brutality","True Grit+1","Rupture+1","Doubt","Sword Boomerang","Body Slam+1","Flame Barrier"],"relics":["Burning Blood","Ornamental Fan","Akabeko","MealTicket","Smiling Mask"],"acts_visited":["Exordium"],"potions_floor_usage":[],"damage_taken":[{"damage":11.0,"enemies":"Small Slimes","floor":1.0,"turns":5.0},{"damage":15.0,"enemies":"Jaw Worm","floor":2.0,"turns":5.0},{"damage":2.0,"enemies":"2 Louse","floor":4.0,"turns":4.0},{"damage":20.0,"enemies":"2 Fungi Beasts","floor":6.0,"turns":7.0},{"damage":2.0,"enemies":"Lagavulin","floor":8.0,"turns":4.0},{"damage":34.0,"enemies":"Gremlin Nob","floor":10.0,"turns":4.0},{"damage":10.0,"enemies":"Lots of Slimes","floor":13.0,"turns":6.0},{"damage":14.0,"enemies":"Large Slime","floor":14.0,"turns":8.0},{"damage":8,"enemies":"Hexaghost","floor":16,"turns":5}],"seed_played":"6466828530694228825","potions_obtained":[{"floor":1.0,"key":"FearPotion"},{"floor":6.0,"key":"Strength Potion"},{"floor":14.0,"key":"SkillPotion"}],"is_trial":false,"path_per_floor":["M","M","$","M","?","M","R","E","T","E","R","T","M","M","R","B"],"character_chosen":"IRONCLAD","items_purchased":["Rupture"],"campfire_rested":0,"item_purchase_floors":[3],"current_hp_per_floor":[63,54,54,58,58,44,44,48,48,20,20,20,16,8,8,0,0],"gold":352,"neow_bonus":"THREE_RARE_CARDS","is_daily":false,"chose_seed":false,"campfire_upgraded":3,"win_rate":0.0,"timestamp":1610445414,"path_taken":["M","M","$","M","?","M","R","E","T","E","R","?","M","M","R","BOSS"],"items_purchased_type":["Card"],"build_version":"2020-12-22","purchased_purges":1,"victory":false,"max_hp_per_floor":[75,75,75,75,75,75,75,75,75,75,75,75,75,75,75,75,75],"card_choices":[{"not_picked":["Juggernaut","Corruption"],"picked":"Brutality","floor":0.0},{"not_picked":["Twin Strike","Clash"],"picked":"True Grit","floor":1.0},{"not_picked":["Warcry","Shockwave","Perfected Strike"],"picked":"SKIP","floor":2.0},{"not_picked":["Warcry","Shockwave","Perfected Strike"],"picked":"SKIP","floor":2.0},{"not_picked":["Twin Strike","Armaments","Clothesline"],"picked":"SKIP","floor":4.0},{"not_picked":["Clash","True Grit"],"picked":"Sword Boomerang","floor":6.0},{"not_picked":["Clothesline","Sever Soul"],"picked":"Body Slam","floor":8.0},{"not_picked":["Rampage","Shockwave","Spot Weakness"],"picked":"SKIP","floor":10.0},{"not_picked":["Iron Wave","Bludgeon"],"picked":"Flame Barrier","floor":13.0},{"not_picked":["Entrench","Perfected Strike","Heavy Blade"],"picked":"SKIP","floor":14.0}],"player_experience":901154,"relics_obtained":[{"floor":8.0,"key":"Ornamental Fan"},{"floor":9.0,"key":"Akabeko"},{"floor":10.0,"key":"MealTicket"},{"floor":12.0,"key":"Smiling Mask"}],"event_choices":[{"damage_healed":0.0,"max_hp_gain":0.0,"max_hp_loss":0.0,"gold_gain":150.0,"event_name":"Liars Game","player_choice":"AGREE","floor":5.0,"gold_loss":0.0,"damage_taken":0.0,"cards_obtained":["Doubt"]}],"is_beta":false,"boss_relics":[],"items_purged_floors":[3],"is_endless":false,"potions_floor_spawned":[1,6,14],"killed_by":"Hexaghost","ascension_level":20}}