{"host":"rf8av8ahefvxcu9p","time":1610415996,"event":{"mods":["BaseMod","BetterRewards","Colored Powertips","Infinite Spire","Minty Spire (QoL Compilation)","Replay The Spire","StSLib"],"gold_per_floor":[113,127,137,62,75,75,95,95,95,95,170,170,195,195,195,291,391,404,414,424,424,424,424,424],"floor_reached":23,"playtime":1420,"items_purged":["Strike_R","Strike_R"],"score":191,"play_id":"cf49b3e8-c68f-4c50-bebc-8b57e80673b6","local_time":"20210111194636","is_ascension_mode":false,"campfire_choices":[{"data":"infinitespire:OneForAll","floor":6,"key":"SMITH"},{"data":"Bash","floor":8,"key":"SMITH"},{"data":"Whirlwind","floor":10,"key":"SMITH"},{"floor":15,"key":"REST"}],"circlet_count":0,"master_deck":["Strike_R","Strike_R","Defend_R+1","Defend_R","Defend_R","Defend_R","Bash+1","AbeCurse","Whirlwind+1","Headbutt","infinitespire:OneForAll+1","Battle Trance","True Grit","Reaper","infinitespire:TheBestDefense","Ghostly Armor","Armaments+1","Shrug It Off","infinitespire:UltimateForm"],"relics":["Abe\u0027s Treasure","Magic Flower","Paper Frog","Replay:Grab Bag","Replay:Wanted Poster","Electric Blood","Black Star","Orrery"],"acts_visited":["Exordium","TheCity"],"potions_floor_usage":[13,16,18],"damage_taken":[{"damage":0,"enemies":"Small Slimes","floor":1,"turns":2},{"damage":6,"enemies":"Jaw Worm","floor":2,"turns":2},{"damage":0,"enemies":"2 Louse","floor":3,"turns":2},{"damage":5,"enemies":"Lots of Slimes","floor":5,"turns":2},{"damage":16,"enemies":"Exordium Thugs","floor":7,"turns":3},{"damage":7,"enemies":"3 Sentries","floor":13,"turns":3},{"damage":30,"enemies":"Hexaghost","floor":16,"turns":7},{"damage":25,"enemies":"Spheric Guardian","floor":18,"turns":4},{"damage":10,"enemies":"3 Byrds","floor":19,"turns":4},{"damage":30,"enemies":"Centurion and Healer","floor":20,"turns":3},{"damage":24,"enemies":"Slavers","floor":23,"turns":2}],"seed_played":"9185616586205743173","potions_obtained":[{"floor":2,"key":"CultistPotion"},{"floor":7,"key":"PowerPotion"},{"floor":13,"key":"Flashbang"}],"is_trial":false,"path_per_floor":["M","M","M","$","M","R","M","R","T","R","?","?","E","?","R","B",null,"M","M","M","AVR","?","E"],"character_chosen":"IRONCLAD","items_purchased":[],"campfire_rested":1,"item_purchase_floors":[],"current_hp_per_floor":[80,74,74,74,69,69,53,53,53,53,42,42,35,35,59,29,80,57,56,43,43,23,0,0],"gold":424,"neow_bonus":"BOSS_RELIC","is_daily":false,"chose_seed":false,"campfire_upgraded":3,"win_rate":0.0,"timestamp":1610415996,"path_taken":["M","M","M","$","M","R","M","R","T","R","?","?","E","?","R","BOSS","M","?","M","AVR","?","E"],"items_purchased_type":[],"build_version":"2020-12-22","purchased_purges":2,"victory":false,"max_hp_per_floor":[80,80,80,80,80,80,80,80,80,80,80,80,80,80,80,80,80,80,80,80,80,80,80,80],"card_choices":[{"not_picked":["Rage","Warcry"],"picked":"Whirlwind","floor":1},{"not_picked":["Perfected Strike","ReplayTheSpireMod:Strike From Hell"],"picked":"Headbutt","floor":2},{"not_picked":["Heavy Blade","Abandon","Sword Boomerang"],"picked":"SKIP","floor":3},{"not_picked":["Heavy Blade","Shrug It Off"],"picked":"infinitespire:OneForAll","floor":5},{"not_picked":["Iron Wave","Juggernaut"],"picked":"Battle Trance","floor":7},{"not_picked":["Headbutt","Shockwave"],"picked":"True Grit","floor":13},{"not_picked":["Limit Break","Juggernaut"],"picked":"Reaper","floor":16},{"not_picked":["Run Through","True Grit","Headbutt"],"picked":"SKIP","floor":18},{"not_picked":["Headbutt+1","ReplayTheSpireMod:Strike From Hell","Anger"],"picked":"SKIP","floor":19},{"not_picked":["Bloodletting","Replay:Many Hands","Wild Strike"],"picked":"SKIP","floor":20},{"not_picked":["Fire Breathing","Clash"],"picked":"Ghostly Armor","floor":21},{"not_picked":["Clash+1","Pommel Strike"],"picked":"Armaments+1","floor":21},{"not_picked":["Barricade","Sever Soul"],"picked":"Shrug It Off","floor":21},{"not_picked":["infinitespire:NeuralNetwork","infinitespire:Menacing"],"picked":"infinitespire:UltimateForm","floor":22}],"player_experience":348549,"relics_obtained":[{"floor":9,"key":"Magic Flower"},{"floor":13,"key":"Paper Frog"}],"event_choices":[{"damage_healed":0,"gold_gain":75,"player_choice":"Gather Gold","damage_taken":11,"max_hp_gain":0,"max_hp_loss":0,"event_name":"World of Goop","floor":11,"gold_loss":0},{"cards_removed":["Strike_R"],"damage_healed":0,"gold_gain":0,"player_choice":"Purged","damage_taken":0,"max_hp_gain":0,"max_hp_loss":0,"event_name":"Purifier","floor":14,"gold_loss":0}],"is_beta":false,"boss_relics":[{"not_picked":["Astrolabe","Calling Bell"],"picked":"Replay:Grab Bag"},{"not_picked":["ReplayTheSpireMod:DimensionalGlitch","Ectoplasm"],"picked":"Replay:Wanted Poster"},{"not_picked":["Runic Dome","Busted Crown"],"picked":"Electric Blood"},{"not_picked":["Pandora\u0027s Box","Empty Cage"],"picked":"Black Star"}],"items_purged_floors":[4,21],"is_endless":false,"potions_floor_spawned":[2,7,13],"killed_by":"Slavers","ascension_level":0}}