{"host":"w9yruvs4bqht6bhw","time":1610489105,"event":{"mods":["BaseMod","Colored Powertips","Minty Spire (QoL Compilation)"],"gold_per_floor":[219,231,231,243,257,257,208,218,218,248,248,248,100,100,100,202,202,186,197,197,197],"floor_reached":20,"language":"ENG","playtime":712,"items_purged":[],"score":267,"play_id":"89f7515b-cc92-4957-afd2-692107289702","local_time":"20210112170505","is_ascension_mode":true,"campfire_choices":[{"floor":11.0,"key":"REST"},{"data":"Rampage","floor":15.0,"key":"SMITH"}],"circlet_count":0,"master_deck":["Strike_R","Strike_R","Strike_R","Strike_R","Strike_R","Defend_R","Defend_R","Defend_R","Defend_R","Bash","Iron Wave","Shrug It Off","Anger","Battle Trance","Shrug It Off","Rampage+1","Barricade","Shockwave+1","Armaments"],"relics":["Burning Blood","Tiny Chest","Oddly Smooth Stone","HandDrill"],"acts_visited":["Exordium","TheCity"],"potions_floor_usage":[],"damage_taken":[{"damage":6.0,"enemies":"Cultist","floor":1.0,"turns":3.0},{"damage":14.0,"enemies":"Jaw Worm","floor":2.0,"turns":3.0},{"damage":6.0,"enemies":"2 Louse","floor":4.0,"turns":4.0},{"damage":24.0,"enemies":"Exordium Thugs","floor":5.0,"turns":6.0},{"damage":0.0,"enemies":"3 Sentries","floor":6.0,"turns":2.0},{"damage":2.0,"enemies":"2 Fungi Beasts","floor":8.0,"turns":4.0},{"damage":27.0,"enemies":"Gremlin Nob","floor":10.0,"turns":4.0},{"damage":55.0,"enemies":"The Guardian","floor":16.0,"turns":12.0},{"damage":16.0,"enemies":"2 Thieves","floor":18.0,"turns":4.0},{"damage":41.0,"enemies":"Spheric Guardian","floor":19.0,"turns":6.0},{"damage":0,"enemies":"Cultist and Chosen","floor":20,"turns":1}],"seed_played":"-1240331253774506723","potions_obtained":[{"floor":1.0,"key":"Energy Potion"},{"floor":2.0,"key":"DistilledChaos"},{"floor":3.0,"key":"FairyPotion"},{"floor":3.0,"key":"SmokeBomb"},{"floor":8.0,"key":"DuplicationPotion"},{"floor":10.0,"key":"Weak Potion"},{"floor":16.0,"key":"GamblersBrew"},{"floor":18.0,"key":"EssenceOfSteel"}],"is_trial":false,"path_per_floor":["M","M","?","M","M","E","$","M","T","E","R","?","$","$","R","B",null,"M","M","M"],"character_chosen":"IRONCLAD","items_purchased":["Shrug It Off","HandDrill"],"campfire_rested":1,"item_purchase_floors":[7,13],"current_hp_per_floor":[72,64,64,64,46,52,52,56,56,35,59,80,80,80,80,31,68,58,23,23,23],"gold":197,"neow_bonus":"HUNDRED_GOLD","is_daily":false,"chose_seed":false,"campfire_upgraded":1,"win_rate":0.0,"timestamp":1610489105,"path_taken":["M","M","?","M","?","E","?","M","T","E","R","?","?","$","R","BOSS","M","M","M"],"items_purchased_type":["Card","Relic"],"build_version":"2020-12-22","purchased_purges":0,"victory":false,"max_hp_per_floor":[80,80,80,80,80,80,80,80,80,80,80,80,80,80,80,80,80,80,80,80,80],"card_choices":[{"not_picked":["Evolve","Flex"],"picked":"Iron Wave","floor":1.0},{"not_picked":["Dark Embrace","Shockwave"],"picked":"Shrug It Off","floor":2.0},{"not_picked":["Headbutt","Thunderclap"],"picked":"Anger","floor":4.0},{"not_picked":["Warcry","Pommel Strike"],"picked":"Battle Trance","floor":5.0},{"not_picked":["Carnage","Intimidate"],"picked":"Rampage","floor":8.0},{"not_picked":["Thunderclap","Twin Strike","Warcry"],"picked":"SKIP","floor":10.0},{"not_picked":["Demon Form","Brutality"],"picked":"Barricade","floor":16.0},{"not_picked":["Wild Strike","Battle Trance+1"],"picked":"Shockwave+1","floor":18.0},{"not_picked":["Headbutt","Wild Strike"],"picked":"Armaments","floor":19.0}],"player_experience":387062,"relics_obtained":[{"floor":9.0,"key":"Tiny Chest"},{"floor":10.0,"key":"Oddly Smooth Stone"}],"event_choices":[{"damage_healed":0.0,"max_hp_gain":0.0,"max_hp_loss":0.0,"gold_gain":0.0,"event_name":"Lab","player_choice":"Got Potions","floor":3.0,"gold_loss":0.0,"damage_taken":0.0},{"damage_healed":26.0,"max_hp_gain":0.0,"max_hp_loss":0.0,"gold_gain":0.0,"event_name":"Big Fish","player_choice":"Banana","floor":12.0,"gold_loss":0.0,"damage_taken":0.0}],"is_beta":false,"boss_relics":[{"not_picked":["Ectoplasm","Velvet Choker","Runic Pyramid"]}],"items_purged_floors":[],"is_endless":false,"potions_floor_spawned":[1,2,8,10,16,18],"killed_by":"Cultist and Chosen","ascension_level":9}}