{"host":"1c52r9kaxdyo25eq","time":1610463564,"event":{"mods":["AchievementEnabler","BaseMod","Minty Spire (QoL Compilation)","Rare Cards Sparkle","SuperFastMode","everything is the same but u backflip on backflip"],"gold_per_floor":[113,8,8,19,31,62,62,62,62],"floor_reached":8,"playtime":138,"items_purged":["Defend_G"],"score":112,"play_id":"47e38d43-4184-4202-946b-aad734eb2b3a","local_time":"20210112235924","is_ascension_mode":true,"campfire_choices":[{"data":"Bane","floor":7,"key":"SMITH"}],"circlet_count":0,"master_deck":["AscendersBane","Strike_G","Strike_G","Strike_G","Strike_G","Strike_G","Defend_G","Defend_G","Defend_G","Survivor","Neutralize","Poisoned Stab","Deadly Poison","Deflect","Poisoned Stab","Tactician","Bane+1"],"relics":["Ring of the Snake","NeowsBlessing","Blue Candle"],"acts_visited":["Exordium"],"potions_floor_usage":[8],"damage_taken":[{"damage":0,"enemies":"2 Louse","floor":1,"turns":1},{"damage":0,"enemies":"Cultist","floor":4,"turns":1},{"damage":0,"enemies":"Small Slimes","floor":5,"turns":1},{"damage":32,"enemies":"3 Sentries","floor":6,"turns":11},{"damage":27,"enemies":"Lagavulin","floor":8,"turns":3}],"seed_played":"7479160701327645148","potions_obtained":[{"floor":6,"key":"DistilledChaos"}],"is_trial":false,"path_per_floor":["M","$","?","M","M","E","R","E"],"character_chosen":"THE_SILENT","items_purchased":["Deadly Poison"],"campfire_rested":0,"item_purchase_floors":[2],"current_hp_per_floor":[59,59,59,59,59,27,27,0,0],"gold":62,"neow_bonus":"THREE_ENEMY_KILL","is_daily":false,"chose_seed":false,"campfire_upgraded":1,"win_rate":0.0,"timestamp":1610463564,"path_taken":["M","$","?","M","?","E","R","E"],"items_purchased_type":["Card"],"build_version":"2020-12-22","purchased_purges":1,"victory":false,"max_hp_per_floor":[66,66,66,66,66,66,66,66,66],"card_choices":[{"not_picked":["PiercingWail","Backflip"],"picked":"Poisoned Stab","floor":1},{"not_picked":["Outmaneuver","Quick Slash"],"picked":"Poisoned Stab","floor":4},{"not_picked":["Outmaneuver","Underhanded Strike"],"picked":"Tactician","floor":5},{"not_picked":["A Thousand Cuts","Finisher"],"picked":"Bane","floor":6}],"player_experience":584190,"relics_obtained":[{"floor":6,"key":"Blue Candle"}],"event_choices":[{"damage_healed":0,"gold_gain":0,"cards_transformed":["Defend_G"],"player_choice":"Transformed","damage_taken":0,"max_hp_gain":0,"max_hp_loss":0,"event_name":"Transmorgrifier","floor":3,"gold_loss":0,"cards_obtained":["Deflect"]}],"is_beta":false,"boss_relics":[],"items_purged_floors":[2],"is_endless":false,"potions_floor_spawned":[6],"killed_by":"Lagavulin","ascension_level":20}}