{"host":"0cgp910o8339lr91","time":1610451577,"event":{"mods":["BaseMod","Block Reminder","Colored Map","Colored Powertips","Filter the Spire","Minty Spire (QoL Compilation)","Relic Stats","Slay-I","ojb\u0027s Better Paths Mod","ojb\u0027s Info Mod"],"gold_per_floor":[119,119,194,212,212,212,247,15,15,40,52,68,100,111,111,216,216,226,241,241,255,288,317,317,348,348,26,38,73,73,84,84,84,84],"floor_reached":33,"playtime":2542,"items_purged":["Dualcast"],"score":606,"play_id":"bd9088a9-f8cc-4ff4-9b4d-1ba5b5738c12","local_time":"20210112123937","is_ascension_mode":true,"campfire_choices":[{"data":"Reprogram","floor":6.0,"key":"SMITH"},{"floor":15.0,"key":"REST"},{"data":"Secret Technique","floor":24,"key":"SMITH"},{"data":"Decay","floor":32,"key":"PURGE"}],"circlet_count":0,"master_deck":["AscendersBane","Strike_B","Strike_B","Strike_B","Strike_B","Defend_B","Defend_B","Defend_B","Defend_B","Zap","Undo","Reprogram+1","Beam Cell","Clumsy","Secret Technique+1","Self Repair","FlyingSleeves","Dagger Spray","Vault","ThirdEye+1","Ghostly","Ghostly","Ghostly","Ghostly","Ghostly","Dual Wield","WheelKick","Dark Shackles","Acrobatics"],"relics":["Cursed Key","Pen Nib","PrismaticShard","Regal Pillow","Bronze Scales","Ice Cream","Coffee Dripper","Red Mask","Potion Belt","FossilizedHelix","The Courier","Kunai","Omamori","Calipers","Peace Pipe"],"acts_visited":["Exordium","TheCity"],"potions_floor_usage":[16,16,28],"damage_taken":[{"damage":0.0,"enemies":"Small Slimes","floor":1.0,"turns":3.0},{"damage":9.0,"enemies":"2 Louse","floor":4.0,"turns":3.0},{"damage":36.0,"enemies":"3 Sentries","floor":7.0,"turns":12.0},{"damage":6.0,"enemies":"Lagavulin","floor":10.0,"turns":7.0},{"damage":0.0,"enemies":"Jaw Worm","floor":11.0,"turns":4.0},{"damage":0.0,"enemies":"Gremlin Gang","floor":12.0,"turns":5.0},{"damage":9.0,"enemies":"3 Sentries","floor":13.0,"turns":6.0},{"damage":0.0,"enemies":"2 Fungi Beasts","floor":14.0,"turns":1.0},{"damage":0,"enemies":"Slime Boss","floor":16,"turns":9},{"damage":0,"enemies":"3 Byrds","floor":18,"turns":5},{"damage":4,"enemies":"Spheric Guardian","floor":19,"turns":5},{"damage":3,"enemies":"Chosen and Byrds","floor":21,"turns":7},{"damage":1,"enemies":"Masked Bandits","floor":22,"turns":5},{"damage":1,"enemies":"Slavers","floor":23,"turns":6},{"damage":4,"enemies":"Gremlin Leader","floor":25,"turns":5},{"damage":4,"enemies":"Cultist and Chosen","floor":28,"turns":6},{"damage":21,"enemies":"Book of Stabbing","floor":29,"turns":8},{"damage":7,"enemies":"Snake Plant","floor":31,"turns":5},{"damage":32,"enemies":"Automaton","floor":33,"turns":7}],"seed_played":"-2913114027051544302","potions_obtained":[{"floor":7.0,"key":"Energy Potion"},{"floor":13.0,"key":"DistilledChaos"},{"floor":14.0,"key":"AttackPotion"},{"floor":18,"key":"Block Potion"},{"floor":22,"key":"FearPotion"},{"floor":25,"key":"BlessingOfTheForge"}],"is_trial":false,"path_per_floor":["M","?","?","M","?","R","E","$","T","E","M","M","E","M","R","B",null,"M","M","?","M","?","E","R","E","T","$","M","E","?","M","R","B"],"character_chosen":"DEFECT","items_purchased":["PrismaticShard","Kunai","Omamori"],"campfire_rested":1,"item_purchase_floors":[8,27,27],"current_hp_per_floor":[68,68,57,48,48,48,12,12,12,6,6,13,11,11,48,55,70,75,75,37,37,37,37,37,33,33,33,36,22,22,29,29,0,0],"gold":84,"neow_bonus":"BOSS_RELIC","is_daily":false,"chose_seed":false,"campfire_upgraded":2,"win_rate":0.0,"timestamp":1610451577,"path_taken":["M","?","?","M","?","R","E","$","T","E","M","M","E","M","R","BOSS","M","?","?","M","?","E","R","E","T","$","M","E","?","M","R","BOSS"],"items_purchased_type":["Relic","Relic","Relic"],"build_version":"2020-12-22","purchased_purges":1,"victory":false,"max_hp_per_floor":[75,75,75,75,75,75,75,75,75,75,75,75,75,75,75,75,75,75,75,37,37,37,37,37,37,37,37,37,37,37,37,37,37,37],"relic_stats":{"Peace Pipe":1,"Regal Pillow":15,"counters":[19,109],"Bronze Scales":[254],"Pen Nib":[15],"Kunai":[8],"Cursed Key":2,"obtain_stats":[{"Ice Cream":13,"Potion Belt":23,"Regal Pillow":9,"Calipers":29,"Pen Nib":7,"The Courier":26,"Omamori":27,"Cursed Key":0,"PrismaticShard":8,"Peace Pipe":30,"Bronze Scales":10,"Coffee Dripper":17,"Red Mask":22,"Kunai":27,"Cracked Core":0,"FossilizedHelix":25},{"Ice Cream":7,"Potion Belt":14,"Regal Pillow":3,"Calipers":17,"Pen Nib":3,"The Courier":15,"Omamori":15,"Cursed Key":0,"PrismaticShard":3,"Peace Pipe":17,"Bronze Scales":4,"Coffee Dripper":9,"Red Mask":13,"Kunai":15,"Cracked Core":0,"FossilizedHelix":15},{"Ice Cream":40,"Potion Belt":78,"Regal Pillow":18,"Calipers":97,"Pen Nib":18,"The Courier":83,"Omamori":83,"Cursed Key":0,"PrismaticShard":18,"Peace Pipe":97,"Bronze Scales":25,"Coffee Dripper":50,"Red Mask":72,"Kunai":83,"Cracked Core":0,"FossilizedHelix":83}]},"card_choices":[{"not_picked":["Hologram","Conserve Battery"],"picked":"Undo","floor":1.0},{"not_picked":["Redo","Compile Driver"],"picked":"Reprogram","floor":4.0},{"not_picked":["Leap","Turbo"],"picked":"Beam Cell","floor":7.0},{"not_picked":["Compile Driver","Swivel"],"picked":"Secret Technique","floor":10.0},{"not_picked":["Shrug It Off","CutThroughFate"],"picked":"Self Repair","floor":11.0},{"not_picked":["PathToVictory","Redo"],"picked":"FlyingSleeves","floor":12.0},{"not_picked":["Pommel Strike","Wish"],"picked":"Dagger Spray","floor":13.0},{"not_picked":["ClearTheMind","FollowUp","Fasting2"],"picked":"SKIP","floor":14.0},{"not_picked":["Brutality","Core Surge"],"picked":"Vault","floor":16},{"not_picked":["Thunderclap+1","Prostrate","BattleHymn"],"picked":"SKIP","floor":18},{"not_picked":["Evaluate","Protect"],"picked":"ThirdEye+1","floor":19},{"not_picked":["PathToVictory+1","Ball Lightning","Bane+1"],"picked":"SKIP","floor":21},{"not_picked":["Deep Breath","The Bomb"],"picked":"Dual Wield","floor":22},{"not_picked":["LikeWater","Ghostly Armor","BowlingBash"],"picked":"SKIP","floor":23},{"not_picked":["Steam Power","Tactician"],"picked":"WheelKick","floor":25},{"not_picked":["Evaluate","Sever Soul"],"picked":"Dark Shackles","floor":28},{"not_picked":["Gash","CutThroughFate","Evaluate"],"picked":"SKIP","floor":29},{"not_picked":["Melter+1","Beam Cell+1"],"picked":"Acrobatics","floor":31}],"player_experience":1383322,"relics_obtained":[{"floor":7.0,"key":"Pen Nib"},{"floor":9.0,"key":"Regal Pillow"},{"floor":10.0,"key":"Bronze Scales"},{"floor":13.0,"key":"Ice Cream"},{"floor":22,"key":"Red Mask"},{"floor":23,"key":"Potion Belt"},{"floor":25,"key":"FossilizedHelix"},{"floor":26,"key":"The Courier"},{"floor":29,"key":"Calipers"}],"event_choices":[{"damage_healed":0.0,"max_hp_gain":0.0,"max_hp_loss":0.0,"gold_gain":0.0,"event_name":"The Cleric","player_choice":"Leave","floor":2.0,"gold_loss":0.0,"damage_taken":0.0},{"damage_healed":0.0,"max_hp_gain":0.0,"max_hp_loss":0.0,"gold_gain":75.0,"event_name":"World of Goop","player_choice":"Gather Gold","floor":3.0,"gold_loss":0.0,"damage_taken":11.0},{"damage_healed":0.0,"max_hp_gain":0.0,"max_hp_loss":0.0,"gold_gain":0.0,"event_name":"Wheel of Change","player_choice":"Relic","floor":5.0,"gold_loss":0.0,"damage_taken":0.0},{"damage_healed":0,"gold_gain":0,"player_choice":"Became a Ghost","damage_taken":0,"max_hp_gain":0,"max_hp_loss":38,"event_name":"Ghosts","floor":20,"gold_loss":0,"cards_obtained":["Ghostly","Ghostly","Ghostly","Ghostly","Ghostly"]},{"damage_healed":0,"gold_gain":0,"player_choice":"Fought Bandits","damage_taken":0,"max_hp_gain":0,"max_hp_loss":0,"event_name":"Masked Bandits","floor":22,"gold_loss":0},{"damage_healed":0,"gold_gain":0,"player_choice":"Opened","damage_taken":0,"relics_obtained":["Peace Pipe"],"max_hp_gain":0,"max_hp_loss":0,"event_name":"The Mausoleum","floor":30,"gold_loss":0,"cards_obtained":["Writhe"]}],"is_beta":false,"boss_relics":[{"not_picked":["Pandora\u0027s Box","Ectoplasm"],"picked":"Coffee Dripper"}],"items_purged_floors":[8],"is_endless":false,"potions_floor_spawned":[7,13,14,18,22,25],"killed_by":"Automaton","ascension_level":11}}