{"host":"qkbnayyek6fga752","time":1610437081,"event":{"mods":["2.2 Compatiblity","Aspiration","Astrologer","BaseMod","Beaked The Cultist","Better Altar","Better Match","Better Note","Better Sensory Stone","Better Skull","Better Third Choice","CCEM","CapriCore","ChefMod","Clockwork Mod","Conspire","Ekko","Energized Spire","Evolution","Glutton Mod","Hermit","Hubris","Humility","Jedi Mod","Koishi","Mad Scientist","Marisa????????","Minty Spire (QoL Compilation)","Quarter Circle Forward PUNCH!","Random Character Mod","Replay The Spire","Robot Space Explorer","SIMod","Spicy Shops","StSLib","The Administrix","The Alterego","The Blackbeard","The Blue Laboratory","The Bug Knight","The Construct","The Cursed","The Death Knight","The Disciple","The Druid","The Edgeheg","The Exalted","The Forsaken","The Gatherer","The Hayseed","The Hierophant","The Immortal","The Juggle","The Marked","The Necromancer","The Problem Sleuth","The Runesmith","The Sage","The Senshi","The Vixen","TheArtist","TheBandit","TheFirefly","TheLocksmith","TheSwordswoman","TheVacant","TheVelvet","Trackpad","Wandering Minibosses","Yuri Mod","thorton","vexMod","??????REMEMod"],"gold_per_floor":[112,122,137,154,154,180,180,213,266,293,293,311,127,92,92,191,191,201,216,26,26,46,46,78,78,78,94,120,131,131,131],"floor_reached":30,"playtime":1501,"items_purged":[],"score":290,"play_id":"12bbe84f-6aab-4158-8cb5-6fa8412d03eb","local_time":"20210112023801","daily_mods":["SealedDeck","Heirloom","DeadlyEvents","Elite Swarm","Uncertain Future"],"is_ascension_mode":false,"campfire_choices":[{"data":"AllByMyself","floor":7,"key":"SMITH"},{"data":"MessyAndOrderly","floor":23,"key":"SMITH"},{"data":"LadiesDemeanor","floor":25,"key":"SMITH"}],"circlet_count":0,"master_deck":["FriendOfNature","TenInstruments","Magic","SwiftKick","AllByMyself","Perfectionism","PinkiePromise","Batlization","DynamicVision","PinkiePromise","AppleFeast","DynamicVision","FriendshipIsMagic+1","MessyAndOrderly+1","Batlization","PinkiePromise","TenInstruments","LadiesDemeanor","Perfectionism","SwiftKick","Tornado","Dear_Princess","TwentyPercentcooler","AppleFeast","LadiesDemeanor+1","TakeTheLead","hubris:DuctTapeCard","Stare","FriendOfNature","yuri:Virus"],"relics":["The_element_of_harmony","EVO:Axolotl","REME_ComplimentaryCards","Torii","aspiration:Lifesprig","Strawberry","aspiration:ArtOfWarUpgrade","aspiration:StickyExplosives_weak","Painkiller Herb","theForsaken:Gavel","hubris:TinFlute","hubris:DuctTape","trackpad:PetRock"],"acts_visited":["Exordium","TheCity"],"potions_floor_usage":[6,6,10,18,24,29],"damage_taken":[{"damage":11,"enemies":"Small Slimes","floor":1,"turns":1},{"damage":19,"enemies":"Jaw Worm","floor":2,"turns":3},{"damage":6,"enemies":"Cultist","floor":3,"turns":4},{"damage":7,"enemies":"Exordium Thugs","floor":4,"turns":4},{"damage":2,"enemies":"Gremlin Nob","floor":6,"turns":3},{"damage":33,"enemies":"3 Sentries","floor":8,"turns":3},{"damage":16,"enemies":"Lagavulin","floor":10,"turns":4},{"damage":8,"enemies":"3 Louse","floor":12,"turns":4},{"damage":32,"enemies":"Slime Boss","floor":16,"turns":6},{"damage":0,"enemies":"Shell Parasite","floor":18,"turns":1},{"damage":2,"enemies":"3 Byrds","floor":19,"turns":1},{"damage":36,"enemies":"Centurion and Healer","floor":22,"turns":5},{"damage":33,"enemies":"Book of Stabbing","floor":24,"turns":4},{"damage":1,"enemies":"3 Cultists","floor":27,"turns":3},{"damage":10,"enemies":"Gremlin Leader","floor":28,"turns":4},{"damage":16,"enemies":"Snake Plant","floor":29,"turns":5},{"damage":12,"enemies":"Slavers","floor":30,"turns":1}],"seed_played":"-3875604936050026143","potions_obtained":[{"floor":1,"key":"DeathKnight:RimePotion"},{"floor":4,"key":"Block Potion"},{"floor":6,"key":"Energy Potion"},{"floor":10,"key":"blueLaboratory:NullPotion"},{"floor":16,"key":"SteroidPotion"},{"floor":19,"key":"blueLaboratory:RecallPotion"},{"floor":22,"key":"Elixir"},{"floor":27,"key":"ColorlessPotion"},{"floor":29,"key":"Elixir"}],"is_trial":true,"path_per_floor":["M","M","M","M","?","E","R","E","T","E","R","M","$","?","R","B",null,"?","?","T","?","?","T","E","T","T","?","E","?","E"],"character_chosen":"TWI_CLASS","items_purchased":["PinkiePromise","TenInstruments","Dear_Princess","theForsaken:Gavel"],"campfire_rested":0,"item_purchase_floors":[13,13,20,20],"current_hp_per_floor":[74,60,57,56,57,55,55,32,32,16,16,14,14,37,37,11,93,93,91,91,91,60,60,30,30,30,29,22,12,0,0],"gold":131,"neow_bonus":"","is_daily":false,"chose_seed":false,"campfire_upgraded":3,"win_rate":0.0,"timestamp":1610437081,"path_taken":["M","M","M","M","?","E","R","E","T","E","R","?","$","?","R","BOSS","?","?","T","?","?","T","E","T","T","?","E","?","?"],"items_purchased_type":["Card","Card","Card","Relic"],"build_version":"2020-12-22","purchased_purges":0,"victory":false,"max_hp_per_floor":[85,85,85,85,86,86,86,93,93,93,93,93,93,93,93,93,93,93,93,93,93,93,93,93,93,93,93,93,93,93,93],"card_choices":[{"not_picked":["PartyTime","ISayNo"],"picked":"SKIP","floor":1},{"not_picked":["ServeMeal","Honesty"],"picked":"SKIP","floor":1},{"not_picked":["AlloutStrike"],"picked":"AllByMyself","floor":2},{"not_picked":["ThunderCloud"],"picked":"AppleFeast","floor":2},{"not_picked":["Boundary"],"picked":"DynamicVision","floor":3},{"not_picked":["Return_To_Past","Flutterguy"],"picked":"SKIP","floor":3},{"not_picked":["Magic_Beam","Whining"],"picked":"SKIP","floor":4},{"not_picked":["FarmExpert","TasteRainbow"],"picked":"SKIP","floor":4},{"not_picked":["SonicRainbow"],"picked":"FriendshipIsMagic","floor":6},{"not_picked":["BeautySensation","LoveMe"],"picked":"SKIP","floor":6},{"not_picked":["PinkieSense"],"picked":"MessyAndOrderly","floor":8},{"not_picked":["FriendshipIsMagic","Sisterhood"],"picked":"SKIP","floor":8},{"not_picked":["InspirationRecovery","BeautySensation"],"picked":"SKIP","floor":10},{"not_picked":["FriendshipIsMagic","Flutterguy"],"picked":"SKIP","floor":10},{"not_picked":["HideCarefully"],"picked":"Batlization","floor":12},{"not_picked":["Anxiousness"],"picked":"SwiftKick","floor":12},{"not_picked":["LoveMe"],"picked":"LadiesDemeanor","floor":16},{"not_picked":["Yay"],"picked":"Perfectionism","floor":18},{"not_picked":["Boundary+1"],"picked":"SwiftKick","floor":18},{"not_picked":["FarmExpert+1"],"picked":"Tornado","floor":19},{"not_picked":["RashStunts","ThrowingApples"],"picked":"SKIP","floor":19},{"not_picked":["Harmanyblast"],"picked":"TwentyPercentcooler","floor":22},{"not_picked":["TenInstruments"],"picked":"AppleFeast","floor":22},{"not_picked":["Stare"],"picked":"LadiesDemeanor","floor":24},{"not_picked":["Flutterguy"],"picked":"TakeTheLead","floor":24},{"not_picked":["Charge","TwentyPercentcooler"],"picked":"SKIP","floor":27},{"not_picked":["GemstoneDetection","CleanLibrary"],"picked":"SKIP","floor":27},{"not_picked":["InspirationRecovery"],"picked":"Stare","floor":28},{"not_picked":["Sisterhood","Harmanyblast"],"picked":"SKIP","floor":28},{"not_picked":["PartyTime+1"],"picked":"FriendOfNature","floor":29},{"not_picked":["Mischief","ThrowingApples+1"],"picked":"SKIP","floor":29}],"player_experience":394651,"relics_obtained":[{"floor":6,"key":"aspiration:Lifesprig"},{"floor":8,"key":"Strawberry"},{"floor":9,"key":"Art of War"},{"floor":10,"key":"aspiration:StickyExplosives_weak"},{"floor":24,"key":"hubris:TinFlute"},{"floor":26,"key":"hubris:DuctTape"},{"floor":28,"key":"trackpad:PetRock"}],"event_choices":[{"damage_healed":23,"gold_gain":0,"player_choice":"Healed","damage_taken":0,"max_hp_gain":0,"max_hp_loss":0,"event_name":"The Cleric","floor":14,"gold_loss":35},{"damage_healed":0,"gold_gain":0,"player_choice":"Upgraded","damage_taken":0,"max_hp_gain":0,"max_hp_loss":0,"event_name":"Upgrade Shrine","floor":21,"gold_loss":0,"cards_upgraded":["FriendshipIsMagic"]}],"is_beta":false,"boss_relics":[{"not_picked":["Replay:Grab Bag","CCEMRelics:GreenEgg"],"picked":"Painkiller Herb"}],"items_purged_floors":[],"is_endless":false,"potions_floor_spawned":[1,4,6,10,16,19,22,27,29],"killed_by":"Slavers","ascension_level":0}}