{"host":"i2ir6b55gxkcwpt4","time":1610465191,"event":{"mods":["BaseMod","Colored Map","Colored Powertips","KinomotoSakuraMod(ƒæ÷Æ±æ”£)","Lobotomy","Marisa£®ÏF”Í°°ƒß¿Ì…≥£©","Minty Spire (QoL Compilation)","Reimu£®≤©¿ˆ¡È√Œ£©","Remilia£®¿Ÿ√◊¿Ú—«£©"],"gold_per_floor":[360,360,370,387,402,402,21,67,115,171,181,212,276,334,334,430,430,460,499,499,558,558,584,623,648,648,666,678,61,61,61,61,185,185,196,209,209,225,29,60,92,117,117,20,20,20,20,39,39,39],"floor_reached":51,"playtime":5969,"items_purged":["Pain","Wraith"],"score":919,"play_id":"d12dae65-8f09-48f6-833a-506a29d6dffa","local_time":"20210112232631","is_ascension_mode":false,"campfire_choices":[{"data":"KillingBlow","floor":6.0,"key":"SMITH"},{"data":"FitfulNightmare","floor":15.0,"key":"SMITH"},{"data":"RedMoon","floor":30.0,"key":"SMITH"},{"data":"BloodyTrap","floor":32.0,"key":"SMITH"},{"data":"DemonKingCradle","floor":47.0,"key":"SMITH"},{"floor":49.0,"key":"REST"}],"circlet_count":0,"master_deck":["Strike_RM","Strike_RM","Strike_RM","Defend_RM","Defend_RM","Defend_RM","Defend_RM","RedMoon+1","ScarletShoot","FavorOfDestiny","DiffusionOfMisfortune","BloodyTrap+1","KillingBlow+1","VampireClaw","FitfulNightmare+1","DevilSight+1","Ultimatum","EmergencyRegeneration+1","CeilingFear+1","ScarletDevil+1","VampirishNight+1","BombardNight","NightDance+1","BlasphemousPunishment+1","BloodHunter+1","ReincarnationDial+1","EternalNight+1","UnstableMagic+1","DemonKingCradle+1","Stigmanizer+1","RedRainbow+1","ScarletSymphony+1","GlobalNightmare+1","ScarletImprint","EndlessAdversity+1","ForbiddenFruit+1","ScarletDream+1","MastersStateliness","UnderTheZenith+1","Enlightenment+1","EternalNight+1","MillenniumVampire+1","BloodHunter+1"],"relics":["ScarletHat","WarpedTongs","RuthlessExorcism:ReiMu","Toolbox","Toxic Egg 2","Ancient Tea Set","Art of War","Shuriken","SacredBark","Potion Belt","MutagenicStrength","Meat on the Bone","PreservedInsect","Dream Catcher","Gungnir","TypeBBloodRedTea","Black Star","TungstenRod","HornCleat","Boot","CrazyTorch:ReiMu","Bottled Tornado"],"acts_visited":["Exordium","TheCity","TheBeyond"],"potions_floor_usage":[],"damage_taken":[{"damage":1.0,"enemies":"Jaw Worm","floor":1.0,"turns":4.0},{"damage":9.0,"enemies":"Cultist","floor":3.0,"turns":6.0},{"damage":1.0,"enemies":"2 Louse","floor":4.0,"turns":2.0},{"damage":3.0,"enemies":"Exordium Wildlife","floor":5.0,"turns":3.0},{"damage":1.0,"enemies":"3 Sentries","floor":8.0,"turns":7.0},{"damage":0.0,"enemies":"Gremlin Nob","floor":10.0,"turns":4.0},{"damage":0.0,"enemies":"Looter","floor":11.0,"turns":2.0},{"damage":7.0,"enemies":"Lagavulin","floor":12.0,"turns":7.0},{"damage":0.0,"enemies":"Exordium Thugs","floor":14.0,"turns":4.0},{"damage":36.0,"enemies":"Hexaghost","floor":16.0,"turns":6.0},{"damage":7.0,"enemies":"Chosen","floor":18.0,"turns":6.0},{"damage":2.0,"enemies":"2 Thieves","floor":19.0,"turns":3.0},{"damage":14.0,"enemies":"3 Cultists","floor":21.0,"turns":5.0},{"damage":14.0,"enemies":"Book of Stabbing","floor":23.0,"turns":3.0},{"damage":5.0,"enemies":"Chosen and Byrds","floor":24.0,"turns":3.0},{"damage":2.0,"enemies":"Slavers","floor":25.0,"turns":3.0},{"damage":10.0,"enemies":"Snake Plant","floor":27.0,"turns":4.0},{"damage":3.0,"enemies":"Centurion and Healer","floor":28.0,"turns":3.0},{"damage":30.0,"enemies":"Automaton","floor":33.0,"turns":7.0},{"damage":7.0,"enemies":"3 Darklings","floor":35.0,"turns":3.0},{"damage":0.0,"enemies":"Orb Walker","floor":36.0,"turns":1.0},{"damage":28.0,"enemies":"4 Shapes","floor":38.0,"turns":3.0},{"damage":53.0,"enemies":"Nemesis","floor":40.0,"turns":3.0},{"damage":0.0,"enemies":"Spire Growth","floor":41.0,"turns":3.0},{"damage":7.0,"enemies":"Reptomancer","floor":42.0,"turns":4.0},{"damage":0.0,"enemies":"Writhing Mass","floor":48.0,"turns":3.0},{"damage":0.0,"enemies":"Donu and Deca","floor":50.0,"turns":7.0},{"damage":25.0,"enemies":"Malkuth","floor":51.0,"turns":5.0}],"seed_played":"-4461976117330328948","potions_obtained":[{"floor":1.0,"key":"ColorlessPotion"},{"floor":3.0,"key":"Energy Potion"},{"floor":4.0,"key":"Explosive Potion"},{"floor":10.0,"key":"EssenceOfSteel"},{"floor":11.0,"key":"Fruit Juice"},{"floor":12.0,"key":"GrandPatriotsElixir:ReiMu"},{"floor":16.0,"key":"Energy Potion"},{"floor":16.0,"key":"Energy Potion"},{"floor":19.0,"key":"Ancient Potion"},{"floor":23.0,"key":"DestinyDice"},{"floor":25.0,"key":"SmokeBomb"},{"floor":28.0,"key":"EssenceOfSteel"},{"floor":33.0,"key":"Explosive Potion"},{"floor":38.0,"key":"Energy Potion"},{"floor":42.0,"key":"SpeedPotion"},{"floor":48.0,"key":"SteroidPotion"}],"is_trial":false,"path_per_floor":["M","?","M","M","M","R","$","E","T","E","M","E","?","M","R","B",null,"M","M","?","M","?","E","M","E","T","M","M","$","R","?","R","B",null,"M","M","?","M","$","E","M","E","T","$","?","?","R","M","R","B",null,null],"character_chosen":"REMILIA","items_purchased":["RuthlessExorcism:ReiMu","Toolbox","Gungnir","TypeBBloodRedTea","UnstableMagic+1","GlobalNightmare+1","ScarletImprint","MastersStateliness","UnderTheZenith+1"],"campfire_rested":1,"item_purchase_floors":[7,7,29,29,29,39,39,44,44],"current_hp_per_floor":[67,67,59,58,55,55,55,57,57,58,63,64,64,65,65,35,73,67,65,65,58,58,54,59,57,57,55,54,54,54,54,54,57,73,66,73,73,48,48,17,40,48,48,48,48,48,48,53,75,76],"gold":39,"neow_bonus":"TWO_FIFTY_GOLD","is_daily":false,"chose_seed":false,"campfire_upgraded":5,"win_rate":0.0,"timestamp":1610465191,"path_taken":["M","?","?","M","M","R","$","E","T","E","M","E","?","M","R","BOSS","M","M","?","M","?","E","M","E","T","M","M","$","R","?","R","BOSS","M","M","?","M","$","E","M","E","T","?","?","?","R","?","R","BOSS"],"items_purchased_type":["Relic","Relic","Relic","Relic","Card","Card","Card","Card","Card"],"build_version":"2020-12-22","purchased_purges":2,"victory":true,"max_hp_per_floor":[68,68,68,68,68,68,68,68,68,68,73,73,73,73,73,73,73,73,73,73,73,73,73,73,73,73,73,73,73,73,73,73,73,73,73,73,73,73,73,73,76,76,76,76,76,76,76,76,76,76],"card_choices":[{"not_picked":["ScarletGensokyo","VampireFantasy"],"picked":"FavorOfDestiny","floor":1.0},{"not_picked":["RedRainbow","Stigmanizer"],"picked":"DiffusionOfMisfortune","floor":3.0},{"not_picked":["ScarletGensokyo","UnderTheZenith"],"picked":"BloodyTrap","floor":4.0},{"not_picked":["NightDance","UnderTheZenith"],"picked":"KillingBlow","floor":5.0},{"not_picked":["ReincarnationDial+1","FavorOfDestiny+1"],"picked":"VampireClaw","floor":8.0},{"not_picked":["BlasphemousPunishment+1","Stigmanizer"],"picked":"FitfulNightmare","floor":10.0},{"not_picked":["ForbiddenFruit+1","BadLadyScramble+1"],"picked":"DevilSight+1","floor":11.0},{"not_picked":["ScarletDevil","ChainGang"],"picked":"Ultimatum","floor":12.0},{"not_picked":["UnderTheZenith+1","MastersStateliness"],"picked":"EmergencyRegeneration+1","floor":14.0},{"not_picked":["BloodyHallows+1","TricksterDevil"],"picked":"CeilingFear+1","floor":16.0},{"not_picked":["FitfulNightmare","CharismaGuard"],"picked":"ScarletDevil+1","floor":18.0},{"not_picked":["BloodAndWine+1","RedRainbow+1"],"picked":"VampirishNight+1","floor":19.0},{"not_picked":["ScarletDevil","FitfulNightmare"],"picked":"BombardNight","floor":21.0},{"not_picked":["BloodyTrap+1","RedRainbow"],"picked":"NightDance+1","floor":23.0},{"not_picked":["EmergencyRegeneration+1","EndlessAdversity+1"],"picked":"BlasphemousPunishment+1","floor":24.0},{"not_picked":["BlasphemousPunishment+1","BloodyHallows+1"],"picked":"BloodHunter+1","floor":25.0},{"not_picked":["ScarletImprint","NightDance+1"],"picked":"ReincarnationDial+1","floor":27.0},{"not_picked":["MastersStateliness+1","EndlessAdversity"],"picked":"EternalNight+1","floor":28.0},{"not_picked":["ScarletCoffin","BloodyCatastrophe+1"],"picked":"DemonKingCradle","floor":33.0},{"not_picked":["ForbiddenFruit+1","EndlessAdversity+1"],"picked":"Stigmanizer+1","floor":35.0},{"not_picked":["NightDance","BlasphemousPunishment+1"],"picked":"RedRainbow+1","floor":36.0},{"not_picked":["VampireKiss","ScarletDevilSign+1"],"picked":"ScarletSymphony+1","floor":38.0},{"not_picked":["FavorOfDestiny+1","DevilSight+1"],"picked":"EndlessAdversity+1","floor":40.0},{"not_picked":["EndlessAdversity","BombardNight"],"picked":"ForbiddenFruit+1","floor":41.0},{"not_picked":["DemonKingCradle","LeisurelyOfLord"],"picked":"ScarletDream+1","floor":42.0},{"not_picked":["Secret Technique+1","The Bomb+1"],"picked":"Enlightenment+1","floor":45.0},{"not_picked":["NightDance+1","EndlessAdversity"],"picked":"MillenniumVampire+1","floor":48.0},{"not_picked":["EmergencyRegeneration+1","UnstableMagic+1"],"picked":"BloodHunter+1","floor":49.0}],"player_experience":103990,"relics_obtained":[{"floor":8.0,"key":"Toxic Egg 2"},{"floor":9.0,"key":"Ancient Tea Set"},{"floor":10.0,"key":"Art of War"},{"floor":12.0,"key":"Shuriken"},{"floor":23.0,"key":"Meat on the Bone"},{"floor":25.0,"key":"PreservedInsect"},{"floor":26.0,"key":"Dream Catcher"},{"floor":40.0,"key":"TungstenRod"},{"floor":40.0,"key":"HornCleat"},{"floor":42.0,"key":"Boot"},{"floor":42.0,"key":"CrazyTorch:ReiMu"},{"floor":43.0,"key":"Bottled Tornado"}],"event_choices":[{"damage_healed":0.0,"max_hp_gain":0.0,"max_hp_loss":0.0,"gold_gain":0.0,"event_name":"Accursed Blacksmith","player_choice":"Rummage","floor":2.0,"gold_loss":0.0,"damage_taken":0.0,"relics_obtained":["WarpedTongs"],"cards_obtained":["Pain"]},{"damage_healed":0.0,"max_hp_gain":0.0,"max_hp_loss":0.0,"gold_gain":64.0,"event_name":"Golden Wing","player_choice":"Gained Gold","floor":13.0,"gold_loss":0.0,"damage_taken":0.0},{"damage_healed":0.0,"max_hp_gain":0.0,"max_hp_loss":0.0,"gold_gain":0.0,"event_name":"The Mausoleum","player_choice":"Opened","floor":20.0,"gold_loss":0.0,"damage_taken":0.0,"relics_obtained":["Potion Belt"]},{"damage_healed":0.0,"max_hp_gain":0.0,"max_hp_loss":0.0,"gold_gain":0.0,"event_name":"Drug Dealer","player_choice":"Inject Mutagens","floor":22.0,"gold_loss":0.0,"damage_taken":0.0,"relics_obtained":["MutagenicStrength"]},{"cards_removed":["Strike_RM"],"damage_healed":0.0,"max_hp_gain":0.0,"max_hp_loss":0.0,"gold_gain":0.0,"event_name":"Purifier","player_choice":"Purged","floor":31.0,"gold_loss":0.0,"damage_taken":0.0},{"damage_healed":0.0,"max_hp_gain":0.0,"max_hp_loss":0.0,"gold_gain":0.0,"event_name":"OrinTheCat","player_choice":"Ignored","floor":37.0,"gold_loss":0.0,"damage_taken":0.0},{"damage_healed":0.0,"max_hp_gain":0.0,"max_hp_loss":0.0,"gold_gain":0.0,"event_name":"SensoryStone","player_choice":"Memory 1","floor":45.0,"gold_loss":0.0,"damage_taken":0.0},{"damage_healed":0.0,"max_hp_gain":0.0,"max_hp_loss":0.0,"gold_gain":0.0,"event_name":"Duplicator","player_choice":"Copied","floor":46.0,"gold_loss":0.0,"damage_taken":0.0,"cards_obtained":["EternalNight"]}],"is_beta":false,"boss_relics":[{"not_picked":["Busted Crown","Tiny House"],"picked":"SacredBark"},{"not_picked":["RedLine:ReiMu","Runic Dome"],"picked":"Black Star"}],"items_purged_floors":[7,39],"is_endless":false,"potions_floor_spawned":[1,4,11,12,16,19,23,25,33,38,42,48],"ascension_level":0}}