{"host":"9jj9tzo2iym4bpat","time":1610460684,"event":{"mods":["Act Like it!","BaseMod","CapriCore","Gensokyo","Luminous","Marisa????????","Minty Spire (QoL Compilation)","Permanent Neow","StSLib","Td1madao Mod","The Animator","The Immortal","The Marked","The Servant 0.9.4"],"gold_per_floor":[118,118,118,18,18,43,43,60,112,147,22,85,85,104,104,201,201,218,178,193,193,193],"floor_reached":21,"playtime":1473,"items_purged":[],"score":185,"play_id":"91d25551-54a6-4352-a8ee-c00ef675afa0","local_time":"20210112081124","is_ascension_mode":false,"campfire_choices":[{"floor":13,"key":"REST"},{"data":"Collapse","floor":15,"key":"SMITH"}],"circlet_count":0,"master_deck":["Strike_S","Strike_S","Strike_S+1","Strike_S","Defend_S","Defend_S","Defend_S","Defend_S","KidneyShot","Exchange","FanOfKnives+1","Luminosity","Defy","GearUp","RealityMarble","Snipe","Starlight","Contraction","Collapse+1","TheWorld+1","Rewind+1","Barrier"],"relics":["Uniform","Meat on the Bone","Potion Belt","Blood Vial","Bag of Preparation","The Courier","MysterySword"],"acts_visited":["Exordium","Gensokyo:Gensokyoer"],"potions_floor_usage":[16,16,20,20],"damage_taken":[{"damage":3,"enemies":"Jaw Worm","floor":1,"turns":6},{"damage":29,"enemies":"Gremlin Nob","floor":6,"turns":6},{"damage":0,"enemies":"Small Slimes","floor":8,"turns":2},{"damage":11,"enemies":"Lagavulin","floor":10,"turns":8},{"damage":22,"enemies":"Lagavulin Event","floor":12,"turns":6},{"damage":0,"enemies":"2 Louse","floor":14,"turns":1},{"damage":6,"enemies":"Slime Boss","floor":16,"turns":9},{"damage":31,"enemies":"Gensokyo:2_Gloops","floor":18,"turns":6},{"damage":35,"enemies":"Gensokyo:CosmicMonolith","floor":20,"turns":8},{"damage":24,"enemies":"Gensokyo:Chomper_and_Gloop","floor":21,"turns":3}],"seed_played":"-8912042580570340337","potions_obtained":[{"floor":8,"key":"Explosive Potion"},{"floor":10,"key":"Ancient Potion"},{"floor":12,"key":"Weak Potion"},{"floor":14,"key":"LiquidMemories"},{"floor":18,"key":"Explosive Potion"}],"is_trial":false,"path_per_floor":["M","?","?","$","?","E","$","M","T","E","$","?","R","M","R","B",null,"M","?","M","M"],"character_chosen":"THE_SERVANT","items_purchased":["Luminosity","Defy","Starlight","CultistPotion"],"campfire_rested":1,"item_purchase_floors":[4,4,11,11],"current_hp_per_floor":[68,54,36,36,59,42,42,42,42,45,45,37,58,60,60,56,71,40,40,19,0,0],"gold":193,"neow_bonus":"TEN_PERCENT_HP_BONUS","is_daily":false,"chose_seed":false,"campfire_upgraded":1,"win_rate":0.0,"timestamp":1610460684,"path_taken":["M","?","?","$","?","E","$","M","T","E","?","?","R","M","R","BOSS","M","?","M","M"],"items_purchased_type":["Card","Card","Card","Potion"],"build_version":"2020-12-22","purchased_purges":0,"victory":false,"max_hp_per_floor":[71,71,71,71,71,71,71,71,71,71,71,71,71,71,71,71,71,71,71,71,71,71],"card_choices":[{"not_picked":["Defy","SurpressingFire"],"picked":"FanOfKnives","floor":1},{"not_picked":["ShatteredReality","Comet"],"picked":"GearUp","floor":6},{"not_picked":["Defy","Starlight"],"picked":"RealityMarble","floor":8},{"not_picked":["ShatteredReality","Duplication"],"picked":"Snipe","floor":10},{"not_picked":["Rewind","Defy"],"picked":"Contraction","floor":12},{"not_picked":["Shuttle","Alleviate"],"picked":"Collapse","floor":14},{"not_picked":["FlawlessForm","PendulumOfEternity"],"picked":"TheWorld","floor":16},{"not_picked":["Revamp","FastForward"],"picked":"Rewind+1","floor":18},{"not_picked":["SpecialFormula","Read"],"picked":"Barrier","floor":20}],"player_experience":219423,"relics_obtained":[{"floor":6,"key":"Potion Belt"},{"floor":9,"key":"Blood Vial"},{"floor":10,"key":"Bag of Preparation"}],"event_choices":[{"damage_healed":0,"gold_gain":0,"player_choice":"Entered Light","damage_taken":14,"max_hp_gain":0,"max_hp_loss":0,"event_name":"Shining Light","floor":2,"gold_loss":0,"cards_upgraded":["Strike_S","FanOfKnives"]},{"damage_healed":0,"gold_gain":0,"player_choice":"Success","damage_taken":18,"relics_obtained":["Meat on the Bone"],"max_hp_gain":0,"max_hp_loss":0,"event_name":"Scrap Ooze","floor":3,"gold_loss":0},{"damage_healed":23,"gold_gain":0,"player_choice":"Banana","damage_taken":0,"max_hp_gain":0,"max_hp_loss":0,"event_name":"Big Fish","floor":5,"gold_loss":0},{"damage_healed":0,"gold_gain":30,"player_choice":"Searched \u00273\u0027 times","damage_taken":0,"relics_obtained":["The Courier"],"max_hp_gain":0,"max_hp_loss":0,"event_name":"Dead Adventurer","floor":12,"gold_loss":0}],"is_beta":false,"boss_relics":[{"not_picked":["Snecko Eye","Calling Bell"],"picked":"MysterySword"}],"items_purged_floors":[],"is_endless":false,"potions_floor_spawned":[8,10,12,14,18],"killed_by":"Gensokyo:Chomper_and_Gloop","ascension_level":0}}