{"host":"gndxudri6ebovps6","time":1610483738,"event":{"mods":["AchievementEnabler","Act Like it!","Aspiration","BaseMod","Better Altar","Better Match","Better Note","Better Sensory Stone","Better Skull","Better Vampires","BetterRewards","Block Reminder","Conspire","GifTheSpireLib","Hubris","Infinite Spire","Marked Mod","Minty Spire (QoL Compilation)","Pale of the Ancients","Quick Restart","Replay The Spire","Shop Mod","Spicy Shops","Spikes Relics","StSLib","Stuff the Spire","The Cursed","The Disciple","The Judge","The Necromancer","everything is the same but u backflip on backflip","vexMod"],"gold_per_floor":[113,130,130,130,55,55,88,88,88,88,88,104,122,122,122,219,219,233,246,27,27,37,37,37,57,57,72,97,115,214,214,214,332,332,364,364,364,401,438,493,539,539,564,641,700,756,366,629,629,629,680,739,739,429,429,469,469,38,38,38],"floor_reached":61,"language":"ENG","playtime":3391,"items_purged":["StuffTheSpire:CuriosityCurse"],"score":1550,"play_id":"42c3c6a1-4d97-48f7-8199-1f9705ec9e7d","local_time":"20210112183538","is_ascension_mode":true,"campfire_choices":[{"data":"Siphon_Strength","floor":6,"key":"SMITH"},{"data":"Cloudkill","floor":8,"key":"SMITH"},{"data":"Toxic_Smoke_Screen","floor":10,"key":"SMITH"},{"data":"Life_Drain","floor":15,"key":"SMITH"},{"floor":23,"key":"REST"},{"floor":32,"key":"REST"},{"data":"infinitespire:Fortify","floor":49,"key":"SMITH"},{"data":"Siphon_Strength","floor":55,"key":"SMITH"},{"data":"Uncharnel","floor":57,"key":"SMITH"}],"circlet_count":0,"master_deck":["Strike_W+1","Strike_W","Strike_W","Strike_W+1","Defend_W+1","Defend_W","Defend_W+1","Defend_W","Negative_Energy_Arrows+1","Bone_Wall+1","Siphon_Strength+1","Toxic_Smoke_Screen+1","Cloudkill+1","Life_Drain+1","Vampiric_Strike+1","Reap_The_Weak+1","Deaths_Shadow+1","Bone_Prison","StuffTheSpire:Perfection","Toxic_Smoke_Screen","Bone_Armor","Siphon_Strength+1","Uncharnel+1","Spectral_Walk+1","Cloudkill+1","Bone_Bullets","infinitespire:Fortify+1","Bone_Spikes+1","Negative_Energy_Sphere","Thousand_Bone_Knives+1","Summon_Lich","infinitespire:Execution","Summon_Lich+1","Scare+1","Flash of Steel","Finesse","Shade_Step+1","Consume_Illness+1","Summon_Undead_Army+1","Bone_Shift+1","Secret Technique","Sharp Hide","ReplayUltimateDefense"],"relics":["Vampire_Amulet","StuffTheSpire:HistoryBook","Akabeko","StoneCalendar","conspire:RoyalGoblet","aspiration:Lifesprig","Pondfish Scales","Pocketwatch","Replay:Bottled Flurry","Happy Flower","infinitespire:EvilPickle","Sozu","hubris:FruitBowl","hubris:KleinBottle","Guide Book","Omamori","Black Star","aspiration:FaultyCoupler","Replay:Wax Seal","Shuriken","vexMod:RedPlottingStone","conspire:BottledYoYo","StuffTheSpire:OldFever","Incense Burner","StuffTheSpire:Gunfinga","paleoftheancients:Timepiece","paleoftheancients:KeyRelic","Spirit Poop","paleoftheancients:SoulOfTheShowman","hubris:Icosahedron","Nunchaku","Toolbox","ReplayTheSpireMod:ShopPack","infinitespire:Lucky Rock","StuffTheSpire:HeavyRock"],"acts_visited":["Exordium","TheCity","TheBeyond","paleoftheancients:PaleOfTheAncients"],"potions_floor_usage":[7,7,7,16,25,28],"damage_taken":[{"damage":7,"enemies":"2 Louse","floor":1,"turns":3},{"damage":0,"enemies":"Small Slimes","floor":2,"turns":3},{"damage":29,"enemies":"Gremlin Nob","floor":7,"turns":5},{"damage":0,"enemies":"Cultist","floor":12,"turns":2},{"damage":0,"enemies":"3 Louse","floor":13,"turns":2},{"damage":8,"enemies":"Slime Boss","floor":16,"turns":7},{"damage":43,"enemies":"Spheric Guardian","floor":18,"turns":6},{"damage":34,"enemies":"Chosen","floor":19,"turns":6},{"damage":18,"enemies":"3 Cultists","floor":22,"turns":5},{"damage":42,"enemies":"Snecko","floor":25,"turns":7},{"damage":8,"enemies":"Shelled Parasite and Fungi","floor":27,"turns":6},{"damage":14,"enemies":"conspire:Head Lice","floor":28,"turns":6},{"damage":2,"enemies":"Snake Plant","floor":29,"turns":3},{"damage":15,"enemies":"Pondfish","floor":33,"turns":10},{"damage":0,"enemies":"Orb Walker","floor":35,"turns":3},{"damage":0,"enemies":"3 Shapes","floor":38,"turns":3},{"damage":0,"enemies":"Maw","floor":39,"turns":7},{"damage":43,"enemies":"Reptomancer","floor":40,"turns":5},{"damage":11,"enemies":"Transient","floor":41,"turns":5},{"damage":10,"enemies":"3 Darklings","floor":45,"turns":4},{"damage":0,"enemies":"Maw","floor":46,"turns":5},{"damage":0,"enemies":"R_Hoarder","floor":48,"turns":4},{"damage":18,"enemies":"Replay:Hell Engine","floor":50,"turns":7},{"damage":56,"enemies":"Replay:Hell Engine","floor":51,"turns":7},{"damage":3,"enemies":"Replay:Hell Engine","floor":52,"turns":7},{"damage":8,"enemies":"Replay:Hell Engine","floor":56,"turns":9},{"damage":108,"enemies":"paleoftheancients:N","floor":60,"turns":11}],"seed_played":"-2494546825945139318","potions_obtained":[{"floor":1,"key":"SteroidPotion"},{"floor":4,"key":"DistilledChaos"},{"floor":4,"key":"Reflective Coating"},{"floor":7,"key":"FearPotion"},{"floor":19,"key":"Energy Potion"},{"floor":25,"key":"Elixir"},{"floor":33,"key":"FairyPotion"}],"is_trial":false,"path_per_floor":["M","M","?","?","$","R","E","R","T","R","$","M","M","?","R","B",null,"M","M","$","?","M","R","?","M","T","M","E","M","?","?","R","B",null,"M","?","$","M","M","E","M","AVR","T","T","M","M","$","E","R","B","M","M","?","$","R","M","R","$","?","B",null],"character_chosen":"NECROMANCER","items_purchased":["StuffTheSpire:HistoryBook","aspiration:Lifesprig","Pondfish Scales","hubris:FruitBowl","hubris:KleinBottle","Guide Book","vexMod:RedPlottingStone","conspire:BottledYoYo","Nunchaku","Toolbox","ReplayTheSpireMod:ShopPack","infinitespire:Lucky Rock","StuffTheSpire:HeavyRock"],"campfire_rested":2,"item_purchase_floors":[5,20,20,37,37,37,47,47,54,54,58,58,58],"current_hp_per_floor":[70,74,74,74,74,74,47,47,47,47,47,49,55,55,55,75,75,38,21,21,21,15,37,37,10,10,14,26,32,32,32,54,57,75,75,68,20,35,40,13,13,13,13,13,11,26,26,53,53,90,64,87,87,87,87,87,87,87,87,69],"gold":38,"neow_bonus":"RANDOM_EVENT","is_daily":false,"chose_seed":false,"campfire_upgraded":7,"win_rate":0.0,"timestamp":1610483738,"path_taken":["M","M","?","?","$","R","E","R","T","R","$","M","?","?","R","BOSS","M","M","$","?","M","R","?","M","T","M","E","?","?","?","R","BOSS","M","?","?","?","M","E","M","AVR","T","?","M","M","$","E","R","BOSS","M","M","?","$","R","M","R","$","?","BOSS"],"items_purchased_type":["Relic","Relic","Relic","Relic","Relic","Relic","Relic","Relic","Relic","Relic","Relic","Relic","Relic"],"build_version":"2020-12-22","purchased_purges":1,"victory":true,"max_hp_per_floor":[75,75,75,75,75,75,75,75,75,75,75,75,75,75,75,75,75,75,75,75,75,75,75,75,75,75,75,75,75,75,75,75,75,75,75,75,75,75,75,75,75,75,75,75,75,75,75,90,90,90,90,90,90,90,90,90,90,90,90,90],"card_choices":[{"not_picked":["Acid_Javelin","Negative_Energy_Sphere"],"picked":"Siphon_Strength","floor":1},{"not_picked":["Shackles_Of_Pain","Chill_Blood"],"picked":"Toxic_Smoke_Screen","floor":2},{"not_picked":["Toxic_Smoke_Screen","Plague_Bolt"],"picked":"Cloudkill","floor":7},{"not_picked":["Death_March_Dance","Blood_for_Blood"],"picked":"Life_Drain","floor":12},{"not_picked":["Death_Coil","Negative_Energy_Mist"],"picked":"Vampiric_Strike","floor":13},{"not_picked":["Detonate_Bones","Negative_Energy_Bomb"],"picked":"Reap_The_Weak","floor":16},{"not_picked":["Scare","Bone_Armor"],"picked":"Deaths_Shadow","floor":18},{"not_picked":["Negative_Energy_Shield","Slay_Living"],"picked":"Bone_Prison","floor":19},{"not_picked":["Negative_Energy_Sphere+1","Blood_Whip+1"],"picked":"Toxic_Smoke_Screen","floor":22},{"not_picked":["Chill_Blood","Bone_Bullets"],"picked":"Bone_Armor","floor":25},{"not_picked":["Scare","Spectral_Walk"],"picked":"Siphon_Strength","floor":27},{"not_picked":["Deaths_Shadow","Finger_Of_Death"],"picked":"Uncharnel","floor":28},{"not_picked":["Siphon_Strength","Bone_Bullets"],"picked":"Spectral_Walk+1","floor":29},{"not_picked":["Grasp_Heart","Summon_Vampire_Lady"],"picked":"Cloudkill","floor":33},{"not_picked":["Death_Coil","Shackles_Of_Pain+1"],"picked":"Bone_Bullets","floor":35},{"not_picked":["infinitespire:SealOfDarkness+","infinitespire:Execution"],"picked":"infinitespire:Fortify","floor":37},{"not_picked":["Flesh_Made_Foul+1","Death_March_Dance+1"],"picked":"Bone_Spikes+1","floor":38},{"not_picked":["Bone_Bullets","Blood_for_Blood+1"],"picked":"Negative_Energy_Sphere","floor":39},{"not_picked":["Death_March_Dance","Death_Coil+1"],"picked":"Thousand_Bone_Knives+1","floor":40},{"not_picked":["Whirlwind_of_Bones","Bone_Spikes"],"picked":"Summon_Lich","floor":41},{"not_picked":["Pandemic","Life_Tap+1"],"picked":"Summon_Lich+1","floor":45},{"not_picked":["Death_Coil","Death_Knell"],"picked":"Scare+1","floor":46},{"not_picked":["Shackles_Of_Pain","Bones_to_Steel+1"],"picked":"Shade_Step+1","floor":48},{"not_picked":["Bone_Bullets","Shackles_Of_Pain+1"],"picked":"Consume_Illness+1","floor":51},{"not_picked":["Negative_Energy_Mist","Stop_Heart"],"picked":"Summon_Undead_Army+1","floor":52},{"not_picked":["Shackles_Of_Pain","Bone_Armory"],"picked":"Bone_Shift+1","floor":56},{"not_picked":["Magnetism","ReplayTheSpireMod:Necrogeddon"],"picked":"Secret Technique","floor":58},{"not_picked":["StuffTheSpire:Recharge","hubris:Ssssneak"],"picked":"Sharp Hide","floor":58},{"not_picked":["Replay:Sssssssssshield","Jack Of All Trades"],"picked":"ReplayUltimateDefense","floor":58}],"player_experience":495526,"relics_obtained":[{"floor":7,"key":"Akabeko"},{"floor":9,"key":"StoneCalendar"},{"floor":26,"key":"Pocketwatch"},{"floor":28,"key":"Replay:Bottled Flurry"},{"floor":40,"key":"Omamori"},{"floor":43,"key":"Replay:Wax Seal"},{"floor":44,"key":"Shuriken"},{"floor":48,"key":"Incense Burner"},{"floor":48,"key":"StuffTheSpire:Gunfinga"},{"floor":51,"key":"paleoftheancients:SoulOfTheShowman"},{"floor":52,"key":"paleoftheancients:SoulOfTheGuardian"},{"floor":56,"key":"paleoftheancients:SoulOfTheHexaghost"}],"event_choices":[{"damage_healed":0,"gold_gain":0,"player_choice":"Grow","damage_taken":0,"max_hp_gain":0,"max_hp_loss":0,"event_name":"Living Wall","floor":0,"gold_loss":0,"cards_upgraded":["Negative_Energy_Arrows"]},{"damage_healed":0,"gold_gain":0,"player_choice":"Ignored","damage_taken":0,"max_hp_gain":0,"max_hp_loss":0,"event_name":"Golden Wing","floor":3,"gold_loss":0},{"damage_healed":0,"gold_gain":0,"player_choice":"Got Potions","damage_taken":0,"max_hp_gain":0,"max_hp_loss":0,"event_name":"Lab","floor":4,"gold_loss":0},{"cards_removed":["Pain"],"damage_healed":0,"gold_gain":0,"player_choice":"Purged","damage_taken":0,"max_hp_gain":0,"max_hp_loss":0,"event_name":"Purifier","floor":24,"gold_loss":0},{"damage_healed":0,"gold_gain":99,"player_choice":"Stole From Cult","damage_taken":0,"max_hp_gain":0,"max_hp_loss":0,"event_name":"Nest","floor":30,"gold_loss":0},{"damage_healed":0,"gold_gain":0,"player_choice":"Damaged","damage_taken":7,"max_hp_gain":0,"max_hp_loss":0,"event_name":"Wheel of Change","floor":36,"gold_loss":0}],"is_beta":false,"boss_relics":[{"not_picked":["Abe\u0027s Treasure","StuffTheSpire:ModemDavis"],"picked":"conspire:RoyalGoblet"},{"not_picked":["Ring of Chaos","CosmicIsotope"],"picked":"Sozu"}],"items_purged_floors":[47],"is_endless":false,"potions_floor_spawned":[1,7,19,25,33,39,41,45,46],"ascension_level":2}}