{"host":"e8rlfedn69rz2s07","time":1610463934,"event":{"mods":["AchievementEnabler","BaseMod","Minty Spire (QoL Compilation)","Permanent Neow","Relic Stats"],"gold_per_floor":[99,99,99,99,99,99,99,99,99,12,0,0,0,0,0,0,0,0,0,0,0],"floor_reached":20,"playtime":1035,"items_purged":[],"score":456,"play_id":"1c72c210-eb71-4120-8f3c-50cba2e1ec3a","local_time":"20210112170534","is_ascension_mode":true,"campfire_choices":[{"floor":8.0,"key":"REST"},{"data":"Catalyst","floor":12.0,"key":"SMITH"},{"data":"Neutralize","floor":15,"key":"SMITH"}],"circlet_count":0,"master_deck":["AscendersBane","Strike_G","Strike_G","Strike_G","Strike_G","Strike_G","Defend_G","Defend_G","Defend_G","Defend_G","Defend_G","Survivor","Neutralize+1","Noxious Fumes+1","Backflip","Quick Slash","Backstab","Venomology","Footwork","Catalyst+1","Poisoned Stab","Die Die Die","Corpse Explosion","Dagger Spray+1","Backflip"],"relics":["Ectoplasm","Question Card","Darkstone Periapt","Unceasing Top","Runic Pyramid"],"acts_visited":["Exordium","TheCity"],"potions_floor_usage":[16,16,19,20],"damage_taken":[{"damage":0.0,"enemies":"2 Louse","floor":1.0,"turns":3.0},{"damage":2.0,"enemies":"Jaw Worm","floor":2.0,"turns":5.0},{"damage":1.0,"enemies":"Small Slimes","floor":3.0,"turns":4.0},{"damage":15.0,"enemies":"3 Louse","floor":4.0,"turns":5.0},{"damage":32.0,"enemies":"Gremlin Nob","floor":6.0,"turns":4.0},{"damage":0.0,"enemies":"Looter","floor":11.0,"turns":4.0},{"damage":0.0,"enemies":"2 Fungi Beasts","floor":13.0,"turns":4.0},{"damage":18,"enemies":"Lots of Slimes","floor":14,"turns":15},{"damage":0,"enemies":"Hexaghost","floor":16,"turns":8},{"damage":40,"enemies":"3 Byrds","floor":18,"turns":4},{"damage":9,"enemies":"2 Thieves","floor":19,"turns":3},{"damage":3,"enemies":"Centurion and Healer","floor":20,"turns":4}],"seed_played":"1092319624905442159","potions_obtained":[{"floor":1.0,"key":"DuplicationPotion"},{"floor":4.0,"key":"ColorlessPotion"},{"floor":11.0,"key":"GamblersBrew"}],"is_trial":false,"path_per_floor":["M","M","M","M","?","E","T","R","T","$","M","R","M","M","R","B",null,"M","M","M"],"character_chosen":"THE_SILENT","items_purchased":["Footwork"],"campfire_rested":1,"item_purchase_floors":[10],"current_hp_per_floor":[59,57,56,41,41,9,9,28,28,28,28,28,28,10,10,10,52,12,3,0,0],"gold":0,"neow_bonus":"BOSS_RELIC","is_daily":false,"chose_seed":false,"campfire_upgraded":2,"win_rate":0.0,"timestamp":1610463934,"path_taken":["M","M","M","M","?","E","?","R","T","?","M","R","M","M","R","BOSS","M","M","M"],"items_purchased_type":["Card"],"build_version":"2020-12-22","purchased_purges":0,"victory":false,"max_hp_per_floor":[66,66,66,66,66,66,66,66,66,66,66,66,66,66,66,66,66,66,66,66,66],"relic_stats":{"Darkstone Periapt":0,"counters":[12,63],"Ectoplasm":272,"Question Card":7,"obtain_stats":[{"Darkstone Periapt":7,"Ectoplasm":0,"Question Card":6,"Unceasing Top":9,"Ring of the Snake":0,"Runic Pyramid":17},{"Darkstone Periapt":5,"Ectoplasm":0,"Question Card":5,"Unceasing Top":5,"Ring of the Snake":0,"Runic Pyramid":9},{"Darkstone Periapt":21,"Ectoplasm":0,"Question Card":21,"Unceasing Top":21,"Ring of the Snake":0,"Runic Pyramid":52}],"Unceasing Top":[3]},"card_choices":[{"not_picked":["Flechettes","Blur"],"picked":"Noxious Fumes","floor":1.0},{"not_picked":["Slice","Dodge and Roll"],"picked":"Backflip","floor":2.0},{"not_picked":["Outmaneuver","Acrobatics"],"picked":"Quick Slash","floor":3.0},{"not_picked":["Blur","Tactician"],"picked":"Backstab","floor":4.0},{"not_picked":["PiercingWail","Flechettes"],"picked":"Venomology","floor":6.0},{"not_picked":["Prepared","Well Laid Plans","Flying Knee"],"picked":"Catalyst","floor":11.0},{"not_picked":["Dagger Throw","Sucker Punch","Blur"],"picked":"Poisoned Stab","floor":13},{"not_picked":["Dagger Spray","Slice","Accuracy"],"picked":"Die Die Die","floor":14},{"not_picked":["Venomology","Unload","Die Die Die"],"picked":"Corpse Explosion","floor":16},{"not_picked":["Slice","Tactician","Sucker Punch"],"picked":"Dagger Spray+1","floor":18},{"not_picked":["Deflect","Riddle With Holes","Dagger Spray"],"picked":"Backflip","floor":19}],"player_experience":958948,"relics_obtained":[{"floor":6.0,"key":"Question Card"},{"floor":7.0,"key":"Darkstone Periapt"},{"floor":9.0,"key":"Unceasing Top"}],"event_choices":[{"damage_healed":0.0,"max_hp_gain":0.0,"max_hp_loss":0.0,"gold_gain":0.0,"event_name":"Living Wall","player_choice":"Grow","floor":5.0,"gold_loss":0.0,"damage_taken":0.0,"cards_upgraded":["Noxious Fumes"]}],"is_beta":false,"boss_relics":[{"not_picked":["Runic Dome","SacredBark"],"picked":"Runic Pyramid"}],"items_purged_floors":[],"is_endless":false,"potions_floor_spawned":[1,4,11,14],"killed_by":"Centurion and Healer","ascension_level":20}}