{"host":"1a3cjta80tad0aqj","time":1610470477,"event":{"mods":["2.2 Compatiblity","AchievementEnabler","BaseMod","Colored Map","DeckTracker","KOR Keyword Fix","Keyboard Shortcuts","Minty Spire (QoL Compilation)","Permanent Neow","Quick Restart","Random Character Button","StSLib","SuperFastMode","everything is the same but u backflip on backflip"],"gold_per_floor":[117,130,205,205,14,14,48,48,48,48,62,82,103,126,126,250,250,266,152,170,29,45,45,79,79,79,114,29,73,91,91,91],"floor_reached":31,"playtime":1668,"items_purged":["Defend_B","Strike_B"],"score":320,"play_id":"a848b37d-f711-4183-9a44-fb659928f171","local_time":"20210113015437","is_ascension_mode":false,"campfire_choices":[{"floor":6.0,"key":"REST"},{"floor":8.0,"key":"REST"},{"data":"Dualcast","floor":10.0,"key":"SMITH"},{"data":"Sunder","floor":15.0,"key":"SMITH"},{"floor":23.0,"key":"RECALL"}],"circlet_count":0,"master_deck":["Strike_B","Strike_B","Strike_B","Defend_B","Defend_B","Defend_B","Zap","Dualcast+1","Sunder+1","Stack","Lockon","Melter","Beam Cell","Barrage","Barrage","Steam","Echo Form","Chill+1","Master of Strategy","Turbo","Sunder+1","Hologram","Sunder","Meteor Strike","Defragment+1"],"relics":["Cracked Core","FossilizedHelix","Golden Idol","Membership Card","Lantern","CaptainsWheel","Fusion Hammer","Bag of Marbles","Gambling Chip","Orichalcum","Mango","Pen Nib","Eternal Feather"],"acts_visited":["Exordium","TheCity"],"potions_floor_usage":[30,30],"damage_taken":[{"damage":0.0,"enemies":"Jaw Worm","floor":1.0,"turns":3.0},{"damage":0.0,"enemies":"Small Slimes","floor":2.0,"turns":2.0},{"damage":9.0,"enemies":"3 Sentries","floor":7.0,"turns":6.0},{"damage":0.0,"enemies":"2 Louse","floor":11.0,"turns":1.0},{"damage":0.0,"enemies":"2 Fungi Beasts","floor":12.0,"turns":2.0},{"damage":0.0,"enemies":"Blue Slaver","floor":13.0,"turns":2.0},{"damage":0.0,"enemies":"Large Slime","floor":14.0,"turns":4.0},{"damage":52.0,"enemies":"The Guardian","floor":16.0,"turns":11.0},{"damage":5.0,"enemies":"2 Thieves","floor":18.0,"turns":3.0},{"damage":0.0,"enemies":"3 Byrds","floor":20.0,"turns":4.0},{"damage":0.0,"enemies":"3 Cultists","floor":22.0,"turns":4.0},{"damage":9.0,"enemies":"Slavers","floor":24.0,"turns":4.0},{"damage":36.0,"enemies":"Gremlin Leader","floor":27.0,"turns":7.0},{"damage":0.0,"enemies":"Slavers","floor":29.0,"turns":3.0},{"damage":16,"enemies":"Shelled Parasite and Fungi","floor":30,"turns":15},{"damage":0,"enemies":"Snake Plant","floor":31,"turns":1}],"seed_played":"8010900525862990249","potions_obtained":[{"floor":1.0,"key":"SkillPotion"},{"floor":7.0,"key":"DistilledChaos"},{"floor":13.0,"key":"Fire Potion"},{"floor":27.0,"key":"LiquidMemories"}],"is_trial":false,"path_per_floor":["M","M","?","?","$","R","E","R","T","R","M","M","M","M","R","B",null,"M","$","M","$","M","R","E","?","T","E","?","E","M","M"],"character_chosen":"DEFECT","items_purchased":["Membership Card","Lockon","Bag of Marbles","Master of Strategy"],"campfire_rested":2,"item_purchase_floors":[5,5,19,21],"current_hp_per_floor":[68,68,57,40,40,60,51,68,68,68,68,68,68,68,68,16,68,63,63,63,63,63,63,54,54,54,32,32,32,16,16,16],"gold":91,"neow_bonus":"ONE_RARE_RELIC","is_daily":false,"chose_seed":true,"campfire_upgraded":2,"win_rate":0.0,"timestamp":1610470477,"path_taken":["M","M","?","?","$","R","E","R","T","R","M","M","M","M","R","BOSS","M","$","M","$","M","R","E","?","T","E","?","E","M","M"],"items_purchased_type":["Relic","Card","Relic","Card"],"build_version":"2020-12-22","purchased_purges":2,"victory":false,"max_hp_per_floor":[68,68,68,68,68,68,68,68,68,68,68,68,68,68,68,68,68,68,68,68,68,68,68,68,68,68,82,82,82,82,82,82],"card_choices":[{"not_picked":["Steam Power","Go for the Eyes"],"picked":"Sunder","floor":1.0},{"not_picked":["Ball Lightning","Compile Driver"],"picked":"Stack","floor":2.0},{"not_picked":["Compile Driver","Hello World"],"picked":"Melter","floor":7.0},{"not_picked":["Stack","Gash"],"picked":"Beam Cell","floor":11.0},{"not_picked":["Undo","Beam Cell"],"picked":"Barrage","floor":12.0},{"not_picked":["Hello World","Darkness"],"picked":"Barrage","floor":13.0},{"not_picked":["Defragment","Scrape"],"picked":"Steam","floor":14.0},{"not_picked":["Hyperbeam","Buffer"],"picked":"Echo Form","floor":16.0},{"not_picked":["Compile Driver","Hello World"],"picked":"Chill+1","floor":18.0},{"not_picked":["Ball Lightning","Chaos","Recycle"],"picked":"SKIP","floor":20.0},{"not_picked":["Compile Driver","Conserve Battery"],"picked":"Turbo","floor":22.0},{"not_picked":["Coolheaded","Beam Cell+1"],"picked":"Sunder+1","floor":24.0},{"not_picked":["Tempest","Redo+1"],"picked":"Sunder","floor":27.0},{"not_picked":["Streamline","Buffer"],"picked":"Meteor Strike","floor":29.0},{"not_picked":["Reinforced Body","Blizzard"],"picked":"Defragment+1","floor":30}],"player_experience":332954,"relics_obtained":[{"floor":7.0,"key":"Lantern"},{"floor":9.0,"key":"CaptainsWheel"},{"floor":24.0,"key":"Gambling Chip"},{"floor":26.0,"key":"Orichalcum"},{"floor":27.0,"key":"Mango"},{"floor":29.0,"key":"Eternal Feather"}],"event_choices":[{"damage_healed":0.0,"max_hp_gain":0.0,"max_hp_loss":0.0,"gold_gain":75.0,"event_name":"World of Goop","player_choice":"Gather Gold","floor":3.0,"gold_loss":0.0,"damage_taken":11.0},{"damage_healed":0.0,"max_hp_gain":0.0,"max_hp_loss":0.0,"gold_gain":0.0,"event_name":"Golden Idol","player_choice":"Take Damage","floor":4.0,"gold_loss":0.0,"damage_taken":17.0,"relics_obtained":["Golden Idol"]},{"damage_healed":0.0,"max_hp_gain":0.0,"max_hp_loss":0.0,"gold_gain":0.0,"event_name":"The Library","player_choice":"Read","floor":25.0,"gold_loss":0.0,"damage_taken":0.0,"cards_obtained":["Hologram"]},{"damage_healed":0.0,"max_hp_gain":0.0,"max_hp_loss":0.0,"gold_gain":0.0,"event_name":"Addict","player_choice":"Obtained Relic","floor":28.0,"gold_loss":85.0,"damage_taken":0.0,"relics_obtained":["Pen Nib"]}],"is_beta":false,"boss_relics":[{"not_picked":["Black Star","Philosopher\u0027s Stone"],"picked":"Fusion Hammer"}],"items_purged_floors":[19,21],"is_endless":false,"potions_floor_spawned":[1,7,13,18,20,27],"killed_by":"Snake Plant","ascension_level":0}}