{"host":"4xbawe663uhw4m9s","time":1610479224,"event":{"mods":["Act Like it!","Bard","BaseMod","Beaked The Cultist","Better Third Choice","BetterRewards","CCEM","Conspire","Downfall","GifTheSpireLib","Halation","Hallownest","Hermit","Hubris","Hunter ??","Infinite Spire","Jedi Mod","Jorbs\u0027s Wanderer Trilogy","Mad Scientist","Marisa????????","Mimic Mod","Minty Spire (QoL Compilation)","Permanent Neow","Replay The Spire","Shade Mod","Shop Mod","Spicy Shops","StSLib","Stuff the Spire","The Administrix","The Animator","The Bug Knight","The Construct","The Cursed","The Disciple","The Gatherer","The Hierophant","The Jungle","The Mystic","The Problem Sleuth","The Runesmith","The Servant 0.9.4","The Spell Scribe","The Witch"],"gold_per_floor":[116,126,139,65,79,79,79],"floor_reached":6,"playtime":416,"items_purged":[],"score":38,"play_id":"7b3207ed-8720-4ab9-8007-cf1fb791282e","local_time":"20210112202024","is_ascension_mode":false,"campfire_choices":[],"circlet_count":0,"master_deck":["Runesmith:Strike_RS","Runesmith:Strike_RS","Runesmith:Strike_RS","Runesmith:Strike_RS","Runesmith:Defend_RS","Runesmith:Defend_RS","Runesmith:Defend_RS","Runesmith:Defend_RS","Runesmith:CraftFirestone","Runesmith:Fortify","Runesmith:MetallurgicalResearch","Runesmith:Repurpose","Runesmith:CraftProtectio","Runesmith:RunicBlueprint","Runesmith:LithiumIon","Runesmith:CraftIncendium"],"relics":["Runesmith:BrokenRuby"],"acts_visited":["Exordium"],"potions_floor_usage":[],"damage_taken":[{"damage":0,"enemies":"conspire:RoseBush","floor":1,"turns":5},{"damage":4,"enemies":"Jaw Worm","floor":2,"turns":4},{"damage":13,"enemies":"Cultist","floor":3,"turns":5},{"damage":5,"enemies":"3 Louse","floor":5,"turns":3},{"damage":89,"enemies":"Gremlin Nob","floor":6,"turns":5}],"seed_played":"-1445757520280558458","potions_obtained":[{"floor":5,"key":"champ:CounterPotion"}],"is_trial":false,"path_per_floor":["M","M","M","$","M","E"],"character_chosen":"RUNESMITH_CLASS","items_purchased":["Runesmith:LithiumIon"],"campfire_rested":0,"item_purchase_floors":[4],"current_hp_per_floor":[70,66,53,53,48,0,0],"gold":79,"neow_bonus":"ONE_RANDOM_RARE_CARD","is_daily":false,"chose_seed":false,"campfire_upgraded":0,"win_rate":0.0,"timestamp":1610479224,"path_taken":["M","M","M","$","M","E"],"items_purchased_type":["Card"],"build_version":"2020-12-22","purchased_purges":0,"victory":false,"max_hp_per_floor":[70,70,70,70,70,70,70],"card_choices":[{"not_picked":["Runesmith:CraftObretio","Runesmith:Overpower"],"picked":"Runesmith:Repurpose","floor":1},{"not_picked":["Runesmith:DoubleUp","Runesmith:Terraform"],"picked":"Runesmith:CraftProtectio","floor":2},{"not_picked":["Runesmith:StaticCage","Runesmith:GoWithTheFlow"],"picked":"Runesmith:RunicBlueprint","floor":3},{"not_picked":["Runesmith:OneForEveryone","Runesmith:FrozenChisel"],"picked":"Runesmith:CraftIncendium","floor":5}],"player_experience":4133,"relics_obtained":[],"event_choices":[],"is_beta":false,"boss_relics":[],"items_purged_floors":[],"is_endless":false,"potions_floor_spawned":[5],"killed_by":"Gremlin Nob","ascension_level":0}}