{"host":"jpcy2bclvs7juczu","time":1610450830,"event":{"mods":["AchievementEnabler","BaseMod","Block Reminder","Colored Map","Colored Powertips","Curses Come First","Dark Map","Minty Spire (QoL Compilation)","Quick Restart","Relic Stats","StSLib","ojb\u0027s Better Paths Mod","ojb\u0027s Info Mod","slay the spire mod where everything is the same but ironclad has a cowboy hat"],"gold_per_floor":[117,117,117,192,20,51,65,65,65,104,104,137,153,166,166,265,265,265,265],"floor_reached":18,"playtime":1139,"items_purged":[],"score":556,"play_id":"2614626a-29dc-42aa-86dc-e6319c63a4dd","local_time":"20210112112710","is_ascension_mode":true,"campfire_choices":[{"floor":8.0,"key":"REST"},{"data":"CrushJoints","floor":11.0,"key":"SMITH"},{"data":"Meditate","floor":15,"key":"SMITH"}],"circlet_count":0,"master_deck":["AscendersBane","Strike_P","Strike_P","Strike_P","Strike_P","Defend_P+1","Defend_P","Defend_P","Defend_P","Eruption","Vigilance+1","Blasphemy","FlurryOfBlows","BowlingBash","CrushJoints+1","EmptyBody","EmptyFist","Meditate+1","Vault"],"relics":["Runic Pyramid","Golden Idol","Incense Burner","White Beast Statue","Toy Ornithopter","Yang","VioletLotus"],"acts_visited":["Exordium","TheCity"],"potions_floor_usage":[],"damage_taken":[{"damage":0.0,"enemies":"2 Louse","floor":1.0,"turns":3.0},{"damage":22.0,"enemies":"Lagavulin","floor":6.0,"turns":8.0},{"damage":4.0,"enemies":"Jaw Worm","floor":7.0,"turns":2.0},{"damage":0.0,"enemies":"Gremlin Nob","floor":10.0,"turns":2.0},{"damage":0.0,"enemies":"Lagavulin","floor":12.0,"turns":3.0},{"damage":0.0,"enemies":"Cultist","floor":13.0,"turns":2.0},{"damage":9,"enemies":"3 Louse","floor":14,"turns":3},{"damage":0,"enemies":"The Guardian","floor":16,"turns":13},{"damage":0,"enemies":"2 Thieves","floor":18,"turns":1}],"seed_played":"1235446180017183750","potions_obtained":[{"floor":6.0,"key":"Ancient Potion"},{"floor":7.0,"key":"SteroidPotion"},{"floor":10.0,"key":"Strength Potion"},{"floor":12.0,"key":"FearPotion"}],"is_trial":false,"path_per_floor":["M","?","?","?","$","E","M","R","T","E","R","E","M","M","R","B",null,"M"],"character_chosen":"WATCHER","items_purchased":["Blasphemy"],"campfire_rested":1,"item_purchase_floors":[5],"current_hp_per_floor":[61,61,42,31,31,9,5,23,23,23,23,28,28,19,19,19,51,51,51],"gold":265,"neow_bonus":"BOSS_RELIC","is_daily":false,"chose_seed":false,"campfire_upgraded":2,"win_rate":0.0,"timestamp":1610450830,"path_taken":["M","?","?","?","?","E","M","R","T","E","R","E","?","M","R","BOSS","M"],"items_purchased_type":["Card"],"build_version":"2020-12-22","purchased_purges":0,"victory":false,"max_hp_per_floor":[68,62,62,62,62,62,62,62,62,62,62,62,62,62,62,62,62,62,62],"relic_stats":{"counters":[9,37],"Golden Idol":50,"Yang":[35],"VioletLotus":[0],"obtain_stats":[{"Golden Idol":2,"Yang":12,"VioletLotus":17,"Incense Burner":6,"PureWater":0,"White Beast Statue":9,"Toy Ornithopter":10,"Runic Pyramid":0},{"Golden Idol":1,"Yang":5,"VioletLotus":8,"Incense Burner":2,"PureWater":0,"White Beast Statue":3,"Toy Ornithopter":4,"Runic Pyramid":0},{"Golden Idol":3,"Yang":18,"VioletLotus":36,"Incense Burner":11,"PureWater":0,"White Beast Statue":13,"Toy Ornithopter":15,"Runic Pyramid":0}],"Toy Ornithopter":5},"card_choices":[{"not_picked":["ThirdEye","PathToVictory","ClearTheMind"],"picked":"SKIP","floor":1.0},{"not_picked":["BattleHymn","CarveReality"],"picked":"FlurryOfBlows","floor":6.0},{"not_picked":["FollowUp","Establishment"],"picked":"BowlingBash","floor":7.0},{"not_picked":["Weave","Evaluate"],"picked":"CrushJoints","floor":10.0},{"not_picked":["Establishment","Pray"],"picked":"EmptyBody","floor":12.0},{"not_picked":["Protect","Evaluate"],"picked":"EmptyFist","floor":13.0},{"not_picked":["Protect","InnerPeace"],"picked":"Meditate","floor":14},{"not_picked":["Blasphemy","SpiritShield"],"picked":"Vault","floor":16}],"player_experience":389237,"relics_obtained":[{"floor":6.0,"key":"Incense Burner"},{"floor":9.0,"key":"White Beast Statue"},{"floor":10.0,"key":"Toy Ornithopter"},{"floor":12.0,"key":"Yang"}],"event_choices":[{"damage_healed":0.0,"max_hp_gain":0.0,"max_hp_loss":6.0,"gold_gain":0.0,"event_name":"Golden Idol","player_choice":"Lose Max HP","floor":2.0,"gold_loss":0.0,"damage_taken":0.0,"relics_obtained":["Golden Idol"]},{"damage_healed":0.0,"max_hp_gain":0.0,"max_hp_loss":0.0,"gold_gain":0.0,"event_name":"Shining Light","player_choice":"Entered Light","floor":3.0,"gold_loss":0.0,"damage_taken":19.0,"cards_upgraded":["Vigilance","Defend_P"]},{"damage_healed":0.0,"max_hp_gain":0.0,"max_hp_loss":0.0,"gold_gain":75.0,"event_name":"World of Goop","player_choice":"Gather Gold","floor":4.0,"gold_loss":0.0,"damage_taken":11.0}],"is_beta":false,"boss_relics":[{"not_picked":["Sozu","Philosopher\u0027s Stone"],"picked":"VioletLotus"}],"items_purged_floors":[],"is_endless":false,"potions_floor_spawned":[6,7,10,12,13,14,16],"killed_by":"2 Thieves","ascension_level":20}}