{"host":"hve1dyh1ly81yl9f","time":1610472721,"event":{"mods":["BaseMod","Colored Map","DeckTracker","Highlight Path","Keyboard Shortcuts","Minty Spire (QoL Compilation)","Permanent Neow","Quick Restart","StSLib","SuperFastMode"],"gold_per_floor":[413,413,424,194,194,194,210,210,210,210,110,127,158,175,175,277,277,290,290,304,318,40,40,60,60,109,124,124,124],"floor_reached":28,"playtime":675,"items_purged":["Strike_R","Parasite","Strike_R"],"score":308,"play_id":"e9442ba1-abda-4836-9e4e-234daff3884e","local_time":"20210113023201","is_ascension_mode":true,"campfire_choices":[{"data":"Rampage","floor":6.0,"key":"SMITH"},{"data":"Headbutt","floor":8.0,"key":"SMITH"},{"data":"Battle Trance","floor":15.0,"key":"SMITH"},{"data":"Headbutt","floor":23.0,"key":"SMITH"},{"floor":25.0,"key":"REST"}],"circlet_count":0,"master_deck":["Strike_R+1","Strike_R+1","Defend_R","Defend_R","Defend_R","Defend_R","Bash","Rampage+1","Headbutt+1","Shrug It Off","Headbutt+1","Battle Trance+1","Disarm","Headbutt+1","Sever Soul","Burning Pact","Second Wind+1"],"relics":["Burning Blood","Old Coin","Oddly Smooth Stone","Bottled Lightning","Bag of Marbles","Sozu","Lantern"],"acts_visited":["Exordium","TheCity"],"potions_floor_usage":[],"damage_taken":[{"damage":12.0,"enemies":"Jaw Worm","floor":1.0,"turns":3.0},{"damage":0.0,"enemies":"Small Slimes","floor":3.0,"turns":3.0},{"damage":0.0,"enemies":"Cultist","floor":7.0,"turns":3.0},{"damage":15.0,"enemies":"Blue Slaver","floor":12.0,"turns":3.0},{"damage":16.0,"enemies":"Gremlin Nob","floor":13.0,"turns":4.0},{"damage":0.0,"enemies":"2 Fungi Beasts","floor":14.0,"turns":2.0},{"damage":36.0,"enemies":"The Guardian","floor":16.0,"turns":6.0},{"damage":15.0,"enemies":"Shell Parasite","floor":18.0,"turns":3.0},{"damage":11.0,"enemies":"Spheric Guardian","floor":20.0,"turns":3.0},{"damage":17.0,"enemies":"Centurion and Healer","floor":21.0,"turns":5.0},{"damage":18.0,"enemies":"Snake Plant","floor":24.0,"turns":3.0},{"damage":36.0,"enemies":"3 Cultists","floor":27.0,"turns":5.0},{"damage":12,"enemies":"Centurion and Healer","floor":28,"turns":1}],"seed_played":"1978020246315578926","potions_obtained":[{"floor":1.0,"key":"LiquidBronze"},{"floor":12.0,"key":"Strength Potion"},{"floor":13.0,"key":"EntropicBrew"},{"floor":16.0,"key":"Strength Potion"}],"is_trial":false,"path_per_floor":["M","?","M","$","?","R","M","R","T","?","$","M","E","M","R","B",null,"M","?","M","M","$","R","M","R","T","M","M"],"character_chosen":"IRONCLAD","items_purchased":["Oddly Smooth Stone","Sever Soul","Burning Pact"],"campfire_rested":1,"item_purchase_floors":[4,22,22],"current_hp_per_floor":[66,52,58,58,58,58,64,64,64,72,69,60,50,56,56,26,58,49,49,44,33,33,33,21,41,41,11,0,0],"gold":124,"neow_bonus":"ONE_RARE_RELIC","is_daily":false,"chose_seed":false,"campfire_upgraded":4,"win_rate":0.0,"timestamp":1610472721,"path_taken":["M","?","M","$","?","R","M","R","T","?","$","M","E","M","R","BOSS","M","?","M","?","$","R","M","R","T","M","M"],"items_purchased_type":["Relic","Card","Card"],"build_version":"2020-12-22","purchased_purges":3,"victory":false,"max_hp_per_floor":[72,72,72,72,72,72,72,72,72,72,69,69,69,69,69,69,69,69,69,69,69,69,69,69,69,69,69,69,69],"card_choices":[{"not_picked":["Flex","True Grit"],"picked":"Rampage","floor":1.0},{"not_picked":["Cleave","Bloodletting"],"picked":"Headbutt","floor":3.0},{"not_picked":["True Grit","Spot Weakness"],"picked":"Shrug It Off","floor":7.0},{"not_picked":["Intimidate","Shrug It Off"],"picked":"Headbutt","floor":12.0},{"not_picked":["Clothesline","Feel No Pain","Iron Wave"],"picked":"SKIP","floor":13.0},{"not_picked":["Impervious","Havoc"],"picked":"Battle Trance","floor":14.0},{"not_picked":["Sentinel","Shrug It Off"],"picked":"Disarm","floor":18.0},{"not_picked":["Fire Breathing+1","Heavy Blade","Cleave"],"picked":"SKIP","floor":20.0},{"not_picked":["Body Slam","Twin Strike"],"picked":"Headbutt+1","floor":21.0},{"not_picked":["Battle Trance","Sword Boomerang+1"],"picked":"Second Wind+1","floor":24.0},{"not_picked":["Body Slam","Dark Embrace","Pommel Strike"],"picked":"SKIP","floor":27.0}],"player_experience":324619,"relics_obtained":[{"floor":9.0,"key":"Bottled Lightning"},{"floor":13.0,"key":"Bag of Marbles"},{"floor":26.0,"key":"Lantern"}],"event_choices":[{"damage_healed":0.0,"max_hp_gain":0.0,"max_hp_loss":0.0,"gold_gain":0.0,"event_name":"Shining Light","player_choice":"Entered Light","floor":2.0,"gold_loss":0.0,"damage_taken":14.0,"cards_upgraded":["Strike_R","Strike_R"]},{"cards_removed":["Strike_R"],"damage_healed":0.0,"max_hp_gain":0.0,"max_hp_loss":0.0,"gold_gain":0.0,"event_name":"Living Wall","player_choice":"Forget","floor":5.0,"gold_loss":0.0,"damage_taken":0.0},{"damage_healed":18.0,"max_hp_gain":0.0,"max_hp_loss":0.0,"gold_gain":0.0,"event_name":"Mushrooms","player_choice":"Healed and dodged fight","floor":10.0,"gold_loss":0.0,"damage_taken":0.0,"cards_obtained":["Parasite"]},{"damage_healed":0.0,"max_hp_gain":0.0,"max_hp_loss":0.0,"gold_gain":0.0,"event_name":"Lab","player_choice":"Got Potions","floor":19.0,"gold_loss":0.0,"damage_taken":0.0}],"is_beta":false,"boss_relics":[{"not_picked":["Pandora\u0027s Box","SacredBark"],"picked":"Sozu"}],"items_purged_floors":[4,11,22],"is_endless":false,"potions_floor_spawned":[1,12,13,16,18,20,24],"killed_by":"Centurion and Healer","ascension_level":8}}