{"host":"nkolxg4se00n20yf","time":1610480112,"event":{"mods":["BaseMod","CatGirl Mod","Chen","Colored Map","Colored Powertips","Downfall","Friendly Minions","Infinite Spire","Kiyohime????","Marisa????????","Minty Spire (QoL Compilation)","StSLib","Td1madao Mod","The Administrix","The Cursed","The Exalted","The Hierophant","The Servant 0.9.4"],"gold_per_floor":[110,127,143,154,173,198,198,216,242,242,303,338,338,47,47,122,122,132,147,159,173,173,191,191,466,466,481,496,496,515,543,543,543,543],"floor_reached":33,"language":"ENG","playtime":1546,"items_purged":[],"score":601,"play_id":"66bf90ba-62fb-4c4a-b19a-07fcd1cadff8","local_time":"20210112203512","is_ascension_mode":true,"campfire_choices":[{"floor":7,"key":"REST"},{"data":"Crippling Poison","floor":10,"key":"SMITH"},{"floor":15,"key":"REST"},{"floor":24,"key":"REST"},{"floor":29,"key":"REST"},{"floor":32,"key":"REST"}],"circlet_count":0,"master_deck":["AscendersBane","Strike_G","Strike_G","Strike_G","Defend_G","Defend_G+1","Defend_G","Defend_G","Survivor+1","Neutralize","Backstab","Crippling Poison+1","Endless Agony","Quick Slash","Sucker Punch","Corpse Explosion","Noxious Fumes","Outmaneuver","Cloak And Dagger","Malaise","Tactician+1","PiercingWail+1","Tools of the Trade+1","Underhanded Strike","Caltrops","Backstab","Deadly Poison","Poisoned Stab","Regret","Unload","Heel Hook"],"relics":["Ring of the Snake","Bag of Preparation","infinitespire:Satchel","Bromod:ArcaneMomentum","StrikeDummy","Bromod:ArcaneAwakening","Astrolabe","Ancient Tea Set","Bromod:ArcaneEnergize","Bottled Tornado","War Paint"],"acts_visited":["Exordium","TheCity"],"potions_floor_usage":[6,12,23,31,31,31,33,33],"damage_taken":[{"damage":1,"enemies":"Jaw Worm","floor":1,"turns":4},{"damage":4,"enemies":"Small Slimes","floor":2,"turns":3},{"damage":0,"enemies":"Cultist","floor":3,"turns":4},{"damage":6,"enemies":"2 Fungi Beasts","floor":4,"turns":4},{"damage":4,"enemies":"3 Louse","floor":5,"turns":4},{"damage":20,"enemies":"3 Sentries","floor":6,"turns":12},{"damage":0,"enemies":"Large Slime","floor":8,"turns":4},{"damage":17,"enemies":"Lagavulin","floor":12,"turns":5},{"damage":24,"enemies":"Hexaghost","floor":16,"turns":8},{"damage":0,"enemies":"Chosen","floor":18,"turns":5},{"damage":18,"enemies":"Spheric Guardian","floor":19,"turns":4},{"damage":43,"enemies":"Chosen and Byrds","floor":20,"turns":6},{"damage":0,"enemies":"3 Cultists","floor":21,"turns":2},{"damage":0,"enemies":"Cultist and Chosen","floor":23,"turns":6},{"damage":0,"enemies":"Snake Plant","floor":27,"turns":3},{"damage":16,"enemies":"Sentry and Sphere","floor":28,"turns":4},{"damage":5,"enemies":"Centurion and Healer","floor":30,"turns":5},{"damage":0,"enemies":"Gremlin Leader","floor":31,"turns":4},{"damage":51,"enemies":"Champ","floor":33,"turns":9}],"seed_played":"1129743040649268542","potions_obtained":[{"floor":1,"key":"Poison Potion"},{"floor":3,"key":"BlessingOfTheForge"},{"floor":4,"key":"PowerPotion"},{"floor":6,"key":"DuplicationPotion"},{"floor":21,"key":"EntropicBrew"},{"floor":23,"key":"Dexterity Potion"},{"floor":31,"key":"sneckomod:MuddlingPotion"}],"is_trial":false,"path_per_floor":["M","M","M","M","M","E","R","M","T","R","?","E","T","$","R","B",null,"M","M","M","M","AVR","M","R","?","T","M","M","R","M","E","R","B"],"character_chosen":"THE_SILENT","items_purchased":["Bromod:ArcaneAwakening","Cloak And Dagger"],"campfire_rested":5,"item_purchase_floors":[14,14],"current_hp_per_floor":[64,60,60,54,50,30,51,51,51,51,51,34,34,34,55,31,62,62,44,1,1,1,1,22,22,22,22,6,27,22,22,43,0,0],"gold":543,"neow_bonus":"TEN_PERCENT_HP_BONUS","is_daily":false,"chose_seed":false,"campfire_upgraded":1,"win_rate":0.0,"timestamp":1610480112,"path_taken":["M","M","M","M","M","E","R","M","T","R","?","E","?","$","R","BOSS","M","M","M","M","AVR","M","R","?","T","M","M","R","?","E","R","BOSS"],"items_purchased_type":["Relic","Card"],"build_version":"2020-12-22","purchased_purges":0,"victory":false,"max_hp_per_floor":[72,72,72,72,72,72,72,72,72,72,72,72,72,72,72,72,72,72,72,72,72,72,72,72,72,72,72,72,72,72,72,72,72,72],"card_choices":[{"not_picked":["Bane","Dagger Throw"],"picked":"Backstab","floor":1},{"not_picked":["Distraction","Choke"],"picked":"Crippling Poison","floor":2},{"not_picked":["Finisher","Dodge and Roll"],"picked":"Endless Agony","floor":3},{"not_picked":["Backflip","PiercingWail"],"picked":"Quick Slash","floor":4},{"not_picked":["Dodge and Roll","Prepared"],"picked":"Sucker Punch","floor":5},{"not_picked":["Dodge and Roll","Prepared"],"picked":"Corpse Explosion","floor":6},{"not_picked":["Choke","Dodge and Roll"],"picked":"Noxious Fumes","floor":8},{"not_picked":["Dash","Accuracy"],"picked":"Outmaneuver","floor":12},{"not_picked":["Burst","Bullet Time"],"picked":"Malaise","floor":16},{"not_picked":["PiercingWail+1","Endless Agony"],"picked":"Underhanded Strike","floor":18},{"not_picked":["Prepared","Deflect"],"picked":"Caltrops","floor":19},{"not_picked":["Acrobatics","Slice"],"picked":"Backstab","floor":20},{"not_picked":["PiercingWail","Dagger Spray"],"picked":"Deadly Poison","floor":21},{"not_picked":["Acrobatics+1","Bane"],"picked":"Poisoned Stab","floor":23},{"not_picked":["Crippling Poison","Quick Slash+1"],"picked":"Unload","floor":27},{"not_picked":["PiercingWail","Blade Dance","Prepared"],"picked":"SKIP","floor":28},{"not_picked":["Backflip","PiercingWail"],"picked":"Heel Hook","floor":30},{"not_picked":["Concentrate","Sucker Punch","Setup"],"picked":"SKIP","floor":31}],"player_experience":1114157,"relics_obtained":[{"floor":6,"key":"Bag of Preparation"},{"floor":9,"key":"infinitespire:Satchel"},{"floor":12,"key":"Bromod:ArcaneMomentum"},{"floor":13,"key":"StrikeDummy"},{"floor":26,"key":"Bottled Tornado"},{"floor":31,"key":"War Paint"}],"event_choices":[{"damage_healed":0,"gold_gain":61,"player_choice":"Gained Gold","damage_taken":0,"max_hp_gain":0,"max_hp_loss":0,"event_name":"Golden Wing","floor":11,"gold_loss":0},{"damage_healed":0,"gold_gain":275,"player_choice":"Desecrate","damage_taken":0,"max_hp_gain":0,"max_hp_loss":0,"event_name":"Golden Shrine","floor":25,"gold_loss":0,"cards_obtained":["Regret"]}],"is_beta":false,"boss_relics":[{"not_picked":["Philosopher\u0027s Stone","Empty Cage"],"picked":"Astrolabe"}],"items_purged_floors":[],"is_endless":false,"potions_floor_spawned":[1,3,4,6,8,21,23,30,31],"killed_by":"Champ","ascension_level":19}}