{"host":"w3q5ijqu8eoknil3","time":1610412948,"event":{"mods":["AchievementEnabler","BaseMod","Block Reminder","Colored Powertips","Curses Come First","Minty Spire (QoL Compilation)","Quick Restart","Relic Stats","StSLib","ojb\u0027s Better Paths Mod","ojb\u0027s Info Mod","slay the spire mod where everything is the same but ironclad has a cowboy hat"],"gold_per_floor":[111,131,281,281,206,238,248,4,57,57,89,89,106,106,106,179,179,193,209,259,259,259,293,37,37,37],"floor_reached":25,"playtime":607,"items_purged":["Strike_G","Accuracy"],"score":479,"play_id":"7d9970c5-5165-4faf-b352-08f1db6036c8","local_time":"20210112005548","is_ascension_mode":true,"campfire_choices":[{"data":"Poisoned Stab","floor":10.0,"key":"SMITH"},{"data":"Blade Dance","floor":12.0,"key":"SMITH"},{"data":"Skewer","floor":15,"key":"SMITH"}],"circlet_count":0,"master_deck":["AscendersBane","Defend_G","Defend_G","Defend_G","Defend_G","Survivor","Neutralize","Dagger Spray","Deadly Poison","Caltrops","Poisoned Stab+1","Blade Dance+1","Skewer+1","Die Die Die","Caltrops+1","Cloak And Dagger+1","Deadly Poison","Die Die Die","Bouncing Flask+1","Malaise"],"relics":["Ring of the Snake","NeowsBlessing","Art of War","Bag of Marbles","Blood Vial","Lizard Tail","Tiny Chest","Astrolabe","Anchor"],"acts_visited":["Exordium","TheCity"],"potions_floor_usage":[16,19,23,25],"damage_taken":[{"damage":0.0,"enemies":"Cultist","floor":1.0,"turns":1.0},{"damage":0.0,"enemies":"2 Louse","floor":2.0,"turns":1.0},{"damage":0.0,"enemies":"3 Sentries","floor":6.0,"turns":1.0},{"damage":3.0,"enemies":"Small Slimes","floor":7.0,"turns":4.0},{"damage":23.0,"enemies":"Gremlin Nob","floor":11.0,"turns":4.0},{"damage":0.0,"enemies":"Looter","floor":13.0,"turns":1.0},{"damage":31,"enemies":"The Guardian","floor":16,"turns":11},{"damage":4,"enemies":"3 Byrds","floor":18,"turns":3},{"damage":20,"enemies":"Spheric Guardian","floor":19,"turns":4},{"damage":18,"enemies":"Gremlin Leader","floor":23,"turns":6},{"damage":24,"enemies":"Centurion and Healer","floor":25,"turns":7}],"seed_played":"238148200998349647","potions_obtained":[{"floor":7.0,"key":"EssenceOfSteel"},{"floor":11.0,"key":"Fire Potion"},{"floor":13.0,"key":"FearPotion"},{"floor":16,"key":"SkillPotion"},{"floor":18,"key":"Ancient Potion"},{"floor":23,"key":"Weak Potion"}],"is_trial":false,"path_per_floor":["M","M","?","?","?","E","M","$","T","R","E","R","M","?","R","B",null,"M","M","?","?","?","E","$","M"],"character_chosen":"THE_SILENT","items_purchased":["Bag of Marbles","Malaise"],"campfire_rested":0,"item_purchase_floors":[8,24],"current_hp_per_floor":[59,59,59,52,52,52,49,49,49,49,28,28,30,33,33,4,51,49,31,31,31,31,15,15,0,0],"gold":37,"neow_bonus":"THREE_ENEMY_KILL","is_daily":false,"chose_seed":false,"campfire_upgraded":3,"win_rate":0.0,"timestamp":1610412948,"path_taken":["M","?","?","?","?","E","M","?","T","R","E","R","M","?","R","BOSS","M","M","?","?","?","E","$","M"],"items_purchased_type":["Relic","Card"],"build_version":"2020-12-22","purchased_purges":2,"victory":false,"max_hp_per_floor":[66,66,66,66,66,66,66,66,66,66,66,66,66,66,66,66,66,66,66,66,66,66,66,66,66,66],"relic_stats":{"Blood Vial":14,"Lizard Tail":33,"counters":[11,43],"Astrolabe":["Caltrops","Cloak And Dagger","Escape Plan"],"Tiny Chest":0,"Art of War":[4],"obtain_stats":[{"Blood Vial":9,"Lizard Tail":11,"Anchor":23,"NeowsBlessing":0,"Astrolabe":17,"Tiny Chest":14,"Art of War":6,"Bag of Marbles":8,"Ring of the Snake":0},{"Blood Vial":4,"Lizard Tail":5,"Anchor":10,"NeowsBlessing":0,"Astrolabe":7,"Tiny Chest":6,"Art of War":3,"Bag of Marbles":4,"Ring of the Snake":0},{"Blood Vial":7,"Lizard Tail":11,"Anchor":36,"NeowsBlessing":0,"Astrolabe":23,"Tiny Chest":12,"Art of War":3,"Bag of Marbles":7,"Ring of the Snake":0}],"Ring of the Snake":[22]},"card_choices":[{"not_picked":["Dagger Throw","Blade Dance"],"picked":"Dagger Spray","floor":1.0},{"not_picked":["Cloak And Dagger","Flying Knee"],"picked":"Deadly Poison","floor":2.0},{"not_picked":["Dodge and Roll","Escape Plan"],"picked":"Caltrops","floor":6.0},{"not_picked":["Cloak And Dagger","Setup"],"picked":"Poisoned Stab","floor":7.0},{"not_picked":["Envenom","Masterful Stab"],"picked":"Blade Dance","floor":11.0},{"not_picked":["Reflex","Flying Knee"],"picked":"Skewer","floor":13.0},{"not_picked":["A Thousand Cuts","Bullet Time"],"picked":"Die Die Die","floor":16},{"not_picked":["Escape Plan","Accuracy"],"picked":"Deadly Poison","floor":18},{"not_picked":["Quick Slash","Bane","Setup"],"picked":"SKIP","floor":19},{"not_picked":["Flying Knee+1","Acrobatics"],"picked":"Bouncing Flask+1","floor":23}],"player_experience":966262,"relics_obtained":[{"floor":6.0,"key":"Art of War"},{"floor":9.0,"key":"Blood Vial"},{"floor":11.0,"key":"Lizard Tail"},{"floor":23,"key":"Anchor"}],"event_choices":[{"damage_healed":0.0,"max_hp_gain":0.0,"max_hp_loss":0.0,"gold_gain":150.0,"event_name":"Liars Game","player_choice":"AGREE","floor":3.0,"gold_loss":0.0,"damage_taken":0.0,"cards_obtained":["Doubt"]},{"cards_removed":["Doubt"],"damage_healed":0.0,"max_hp_gain":0.0,"max_hp_loss":0.0,"gold_gain":0.0,"event_name":"Golden Wing","player_choice":"Card Removal","floor":4.0,"gold_loss":0.0,"damage_taken":7.0},{"cards_removed":["Strike_G"],"damage_healed":0.0,"max_hp_gain":0.0,"max_hp_loss":0.0,"gold_gain":0.0,"event_name":"The Cleric","player_choice":"Card Removal","floor":5.0,"gold_loss":75.0,"damage_taken":0.0},{"damage_healed":0,"gold_gain":0,"player_choice":"Success","damage_taken":35,"relics_obtained":["Tiny Chest"],"max_hp_gain":0,"max_hp_loss":0,"event_name":"Scrap Ooze","floor":14,"gold_loss":0},{"damage_healed":0,"gold_gain":50,"player_choice":"Stole From Cult","damage_taken":0,"max_hp_gain":0,"max_hp_loss":0,"event_name":"Nest","floor":20,"gold_loss":0},{"damage_healed":0,"gold_gain":0,"cards_transformed":["Defend_G","Escape Plan"],"player_choice":"Became Test Subject","damage_taken":0,"max_hp_gain":0,"max_hp_loss":0,"event_name":"Drug Dealer","floor":21,"gold_loss":0,"cards_obtained":["Accuracy","Die Die Die"]},{"damage_healed":0,"gold_gain":0,"player_choice":"Ignored","damage_taken":0,"max_hp_gain":0,"max_hp_loss":0,"event_name":"Ghosts","floor":22,"gold_loss":0}],"is_beta":false,"boss_relics":[{"not_picked":["Black Star","Runic Dome"],"picked":"Astrolabe"}],"items_purged_floors":[8,24],"is_endless":false,"potions_floor_spawned":[7,11,13,16,18,23],"killed_by":"Centurion and Healer","ascension_level":18}}