{"host":"me6mz5vfpl3z3a3z","time":1610445185,"event":{"mods":["ATMod(°¢èªMod)","Act Like it!","Aspiration","BaseMod","CapriCore","Downfall","Energized Spire","Friendly Minions","Gensokyo","Hallownest","Koishi","Luminous","Marisa£¨ìFÓê¡¡Ä§ÀíÉ³£©","Minty Spire (QoL Compilation)","Reimu£¨²©ÀöÁéÃÎ£©","RumiaBox-Â¶Ã×æ«µÄÉñÃØºÐ×Ó","Spicy Shops","StSLib","The Alterego","The Blackbeard","The Bug Knight","The Cursed","The Gatherer","The Runesmith","The Showman","Yakumo Yukari mod","Yuyuko","[IsaacMod]ÒÔÈö¼âËþ","¡¾¹¦ÄÜMod¡¿»ìãçÖ®»·ÐÞ¸´²¹¶¡"],"gold_per_floor":[99,118,135,170,212,257,257,107,107,207,264,264,308,375,423,558,558,483,538,589,643,643,696,748,748,799,799,799,939,484,484,505,649,649,649,667,194,206,226,226,226,252,301,351,450,296,349,379,389,414,414,444,197,197,252],"floor_reached":56,"playtime":3379,"items_purged":["blackbeard:BlackbeardStrike","blackbeard:BlackbeardDefend","blackbeard:IntimidatingStrike"],"score":1546,"play_id":"351cc074-397a-43ad-94f3-17b6db6e05f3","local_time":"20210112175305","is_ascension_mode":true,"campfire_choices":[{"floor":1,"key":"RECALL"},{"data":"blackbeard:CaptainsCabin","floor":8,"key":"SMITH"},{"floor":12,"key":"REST"},{"data":"expansioncontent:QuickStudy","floor":18,"key":"SMITH"},{"data":"blackbeard:GoldenGuillotine","floor":27,"key":"SMITH"},{"data":"blackbeard:Parrot","floor":35,"key":"SMITH"},{"data":"blackbeard:GoldenGuillotine","floor":40,"key":"SMITH"},{"data":"1","floor":54,"key":"LIFT"}],"circlet_count":0,"master_deck":["blackbeard:BlackbeardStrike+1","blackbeard:BlackbeardStrike+1","blackbeard:BlackbeardDefend+1","blackbeard:BlackbeardDefend+1","blackbeard:Cutlass","AT_TinkerSharpsword","expansioncontent:QuickStudy+1","blackbeard:CaptainsCabin+1","blackbeard:Bandana","blackbeard:BuriedTreasure","blackbeard:RemoveScurvy","blackbeard:Sword","blackbeard:CaptainsHat","blackbeard:TacticalRetreat","blackbeard:PiratesWill","blackbeard:GoldenGuillotine+1","blackbeard:GoldenDefense+1","blackbeard:Boarding","blackbeard:CloakAndCannonball","blackbeard:CloakAndCannonball+1","blackbeard:CloakAndCannonball+1","blackbeard:GoldenRain","blackbeard:FieryDefense","J.A.X.","blackbeard:Parrot+1","blackbeard:CloakAndCannonball+1","blackbeard:GoldenGuillotine+1","blackbeard:BoostMorale","MagicAbsorber","MachineGunSpark","MagicChant+1","blackbeard:Anchor+1","blackbeard:CatONineTails+1"],"relics":["blackbeard:LoadTheCannons","HushsDoor","AT_ATBox","DoctorsRemote","downfall:HeartBlessingBlue","downfall:HeartBlessingRed","Tea:ReiMu","Happy Flower","aspiration:HummingbirdHeart","aspiration:RandomNobGenerator","downfall:HeartBlessingGreen","ZombieArmy","Strawberry","alterego_mod:SomeoneToFightFor","MutagenicStrength","AT_LudenTempest","aspiration:MarisaSkillbook","blackbeard:PoorMathSkills","Vajra","Ccalipers","blackbeard:CrossedSwords","MagicDraw2","Girya","AT_ChloranthyRing","Akabeko","SharpPlug","aspiration:HiddenCompartment","GodSword4"],"acts_visited":["Exordium","TheCity","TheBeyond","TheEnding"],"potions_floor_usage":[10,21,32],"damage_taken":[{"damage":1,"enemies":"Jaw Worm","floor":2,"turns":3},{"damage":0,"enemies":"Cultist","floor":3,"turns":3},{"damage":0,"enemies":"2 Louse","floor":4,"turns":3},{"damage":8,"enemies":"2 Fungi Beasts","floor":5,"turns":3},{"damage":19,"enemies":"3 Louse","floor":6,"turns":3},{"damage":2,"enemies":"Lagavulin","floor":10,"turns":6},{"damage":14,"enemies":"Exordium Thugs","floor":11,"turns":4},{"damage":0,"enemies":"Large Slime","floor":13,"turns":3},{"damage":0,"enemies":"Gremlin Nob","floor":14,"turns":2},{"damage":5,"enemies":"Blue Slaver","floor":15,"turns":3},{"damage":30,"enemies":"downfall:Watcher","floor":16,"turns":9},{"damage":27,"enemies":"Chosen","floor":19,"turns":8},{"damage":9,"enemies":"3 Byrds","floor":20,"turns":5},{"damage":0,"enemies":"Centurion and Healer","floor":21,"turns":5},{"damage":7,"enemies":"Slavers","floor":23,"turns":2},{"damage":0,"enemies":"Shelled Parasite and Fungi","floor":26,"turns":4},{"damage":8,"enemies":"downfall:Augmenter","floor":29,"turns":5},{"damage":3,"enemies":"downfall:FleeingMerchant","floor":30,"turns":4},{"damage":0,"enemies":"3 Cultists","floor":32,"turns":3},{"damage":13,"enemies":"downfall:Silent","floor":33,"turns":5},{"damage":3,"enemies":"3 Darklings","floor":36,"turns":2},{"damage":3,"enemies":"downfall:FleeingMerchant","floor":37,"turns":3},{"damage":0,"enemies":"Orb Walker","floor":38,"turns":1},{"damage":0,"enemies":"Jaw Worm Horde","floor":39,"turns":1},{"damage":3,"enemies":"3 Darklings","floor":42,"turns":3},{"damage":0,"enemies":"Reptomancer","floor":43,"turns":3},{"damage":6,"enemies":"Transient","floor":44,"turns":5},{"damage":3,"enemies":"Nemesis","floor":48,"turns":2},{"damage":0,"enemies":"Jaw Worm Horde","floor":49,"turns":1},{"damage":3,"enemies":"downfall:Defect","floor":50,"turns":2},{"damage":26,"enemies":"downfall:CharBossMerchant","floor":52,"turns":5},{"damage":14,"enemies":"downfall:NeowBoss","floor":55,"turns":11}],"seed_played":"-6342755874541622878","potions_obtained":[{"floor":3,"key":"DuplicationPotion"},{"floor":11,"key":"Energy Potion"},{"floor":13,"key":"SpeedPotion"},{"floor":15,"key":"FearPotion"},{"floor":21,"key":"SpeedPotion"},{"floor":33,"key":"Weak Potion"},{"floor":39,"key":"DuplicationPotion"}],"is_trial":false,"path_per_floor":["R","M","M","M","M","M","T","R","?","E","M","R","M","E","M","B",null,"R","M","M","M","?","E","T","?","M","R","?","?","$","?","M","B",null,"R","M","$","M","M","R","T","M","E","M","?","$","T","E","M","B",null,"E","$","R","B",null],"character_chosen":"BLACKBEARD_CLASS","items_purchased":["AT_LudenTempest","blackbeard:PoorMathSkills","Vajra","Ccalipers","blackbeard:CrossedSwords","AT_ChloranthyRing","GodSword4"],"campfire_rested":1,"item_purchase_floors":[30,37,37,37,37,46,53],"current_hp_per_floor":[54,53,53,53,45,31,31,41,34,37,28,53,53,58,58,28,85,85,58,54,59,59,52,59,59,64,64,64,61,58,58,86,73,92,92,92,89,89,89,89,89,86,86,80,65,65,65,67,67,83,92,71,71,71,67],"gold":252,"neow_bonus":"RANDOM_COLORLESS_2","is_daily":false,"chose_seed":false,"campfire_upgraded":5,"win_rate":0.0,"timestamp":1610445185,"path_taken":["R","M","M","M","M","M","T","R","?","E","M","R","M","E","M","BOSS","R","M","M","?","?","E","T","?","M","R","?","?","$","?","M","BOSS","R","?","$","M","M","R","T","M","E","M","?","$","?","E","M","BOSS","E","$","R","BOSS"],"items_purchased_type":["Relic","Relic","Relic","Relic","Relic","Relic","Relic"],"build_version":"2020-12-22","purchased_purges":3,"victory":true,"max_hp_per_floor":[75,75,75,75,75,75,75,85,85,85,85,85,85,85,85,85,85,85,85,85,85,85,85,92,92,92,92,92,92,92,92,92,92,92,92,92,92,92,92,92,92,92,92,92,92,92,92,92,92,92,92,92,92,92,92],"card_choices":[{"not_picked":["Thinking Ahead","Secret Technique"],"picked":"expansioncontent:QuickStudy","floor":0},{"not_picked":["blackbeard:Spear","blackbeard:WiseDefense"],"picked":"blackbeard:CaptainsCabin","floor":2},{"not_picked":["blackbeard:WiseDefense","blackbeard:CannonballSupply"],"picked":"blackbeard:Bandana","floor":3},{"not_picked":["blackbeard:WiseDefense","blackbeard:Dagger"],"picked":"blackbeard:BuriedTreasure","floor":4},{"not_picked":["blackbeard:BlindAttacks","blackbeard:CannonballSupply"],"picked":"blackbeard:RemoveScurvy","floor":5},{"not_picked":["blackbeard:Sharpening","blackbeard:BlindAttacks","blackbeard:PowderKeg"],"picked":"SKIP","floor":6},{"not_picked":["blackbeard:SwordDance","blackbeard:ChaoticDefense"],"picked":"blackbeard:Sword","floor":10},{"not_picked":["blackbeard:Eyepatch","blackbeard:Recklessness"],"picked":"Bomb","floor":11},{"not_picked":["blackbeard:SwordDance","blackbeard:GoldenDefense"],"picked":"blackbeard:CaptainsHat","floor":13},{"not_picked":["blackbeard:Sharpening","blackbeard:DelayedPain"],"picked":"blackbeard:TacticalRetreat","floor":14},{"not_picked":["blackbeard:Dagger","blackbeard:Provisioning"],"picked":"blackbeard:PiratesWill","floor":15},{"not_picked":["blackbeard:TheDrunkenSailor","blackbeard:Halberd"],"picked":"blackbeard:GoldenGuillotine","floor":16},{"not_picked":["blackbeard:GoldenStrike","blackbeard:Sharpening"],"picked":"blackbeard:GoldenDefense+1","floor":19},{"not_picked":["blackbeard:UndeadForm","blackbeard:Toast"],"picked":"blackbeard:Boarding","floor":20},{"not_picked":["blackbeard:Anchor","blackbeard:Fencing"],"picked":"blackbeard:CloakAndCannonball","floor":21},{"not_picked":["blackbeard:Dagger","blackbeard:PowderKeg+1"],"picked":"blackbeard:CloakAndCannonball+1","floor":23},{"not_picked":["blackbeard:RemoveScurvy","blackbeard:JollyRoger"],"picked":"blackbeard:CloakAndCannonball+1","floor":26},{"not_picked":[],"picked":"J.A.X.","floor":29},{"not_picked":["blackbeard:RearmingStrike","blackbeard:Sharpening"],"picked":"blackbeard:CloakAndCannonball+1","floor":30},{"not_picked":["blackbeard:BlindAttacks","blackbeard:ChaoticDefense"],"picked":"blackbeard:GoldenGuillotine","floor":32},{"not_picked":["blackbeard:GoldenGuillotine","blackbeard:Lifeboat"],"picked":"blackbeard:BoostMorale","floor":33},{"not_picked":["blackbeard:PirateEarring+1","blackbeard:DeadlyArsenal+1","DC+1"],"picked":"MagicAbsorber","floor":36},{"not_picked":["Acceleration","6A+1","blackbeard:BlindAttacks+1"],"picked":"MachineGunSpark","floor":37},{"not_picked":["blackbeard:DeadlyArsenal+1","WitchLeyline","blackbeard:CloakAndCannonball"],"picked":"MagicChant+1","floor":38},{"not_picked":["ChargeUpSpray+1","blackbeard:PirateHook","AsteroidBelt+1","blackbeard:DoubleBottom+1"],"picked":"SKIP","floor":39},{"not_picked":["blackbeard:CloakAndCannonball","MachineGunSpark","blackbeard:Provisioning+1"],"picked":"blackbeard:Anchor+1","floor":42},{"not_picked":["ShootingEcho+1","Orbital+1","NonDirectionalLaser"],"picked":"blackbeard:CatONineTails+1","floor":43},{"not_picked":["FinalSpark","blackbeard:Upgrade+1","blackbeard:RearmingStrike","LuminesStrike+1"],"picked":"SKIP","floor":44},{"not_picked":["SporeBomb+1","blackbeard:VengefulSpirit","blackbeard:Salvager","LuminesStrike"],"picked":"SKIP","floor":48},{"not_picked":["blackbeard:BlindAttacks","blackbeard:Recklessness+1","blackbeard:Sharpening+1","EventHorizon+1"],"picked":"SKIP","floor":49},{"not_picked":["SatelliteIllusion","blackbeard:Dagger+1","GasGiant","Acceleration+1"],"picked":"SKIP","floor":52}],"player_experience":436948,"relics_obtained":[{"floor":10,"key":"Happy Flower"},{"floor":14,"key":"aspiration:HummingbirdHeart"},{"floor":23,"key":"ZombieArmy"},{"floor":24,"key":"Strawberry"},{"floor":29,"key":"MutagenicStrength"},{"floor":41,"key":"MagicDraw2"},{"floor":43,"key":"Girya"},{"floor":47,"key":"Akabeko"},{"floor":48,"key":"SharpPlug"},{"floor":52,"key":"aspiration:HiddenCompartment"}],"event_choices":[{"damage_healed":0,"gold_gain":0,"player_choice":"Success","damage_taken":7,"relics_obtained":["Tea:ReiMu"],"max_hp_gain":0,"max_hp_loss":0,"event_name":"Scrap Ooze","floor":9,"gold_loss":0},{"damage_healed":0,"gold_gain":0,"player_choice":"Choice 2","damage_taken":0,"relics_obtained":["alterego_mod:SomeoneToFightFor"],"max_hp_gain":0,"max_hp_loss":0,"event_name":"°®µÄÉñÊ¥»¨Ô°","floor":25,"gold_loss":0},{"damage_healed":0,"gold_gain":0,"player_choice":"Read","damage_taken":0,"max_hp_gain":0,"max_hp_loss":0,"event_name":"The Library","floor":28,"gold_loss":0,"cards_obtained":["blackbeard:GoldenRain"]},{"damage_healed":0,"gold_gain":0,"player_choice":"Simplicity","damage_taken":0,"max_hp_gain":0,"max_hp_loss":0,"event_name":"Back to Basics","floor":31,"gold_loss":0,"cards_upgraded":["blackbeard:BlackbeardStrike","blackbeard:BlackbeardStrike","blackbeard:BlackbeardDefend","blackbeard:BlackbeardDefend"]}],"is_beta":false,"boss_relics":[{"not_picked":["ChampionBelt","Runesmith:UraniumAnvil"],"picked":"aspiration:RandomNobGenerator"},{"not_picked":[]},{"not_picked":["energizedSpire:OgreHead","aspiration:RunicSpoon"],"picked":"aspiration:MarisaSkillbook"},{"not_picked":[]}],"items_purged_floors":[30,30,37],"is_endless":false,"potions_floor_spawned":[3,11,13,15,16,20,21,23,33,38,39,42,44,49,52],"ascension_level":1}}