{"host":"8kweeulvvasqx820","time":1610422158,"event":{"mods":["Aspiration","BaseMod","Better Altar","Better Match","Better Note","Better Sensory Stone","Better Skull","Better Third Choice","BetterRewards","Colored Map","Conspire","Displayed Cursed Tome","Downfall","Hubris","Infinite Spire","Jorbs\u0027s Wanderer Trilogy","Minty Spire (QoL Compilation)","Relic Stats","Replay The Spire","Spicy Shops","StSLib","SuperFastMode","Swap Starting Deck Mod","The Construct","The Marked","The Servant 0.9.4","everything is the same but u backflip on backflip","slay the spire mod where everything is the same but ironclad has a cowboy hat"],"gold_per_floor":[115,115,125,36,46,46,62,62,62,82,82,82,97,11,11,11,11],"floor_reached":16,"playtime":1156,"items_purged":[],"score":92,"play_id":"513db9e5-d211-4fe4-8eb4-73280669a914","local_time":"20210111222918","is_ascension_mode":false,"campfire_choices":[{"data":"DoubleEdge","floor":6,"key":"SMITH"},{"floor":8,"key":"REST"},{"floor":15,"key":"REST"}],"circlet_count":0,"master_deck":["Strike_S","Strike_S","Strike_S","Strike_S","Defend_S","Defend_S","Defend_S","Defend_S","KidneyShot","Exchange","Alleviate","Starlight","Rewind","DoubleEdge+1","MoonPhase","TimeWarp","Pot Of Greed","Pot Of Greed","Potential","Read"],"relics":["aspiration:RitualDagger","hubris:MedicalManual","Eternal Feather","Grinning Jar","Torii"],"acts_visited":["Exordium"],"potions_floor_usage":[16,16,16],"damage_taken":[{"damage":20,"enemies":"Jaw Worm","floor":1,"turns":4},{"damage":30,"enemies":"Cultist","floor":3,"turns":6},{"damage":19,"enemies":"2 Louse","floor":5,"turns":4},{"damage":42,"enemies":"Exordium Thugs","floor":7,"turns":6},{"damage":18,"enemies":"Gremlin Gang","floor":10,"turns":5},{"damage":17,"enemies":"Lots of Slimes","floor":13,"turns":4},{"damage":71,"enemies":"Fading Forest","floor":16,"turns":10}],"seed_played":"-8591687387402861520","potions_obtained":[{"floor":3,"key":"Strength Potion"},{"floor":7,"key":"Reflective Coating"}],"is_trial":false,"path_per_floor":["M","?","M","$","M","R","M","R","T","M","?","$","M","$","R","B"],"character_chosen":"THE_SERVANT","items_purchased":["TimeWarp","Rewind","Torii","Read","SkillPotion"],"campfire_rested":2,"item_purchase_floors":[4,4,12,14,14],"current_hp_per_floor":[45,45,15,15,63,63,33,52,52,42,42,21,14,14,45,0,0],"gold":11,"neow_bonus":"BOSS_RELIC","is_daily":false,"chose_seed":false,"campfire_upgraded":1,"win_rate":0.0,"timestamp":1610422158,"path_taken":["M","?","?","$","M","R","M","R","T","M","?","?","M","$","R","BOSS"],"items_purchased_type":["Card","Card","Relic","Card","Potion"],"build_version":"2020-12-22","purchased_purges":0,"victory":false,"max_hp_per_floor":[65,65,65,65,65,65,65,65,65,65,65,65,65,65,65,65,65],"relic_stats":{"Torii":23,"counters":[20,100],"Eternal Feather":12,"obtain_stats":[{"Lee\u0027s Waffle":23,"conspire:TreasureMap":23,"NeowsBlessing":0,"Torii":12,"Eternal Feather":9,"aspiration:TrustyKnives":8,"hubris:MedicalManual":2,"Uniform":0,"conspire:InfiniteJournal":25,"hubris:BlackHole":19,"Replay:Bandana":11,"aspiration:RitualDagger":0,"Grinning Jar":11,"hubris:TinFlute":14,"Toy Ornithopter":16},{"Lee\u0027s Waffle":9,"conspire:TreasureMap":9,"NeowsBlessing":0,"Torii":18,"Eternal Feather":17,"aspiration:TrustyKnives":3,"hubris:MedicalManual":14,"Uniform":0,"conspire:InfiniteJournal":11,"hubris:BlackHole":7,"Replay:Bandana":4,"aspiration:RitualDagger":13,"Grinning Jar":18,"hubris:TinFlute":5,"Toy Ornithopter":6},{"Lee\u0027s Waffle":32,"conspire:TreasureMap":32,"NeowsBlessing":0,"Torii":86,"Eternal Feather":81,"aspiration:TrustyKnives":3,"hubris:MedicalManual":65,"Uniform":0,"conspire:InfiniteJournal":48,"hubris:BlackHole":28,"Replay:Bandana":7,"aspiration:RitualDagger":61,"Grinning Jar":86,"hubris:TinFlute":9,"Toy Ornithopter":13}]},"card_choices":[{"not_picked":["StarChef","TimeWarp"],"picked":"Alleviate","floor":1},{"not_picked":["Revamp","Unruled"],"picked":"Starlight","floor":3},{"not_picked":["Duplication","Rewind"],"picked":"DoubleEdge","floor":5},{"not_picked":["Alleviate","Spin"],"picked":"MoonPhase","floor":7},{"not_picked":["Sunlight","Replace"],"picked":"TimeWarp","floor":10},{"not_picked":["Ricochet","InstantArmor"],"picked":"Potential","floor":13}],"player_experience":76363,"relics_obtained":[{"floor":2,"key":"hubris:MedicalManual"},{"floor":9,"key":"Eternal Feather"}],"event_choices":[{"damage_healed":0,"gold_gain":0,"player_choice":"Relic","damage_taken":0,"max_hp_gain":0,"max_hp_loss":0,"event_name":"Wheel of Change","floor":2,"gold_loss":0},{"cards_removed":["TimeWarp"],"damage_healed":0,"gold_gain":0,"player_choice":"Gave Card","damage_taken":0,"relics_obtained":["Grinning Jar"],"max_hp_gain":0,"max_hp_loss":0,"event_name":"WeMeetAgain","floor":11,"gold_loss":0}],"is_beta":false,"boss_relics":[],"items_purged_floors":[],"is_endless":false,"potions_floor_spawned":[3,7],"killed_by":"Fading Forest","ascension_level":0}}