{"host":"dpbezu80jg8zk7un","time":1610469380,"event":{"mods":["BaseMod","Colored Map","Colored Powertips","Custom Start","DeckTracker","Minty Spire (QoL Compilation)","Quick Restart","StSLib","SuperFastMode"],"gold_per_floor":[116,133,133,133,133,133,148,148,174,202,50,50,69,96,96,174,174,192,192,205,105,120,146,146,181,181,181,207,238,257,257,257,330,330,344,369,382,382,257,270,287,314,314,361,395,395,245,275,275,275,275,275,275,23,54,54],"floor_reached":57,"playtime":2269,"items_purged":["Strike_P","Strike_P","Strike_P","Defend_P","Defend_P"],"score":3458,"play_id":"a048810b-5fbd-4fba-b509-c63bd6e73c12","local_time":"20210113013620","is_ascension_mode":true,"campfire_choices":[{"data":"Eruption","floor":6.0,"key":"SMITH"},{"data":"Adaptation","floor":8.0,"key":"SMITH"},{"data":"Scrawl","floor":15.0,"key":"SMITH"},{"data":"Adaptation","floor":24.0,"key":"SMITH"},{"data":"EmptyMind","floor":27.0,"key":"SMITH"},{"data":"Vault","floor":32,"key":"SMITH"},{"floor":49,"key":"RECALL"},{"data":"MentalFortress","floor":53,"key":"SMITH"}],"circlet_count":0,"master_deck":["AscendersBane","Eruption+1","Vigilance","Tantrum","Adaptation+1","FlurryOfBlows","Adaptation+1","Scrawl+1","Vault+1","EmptyFist","EmptyMind+1","InnerPeace","FearNoEvil+1","MentalFortress+1"],"relics":["PureWater","MealTicket","Gambling Chip","Pen Nib","Runic Pyramid","Bronze Scales","Prayer Wheel","Red Mask","Philosopher\u0027s Stone","Bird Faced Urn","Toy Ornithopter","Question Card","Thread and Needle","Eternal Feather","Omamori","Membership Card","Strawberry"],"acts_visited":["Exordium","TheCity","TheBeyond","TheEnding"],"potions_floor_usage":[56,56,56,56],"damage_taken":[{"damage":0.0,"enemies":"2 Louse","floor":1.0,"turns":3.0},{"damage":0.0,"enemies":"Small Slimes","floor":2.0,"turns":2.0},{"damage":0.0,"enemies":"Cultist","floor":7.0,"turns":2.0},{"damage":14.0,"enemies":"Gremlin Nob","floor":10.0,"turns":3.0},{"damage":0.0,"enemies":"3 Louse","floor":13.0,"turns":3.0},{"damage":2.0,"enemies":"3 Sentries","floor":14.0,"turns":3.0},{"damage":0.0,"enemies":"Slime Boss","floor":16.0,"turns":4.0},{"damage":12.0,"enemies":"2 Thieves","floor":18.0,"turns":4.0},{"damage":4.0,"enemies":"3 Byrds","floor":20.0,"turns":3.0},{"damage":1.0,"enemies":"Centurion and Healer","floor":22.0,"turns":3.0},{"damage":2.0,"enemies":"Gremlin Leader","floor":23.0,"turns":4.0},{"damage":0.0,"enemies":"Book of Stabbing","floor":25.0,"turns":3.0},{"damage":18.0,"enemies":"Slavers","floor":28.0,"turns":6.0},{"damage":0.0,"enemies":"Masked Bandits","floor":29.0,"turns":2.0},{"damage":0.0,"enemies":"Snecko","floor":30.0,"turns":2.0},{"damage":0,"enemies":"Collector","floor":33,"turns":3},{"damage":0,"enemies":"3 Shapes","floor":35,"turns":2},{"damage":0,"enemies":"Mind Bloom Boss Battle","floor":36,"turns":2},{"damage":0,"enemies":"Orb Walker","floor":37,"turns":1},{"damage":0,"enemies":"Spire Growth","floor":40,"turns":2},{"damage":0,"enemies":"Sphere and 2 Shapes","floor":41,"turns":2},{"damage":0,"enemies":"Reptomancer","floor":42,"turns":2},{"damage":0,"enemies":"2 Orb Walkers","floor":44,"turns":1},{"damage":0,"enemies":"Giant Head","floor":45,"turns":1},{"damage":0,"enemies":"Nemesis","floor":48,"turns":1},{"damage":0,"enemies":"Donu and Deca","floor":50,"turns":1},{"damage":0,"enemies":"Time Eater","floor":51,"turns":4},{"damage":0,"enemies":"Shield and Spear","floor":55,"turns":1},{"damage":10,"enemies":"The Heart","floor":56,"turns":6}],"seed_played":"286098719254024129","potions_obtained":[{"floor":7.0,"key":"BottledMiracle"},{"floor":13.0,"key":"Fruit Juice"},{"floor":16.0,"key":"ColorlessPotion"},{"floor":18.0,"key":"Swift Potion"},{"floor":20.0,"key":"Regen Potion"},{"floor":28.0,"key":"EntropicBrew"}],"is_trial":false,"path_per_floor":["M","M","?","?","?","R","M","R","T","E","$","?","M","E","R","B",null,"M","?","M","$","M","E","R","E","T","R","E","?","M","?","R","B",null,"M","?","M","?","$","M","M","E","T","?","E","?","$","E","R","B","B",null,"R","$","E","B",null],"character_chosen":"WATCHER","items_purchased":["Adaptation","Membership Card"],"campfire_rested":0,"item_purchase_floors":[11,54],"current_hp_per_floor":[61,61,66,66,66,66,66,66,66,52,67,67,67,65,65,65,67,60,60,56,71,70,68,68,68,68,68,63,63,63,72,72,72,72,72,72,72,62,72,72,72,72,72,72,72,62,72,72,72,72,72,72,72,72,79,79],"gold":54,"neow_bonus":"REMOVE_TWO","is_daily":false,"chose_seed":false,"campfire_upgraded":7,"win_rate":0.0,"timestamp":1610469380,"path_taken":["M","M","?","?","?","R","M","R","T","E","$","?","?","E","R","BOSS","M","?","M","$","M","E","R","E","T","R","E","?","M","?","R","BOSS","M","?","M","?","$","M","M","E","T","?","E","?","$","E","R","BOSS","BOSS","R","$","E","BOSS"],"items_purchased_type":["Card","Relic"],"build_version":"2020-12-22","purchased_purges":5,"victory":true,"max_hp_per_floor":[62,62,67,67,67,67,67,67,67,67,67,67,67,67,67,67,67,72,72,72,72,72,72,72,72,72,72,72,72,72,72,72,72,72,72,72,72,72,72,72,72,72,72,72,72,72,72,72,72,72,72,72,72,72,79,79],"card_choices":[{"not_picked":["ThirdEye","EmptyFist"],"picked":"Tantrum","floor":1.0},{"not_picked":["Prostrate","SashWhip","Blasphemy"],"picked":"SKIP","floor":2.0},{"not_picked":["Fasting2","Swivel"],"picked":"Adaptation","floor":7.0},{"not_picked":["FlurryOfBlows","Evaluate","ClearTheMind"],"picked":"SKIP","floor":10.0},{"not_picked":["Evaluate","ClearTheMind"],"picked":"FlurryOfBlows","floor":10.0},{"not_picked":["PathToVictory","ClearTheMind","ForeignInfluence"],"picked":"SKIP","floor":13.0},{"not_picked":["FlurryOfBlows","FollowUp","Prostrate"],"picked":"SKIP","floor":14.0},{"not_picked":["MasterReality","Scrawl"],"picked":"Vault","floor":16.0},{"not_picked":["Pray","BowlingBash","Evaluate"],"picked":"SKIP","floor":18.0},{"not_picked":["ClearTheMind","Wireheading"],"picked":"EmptyFist","floor":20.0},{"not_picked":["CutThroughFate+1","Protect","ForeignInfluence+1"],"picked":"SKIP","floor":22.0},{"not_picked":["CrushJoints","FlurryOfBlows+1","ConjureBlade"],"picked":"SKIP","floor":23.0},{"not_picked":["Crescendo","BattleHymn"],"picked":"EmptyMind","floor":25.0},{"not_picked":["Tantrum+1","CrushJoints"],"picked":"InnerPeace","floor":28.0},{"not_picked":["CutThroughFate","PathToVictory"],"picked":"FearNoEvil+1","floor":30.0},{"not_picked":["Weave","Crescendo","ClearTheMind+1"],"picked":"SKIP","floor":30.0},{"not_picked":["WaveOfTheHand+1","EmptyFist","Adaptation+1"],"picked":"SKIP","floor":35},{"not_picked":["Tantrum","CrushJoints","CutThroughFate"],"picked":"SKIP","floor":35},{"not_picked":["Wireheading","Crescendo","JustLucky"],"picked":"SKIP","floor":37},{"not_picked":["FlurryOfBlows+1","BowlingBash+1","EmptyBody"],"picked":"SKIP","floor":37},{"not_picked":["BowlingBash+1","CutThroughFate+1"],"picked":"MentalFortress","floor":40},{"not_picked":["Meditate","Wireheading","Indignation"],"picked":"SKIP","floor":40},{"not_picked":["EmptyFist+1","CrushJoints","Evaluate"],"picked":"SKIP","floor":41},{"not_picked":["WindmillStrike","Halt","CutThroughFate+1"],"picked":"SKIP","floor":41},{"not_picked":["Omniscience","Worship","Conclude"],"picked":"SKIP","floor":42},{"not_picked":["Brilliance","Worship","Meditate+1","WaveOfTheHand"],"picked":"SKIP","floor":45},{"not_picked":["FlurryOfBlows","Sanctity","SashWhip+1","PathToVictory"],"picked":"SKIP","floor":48},{"not_picked":["ThirdEye","InnerPeace","Protect","FearNoEvil"],"picked":"SKIP","floor":55}],"player_experience":2869492,"relics_obtained":[{"floor":9.0,"key":"MealTicket"},{"floor":10.0,"key":"Gambling Chip"},{"floor":14.0,"key":"Pen Nib"},{"floor":23.0,"key":"Bronze Scales"},{"floor":28.0,"key":"Prayer Wheel"},{"floor":29.0,"key":"Red Mask"},{"floor":36,"key":"Bird Faced Urn"},{"floor":42,"key":"Toy Ornithopter"},{"floor":43,"key":"Question Card"},{"floor":44,"key":"Thread and Needle"},{"floor":45,"key":"Eternal Feather"},{"floor":48,"key":"Omamori"},{"floor":55,"key":"Strawberry"}],"event_choices":[{"damage_healed":0.0,"max_hp_gain":5.0,"max_hp_loss":0.0,"gold_gain":0.0,"event_name":"Big Fish","player_choice":"Donut","floor":3.0,"gold_loss":0.0,"damage_taken":0.0},{"cards_removed":["Defend_P"],"damage_healed":0.0,"max_hp_gain":0.0,"max_hp_loss":0.0,"gold_gain":0.0,"event_name":"Living Wall","player_choice":"Forget","floor":4.0,"gold_loss":0.0,"damage_taken":0.0},{"damage_healed":0.0,"max_hp_gain":0.0,"max_hp_loss":0.0,"gold_gain":0.0,"event_name":"Liars Game","player_choice":"Ignored","floor":5.0,"gold_loss":0.0,"damage_taken":0.0},{"damage_healed":0.0,"max_hp_gain":0.0,"max_hp_loss":0.0,"gold_gain":0.0,"event_name":"Match and Keep!","player_choice":"1 cards matched","floor":12.0,"gold_loss":0.0,"damage_taken":0.0,"cards_obtained":["Scrawl"]},{"damage_healed":0.0,"max_hp_gain":0.0,"max_hp_loss":0.0,"gold_gain":0.0,"event_name":"Ghosts","player_choice":"Ignored","floor":19.0,"gold_loss":0.0,"damage_taken":0.0},{"damage_healed":0.0,"max_hp_gain":0.0,"max_hp_loss":0.0,"gold_gain":0.0,"event_name":"Masked Bandits","player_choice":"Fought Bandits","floor":29.0,"gold_loss":0.0,"damage_taken":0.0},{"damage_healed":14,"gold_gain":0,"player_choice":"Heal","damage_taken":0,"max_hp_gain":0,"max_hp_loss":0,"event_name":"The Library","floor":31,"gold_loss":0},{"damage_healed":0,"gold_gain":0,"player_choice":"Fight","damage_taken":0,"max_hp_gain":0,"max_hp_loss":0,"event_name":"MindBloom","floor":36,"gold_loss":0},{"damage_healed":0,"gold_gain":0,"player_choice":"Memory 3","damage_taken":10,"max_hp_gain":0,"max_hp_loss":0,"event_name":"SensoryStone","floor":38,"gold_loss":0},{"damage_healed":0,"gold_gain":0,"player_choice":"Fight","damage_taken":0,"max_hp_gain":0,"max_hp_loss":0,"event_name":"Mysterious Sphere","floor":44,"gold_loss":0},{"damage_healed":0,"gold_gain":0,"player_choice":"Damaged","damage_taken":10,"max_hp_gain":0,"max_hp_loss":0,"event_name":"Wheel of Change","floor":46,"gold_loss":0}],"is_beta":false,"boss_relics":[{"not_picked":["Pandora\u0027s Box","SacredBark"],"picked":"Runic Pyramid"},{"not_picked":["Busted Crown","Velvet Choker"],"picked":"Philosopher\u0027s Stone"}],"items_purged_floors":[11,21,39,47,54],"is_endless":false,"potions_floor_spawned":[7,13,16,18,20,23,28,35,36,37,44,55],"ascension_level":20}}