{"host":"cjhtzh7tp54jdfyv","time":1610443385,"event":{"mods":["AchievementEnabler","BaseMod","Colored Map","Colored Powertips","Curses Come First","DeckTracker","Filter the Spire","Minty Spire (QoL Compilation)","RNG Fix","Relic Sorter","Relic Stats","StSLib","UnlockEverythingMod","ojb\u0027s Better Paths Mod","ojb\u0027s Info Mod"],"gold_per_floor":[115,129,129,147,166,194,214,244,269,269,284,284,305,348,348,348,348],"floor_reached":16,"playtime":884,"items_purged":[],"score":348,"play_id":"96762dcf-01d2-432b-8445-7139de6a2106","local_time":"20210112042305","is_ascension_mode":true,"campfire_choices":[{"floor":10,"key":"DIG"},{"floor":15,"key":"DIG"}],"circlet_count":0,"master_deck":["AscendersBane","Strike_P","Strike_P","Strike_P","Strike_P","Defend_P","Defend_P","Defend_P","Eruption","Vigilance","TalkToTheHand","BowlingBash","Conclude","Scrawl","Adaptation","EmptyMind"],"relics":["Fusion Hammer","Shovel","Gremlin Horn","Meat on the Bone","Golden Idol","Ancient Tea Set","HornCleat"],"acts_visited":["Exordium"],"potions_floor_usage":[8,16,16],"damage_taken":[{"damage":0,"enemies":"2 Louse","floor":1,"turns":3},{"damage":0,"enemies":"Cultist","floor":2,"turns":3},{"damage":7,"enemies":"Jaw Worm","floor":4,"turns":3},{"damage":7,"enemies":"Blue Slaver","floor":5,"turns":3},{"damage":0,"enemies":"3 Sentries","floor":6,"turns":3},{"damage":8,"enemies":"3 Louse","floor":7,"turns":2},{"damage":0,"enemies":"Lagavulin","floor":8,"turns":4},{"damage":0,"enemies":"Gremlin Gang","floor":11,"turns":1},{"damage":0,"enemies":"Exordium Wildlife","floor":13,"turns":2},{"damage":6,"enemies":"3 Sentries","floor":14,"turns":3},{"damage":44,"enemies":"Hexaghost","floor":16,"turns":9}],"seed_played":"2855765126782555716","potions_obtained":[{"floor":2,"key":"LiquidMemories"},{"floor":5,"key":"Fruit Juice"},{"floor":8,"key":"SteroidPotion"}],"is_trial":false,"path_per_floor":["M","M","?","M","M","E","M","E","T","R","M","?","M","E","R","B"],"character_chosen":"WATCHER","items_purchased":[],"campfire_rested":0,"item_purchase_floors":[],"current_hp_per_floor":[61,61,54,47,40,40,32,32,32,32,44,44,44,38,38,0,0],"gold":348,"neow_bonus":"BOSS_RELIC","is_daily":false,"chose_seed":false,"campfire_upgraded":0,"win_rate":0.0,"timestamp":1610443385,"path_taken":["M","M","?","M","M","E","M","E","T","R","M","?","M","E","R","BOSS"],"items_purchased_type":[],"build_version":"2020-12-22","purchased_purges":0,"victory":false,"max_hp_per_floor":[68,68,68,68,68,68,68,68,68,68,68,62,62,62,62,67,67],"relic_stats":{"Shovel":2,"Gremlin Horn":[3,3],"counters":[11,36],"Golden Idol":13,"obtain_stats":[{"Shovel":6,"HornCleat":15,"Gremlin Horn":8,"Golden Idol":12,"Fusion Hammer":0,"PureWater":0,"Ancient Tea Set":14,"Meat on the Bone":10},{"Shovel":5,"HornCleat":10,"Gremlin Horn":7,"Golden Idol":8,"Fusion Hammer":0,"PureWater":0,"Ancient Tea Set":10,"Meat on the Bone":7},{"Shovel":15,"HornCleat":27,"Gremlin Horn":21,"Golden Idol":22,"Fusion Hammer":0,"PureWater":0,"Ancient Tea Set":27,"Meat on the Bone":21}],"Meat on the Bone":12},"card_choices":[{"not_picked":["EmptyFist","ClearTheMind"],"picked":"TalkToTheHand","floor":1},{"not_picked":["Collect","FollowUp"],"picked":"BowlingBash","floor":2},{"not_picked":["ThirdEye","Halt","ClearTheMind"],"picked":"SKIP","floor":4},{"not_picked":["JustLucky","PathToVictory"],"picked":"Conclude","floor":5},{"not_picked":["Consecrate","Fasting2","LikeWater"],"picked":"SKIP","floor":6},{"not_picked":["Prostrate","FlyingSleeves"],"picked":"Scrawl","floor":7},{"not_picked":["EmptyBody","Collect","ClearTheMind"],"picked":"SKIP","floor":8},{"not_picked":["Crescendo","Evaluate","Study"],"picked":"SKIP","floor":11},{"not_picked":["CrushJoints","Perseverance"],"picked":"Adaptation","floor":13},{"not_picked":["Meditate","EmptyBody"],"picked":"EmptyMind","floor":14}],"player_experience":4477956,"relics_obtained":[{"floor":6,"key":"Shovel"},{"floor":8,"key":"Gremlin Horn"},{"floor":10,"key":"Meat on the Bone"},{"floor":14,"key":"Ancient Tea Set"},{"floor":15,"key":"HornCleat"}],"event_choices":[{"cards_removed":["Defend_P"],"damage_healed":0,"gold_gain":0,"player_choice":"Card Removal","damage_taken":7,"max_hp_gain":0,"max_hp_loss":0,"event_name":"Golden Wing","floor":3,"gold_loss":0},{"damage_healed":0,"gold_gain":0,"player_choice":"Lose Max HP","damage_taken":0,"relics_obtained":["Golden Idol"],"max_hp_gain":0,"max_hp_loss":6,"event_name":"Golden Idol","floor":12,"gold_loss":0}],"is_beta":false,"boss_relics":[],"items_purged_floors":[],"is_endless":false,"potions_floor_spawned":[2,5,8,11],"killed_by":"Hexaghost","ascension_level":20}}