{"host":"2lvuisjyit3p3u01","time":1610473118,"event":{"mods":["Act Like it!","BaseMod","Bestiary","Better Synergies","CapriCore","Colored Map","Colored Powertips","Duelist Mod","GifTheSpireLib","Minty Spire (QoL Compilation)","Quick Restart","Replay The Spire","StSLib"],"gold_per_floor":[137,137,152,165,8,8,38,38,38,69,81,93,131,154,166,283,295,322,348,23,42,42,77,77,27,27,27,27,40,0,31,31,128,128,143,222,238,252,270,270,299,299,299,299,369,74,74,121,121,121],"floor_reached":51,"playtime":2603,"items_purged":["theDuelist:StormSparks+1","Voices"],"score":1130,"play_id":"83d2f827-fdcc-4db8-9db3-f39a6e3437e5","local_time":"20210112193838","is_ascension_mode":true,"campfire_choices":[{"data":"theDuelist:BoosterDragon","floor":6.0,"key":"SMITH"},{"data":"theDuelist:StardustDragon","floor":11.0,"key":"SMITH"},{"floor":15.0,"key":"REST"},{"data":"theDuelist:DragonMirror","floor":24.0,"key":"SMITH"},{"floor":28.0,"key":"REST"},{"floor":32.0,"key":"REST"},{"floor":40,"key":"REST"},{"data":"theDuelist:TotemDragon","floor":42,"key":"SMITH"}],"circlet_count":0,"master_deck":["theDuelist:BabyDragon+1","theDuelist:CaveDragon","theDuelist:CaveDragon","theDuelist:LesserDragon","theDuelist:LesserDragon","theDuelist:Sparks","theDuelist:YamataDragon","theDuelist:StardustDragon+1","theDuelist:BoosterDragon+1","theDuelist:Freezadon","theDuelist:ForbiddenLance","theDuelist:WaterDragon","theDuelist:DragonMirror+1","theDuelist:TotemDragon+1","theDuelist:BurstBreath+1","theDuelist:MaskedDragon","theDuelist:MirageDragon+1","theDuelist:TwinHeadedFire","theDuelist:SeismicShockwave","theDuelist:Hinotama+2","theDuelist:BerserkScales+1","theDuelist:TwinBarrelDragon","theDuelist:PotGreed+1","theDuelist:CyberTwinDragon","theDuelist:CastleDragonSouls+1","theDuelist:BlizzardDragon"],"relics":["theDuelist:MillenniumPuzzle","theDuelist:CardPoolRelic","theDuelist:CardPoolBasicRelic","theDuelist:BoosterPackPoolRelic","theDuelist:CardPoolAddRelic","theDuelist:CardPoolMinusRelic","theDuelist:CardPoolSaveRelic","theDuelist:CardPoolOptionsRelic","theDuelist:MarkExxod","Darkstone Periapt","theDuelist:ResummonBranch","MawBank","Red Skull","Empty Cage","Simple Rune","ReplayTheSpireMod:Ring of Collecting","Ring of Hypnosis","theDuelist:DragonBurnRelic","Ring of Fury","Calipers","theDuelist:GiftAnubis","Philosopher\u0027s Stone","Dream Catcher","Replay:Rubber Ducky","ReplayTheSpireMod:Ring of Challenge","Pet Ghost","Kunai","Frozen Eye","Durian","theDuelist:SpellMaxHPRelic","TungstenRod"],"acts_visited":["Exordium","TheCity","TheBeyond"],"potions_floor_usage":[38,39,45,50,50,50],"damage_taken":[{"damage":4.0,"enemies":"Jaw Worm","floor":1.0,"turns":2.0},{"damage":0.0,"enemies":"Cultist","floor":3.0,"turns":2.0},{"damage":0.0,"enemies":"2 Louse","floor":4.0,"turns":2.0},{"damage":12.0,"enemies":"Lagavulin","floor":7.0,"turns":4.0},{"damage":13.0,"enemies":"Exordium Thugs","floor":10.0,"turns":5.0},{"damage":6.0,"enemies":"Replay:BlueRogue","floor":13.0,"turns":4.0},{"damage":6.0,"enemies":"Looter","floor":14.0,"turns":2.0},{"damage":18.0,"enemies":"Slime Boss","floor":16.0,"turns":11.0},{"damage":8.0,"enemies":"Spheric Guardian","floor":18.0,"turns":5.0},{"damage":0.0,"enemies":"Shell Parasite","floor":19.0,"turns":1.0},{"damage":0.0,"enemies":"Centurion and Healer","floor":21.0,"turns":5.0},{"damage":9.0,"enemies":"Book of Stabbing","floor":23.0,"turns":6.0},{"damage":21.0,"enemies":"Cultist and Chosen","floor":29.0,"turns":5.0},{"damage":9.0,"enemies":"theDuelist:KaibaA2","floor":31.0,"turns":4.0},{"damage":67.0,"enemies":"Champ","floor":33.0,"turns":7.0},{"damage":16.0,"enemies":"3 Shapes","floor":35.0,"turns":2.0},{"damage":0,"enemies":"Orb Walker","floor":37,"turns":1},{"damage":18,"enemies":"Transient","floor":38,"turns":5},{"damage":0,"enemies":"3 Darklings","floor":39,"turns":3},{"damage":9,"enemies":"Giant Head","floor":41,"turns":4},{"damage":26,"enemies":"R_Hoarder","floor":45,"turns":4},{"damage":0,"enemies":"R_Hoarder","floor":48,"turns":5},{"damage":5,"enemies":"Time Eater","floor":50,"turns":5}],"seed_played":"8531288189182734777","potions_obtained":[{"floor":1.0,"key":"theDuelist:BurningPotion"},{"floor":10.0,"key":"theDuelist:OrbBottle"},{"floor":14.0,"key":"theDuelist:TributeBottle"},{"floor":16.0,"key":"HeartOfIron"},{"floor":18.0,"key":"Fire Potion"},{"floor":19.0,"key":"BlessingOfTheForge"},{"floor":21.0,"key":"Dexterity Potion"},{"floor":29.0,"key":"Weak Potion"},{"floor":36.0,"key":"theDuelist:BurningPotion"},{"floor":37,"key":"FearPotion"},{"floor":41,"key":"SkillPotion"},{"floor":48,"key":"theDuelist:IcePotion"},{"floor":49,"key":"theDuelist:WaterBottle"},{"floor":49,"key":"theDuelist:DragonSoulPotion"}],"is_trial":false,"path_per_floor":["M","?","M","M","$","R","E","?","T","M","R","?","E","M","R","B",null,"M","M","$","M","?","E","R","$","T","?","R","M","?","E","R","B",null,"M","?","M","M","M","R","E","R","T","?","E","$","?","?","R_BF","B",null],"character_chosen":"THE_DUELIST","items_purchased":["theDuelist:MarkExxod","theDuelist:BurstBreath+1","Simple Rune","theDuelist:MaskedDragon","theDuelist:TwinHeadedFire","theDuelist:BlizzardDragon","Frozen Eye"],"campfire_rested":4,"item_purchase_floors":[5,20,20,20,25,46,46],"current_hp_per_floor":[68,68,68,68,78,78,66,72,72,59,59,59,53,47,75,57,86,78,78,78,78,84,75,75,75,75,54,86,65,65,56,88,21,86,70,70,70,52,52,84,75,75,75,75,49,49,49,54,54,53],"gold":121,"neow_bonus":"RANDOM_EVENT","is_daily":false,"chose_seed":false,"campfire_upgraded":4,"win_rate":0.0,"timestamp":1610473118,"path_taken":["M","?","?","M","?","R","E","?","T","M","R","?","E","?","R","BOSS","M","M","$","M","?","E","R","$","T","?","R","M","?","E","R","BOSS","M","?","?","M","M","R","E","R","T","?","E","$","?","?","R_BF","BOSS"],"items_purchased_type":["Relic","Card","Relic","Card","Card","Card","Relic"],"build_version":"2020-12-22","purchased_purges":2,"victory":true,"max_hp_per_floor":[80,80,80,80,90,90,90,96,96,96,96,96,96,96,96,96,96,96,96,96,96,102,102,102,102,102,107,107,107,107,107,107,107,107,107,107,107,107,107,107,107,107,107,107,107,107,107,112,112,112],"card_choices":[{"not_picked":["theDuelist:RainbowOverdragon","theDuelist:GreenGraveOni","theDuelist:Jinzo","theDuelist:Mausoleum","theDuelist:RainbowBridge"],"picked":"SKIP","floor":1.0},{"not_picked":["theDuelist:VoidOgreDragon","theDuelist:SliferSky","theDuelist:Scapegoat","theDuelist:FiveHeaded"],"picked":"theDuelist:StardustDragon","floor":3.0},{"not_picked":["theDuelist:WhiteHowling","theDuelist:SystemDown","theDuelist:AutorokketDragon"],"picked":"theDuelist:BoosterDragon","floor":4.0},{"not_picked":["theDuelist:BlackPtera","theDuelist:DefenseZone","theDuelist:MegafleetDragon","theDuelist:Pyrorex","theDuelist:Carboneddon"],"picked":"SKIP","floor":7.0},{"not_picked":["theDuelist:Kabazauls","theDuelist:CloudianGhost","theDuelist:EyeTimaeus","theDuelist:SpiralSpearStrike"],"picked":"theDuelist:Freezadon","floor":10.0},{"not_picked":["theDuelist:BattleguardKing","theDuelist:BigFire","theDuelist:Hinotama","theDuelist:RainbowOverdragon"],"picked":"theDuelist:ForbiddenLance","floor":13.0},{"not_picked":["theDuelist:MadSwordBeast","theDuelist:GiantRex","theDuelist:BarrelDragon","theDuelist:MadFlameKaiju","theDuelist:BlackStego"],"picked":"SKIP","floor":14.0},{"not_picked":["theDuelist:SliferSky","theDuelist:Scapegoat","theDuelist:OceanDragonLord","theDuelist:BlasterDragonInfernos"],"picked":"theDuelist:WaterDragon","floor":16.0},{"not_picked":["theDuelist:StampingDestruction+1","theDuelist:FluteSummoning","theDuelist:SilverWing","theDuelist:DragonTreasure"],"picked":"theDuelist:DragonMirror","floor":18.0},{"not_picked":["theDuelist:RedEyes","theDuelist:SoulCharge","theDuelist:BlackTyranno+1","theDuelist:ArtifactSanctum"],"picked":"theDuelist:TotemDragon","floor":19.0},{"not_picked":["theDuelist:BattleguardKing","theDuelist:BigFire+1","theDuelist:ForbiddenLance","theDuelist:LightningDarts","theDuelist:SmashingGround"],"picked":"SKIP","floor":21.0},{"not_picked":["theDuelist:BabyDragon","theDuelist:Pyrorex","theDuelist:CyberDinosaur+1","theDuelist:WhiteNightDragon+1"],"picked":"theDuelist:MirageDragon+1","floor":23.0},{"not_picked":["theDuelist:Earthquake","theDuelist:CyberDinosaur","theDuelist:StarlightRoad","theDuelist:SnowDragon+1","theDuelist:BoosterDragon"],"picked":"SKIP","floor":29.0},{"not_picked":["theDuelist:MaskedDragon","theDuelist:BlackStego","theDuelist:ViceDragon","theDuelist:DarkHorus+1","theDuelist:DarkDriceratops"],"picked":"SKIP","floor":31.0},{"not_picked":["theDuelist:VoidOgreDragon+1","theDuelist:LostWorld","theDuelist:GaiaDragonChamp","theDuelist:BusterBladerDDS+1"],"picked":"theDuelist:SeismicShockwave","floor":33.0},{"not_picked":["theDuelist:StrayLambs+1","theDuelist:DarkCreator+1","theDuelist:ShardGreed+1","theDuelist:PreventRat+1"],"picked":"theDuelist:Hinotama+2","floor":35.0},{"not_picked":["theDuelist:Scapegoat","theDuelist:GaiaDragonChamp+1","theDuelist:DragonMastery+1","theDuelist:GravityLash+1"],"picked":"theDuelist:BerserkScales+1","floor":36.0},{"not_picked":["theDuelist:MaskedDragon+1","theDuelist:DarkHorus","theDuelist:GiantRex+1","theDuelist:RedEyesZombie"],"picked":"theDuelist:TwinBarrelDragon","floor":37},{"not_picked":["theDuelist:LightningDarts","theDuelist:RainbowOverdragon","theDuelist:RedMedicine+1","theDuelist:GoldenApples+1"],"picked":"theDuelist:PotGreed+1","floor":38},{"not_picked":["theDuelist:MadSwordBeast+1","theDuelist:TwinHeadedFire+1","theDuelist:DragonPiper+1","theDuelist:ScrapIronScarecrow+1","theDuelist:RedHeadedOni+1"],"picked":"SKIP","floor":39},{"not_picked":["theDuelist:CaveDragon+1","theDuelist:MaskedDragon"],"picked":"theDuelist:CyberTwinDragon","floor":40},{"not_picked":["theDuelist:MiraculousDescent+1","theDuelist:SilverWing+1","theDuelist:BoosterDragon+1","theDuelist:Vandalgyon+1"],"picked":"theDuelist:CastleDragonSouls+1","floor":41},{"not_picked":["theDuelist:BlackPtera","theDuelist:MadSwordBeast+1","theDuelist:MirageDragon","theDuelist:YamataDragon","theDuelist:TrihornedDragon"],"picked":"SKIP","floor":45}],"player_experience":293691,"relics_obtained":[{"floor":7.0,"key":"Darkstone Periapt"},{"floor":9.0,"key":"MawBank"},{"floor":13.0,"key":"Red Skull"},{"floor":22.0,"key":"ReplayTheSpireMod:Ring of Collecting"},{"floor":22.0,"key":"Ring of Hypnosis"},{"floor":23.0,"key":"theDuelist:DragonBurnRelic"},{"floor":26.0,"key":"Ring of Fury"},{"floor":26.0,"key":"Calipers"},{"floor":31.0,"key":"theDuelist:GiftAnubis"},{"floor":36.0,"key":"Dream Catcher"},{"floor":41,"key":"Replay:Rubber Ducky"},{"floor":43,"key":"ReplayTheSpireMod:Ring of Challenge"},{"floor":43,"key":"Pet Ghost"},{"floor":45,"key":"Kunai"},{"floor":48,"key":"Durian"},{"floor":48,"key":"theDuelist:SpellMaxHPRelic"},{"floor":48,"key":"TungstenRod"}],"event_choices":[{"damage_healed":0.0,"max_hp_gain":0.0,"max_hp_loss":0.0,"gold_gain":0.0,"event_name":"Card Trader","player_choice":"Leave","duelist":true,"floor":2.0,"gold_loss":0.0,"damage_taken":0.0},{"damage_healed":0.0,"max_hp_gain":0.0,"max_hp_loss":0.0,"gold_gain":0.0,"event_name":"Millennium Items","player_choice":"Took item - Received: Millennium Branch","duelist":true,"floor":8.0,"gold_loss":0.0,"damage_taken":0.0},{"damage_healed":0.0,"max_hp_gain":0.0,"max_hp_loss":0.0,"gold_gain":0.0,"event_name":"Living Wall","player_choice":"Grow","floor":12.0,"gold_loss":0.0,"damage_taken":0.0,"cards_upgraded":["theDuelist:BabyDragon"]},{"damage_healed":0.0,"max_hp_gain":5.0,"max_hp_loss":0.0,"gold_gain":0.0,"event_name":"Forgotten Altar","player_choice":"Shed Blood","floor":27.0,"gold_loss":0.0,"damage_taken":26.0},{"damage_healed":0.0,"max_hp_gain":0.0,"max_hp_loss":0.0,"gold_gain":0.0,"event_name":"Masked Bandits","player_choice":"Paid Fearfully","floor":30.0,"gold_loss":40.0,"damage_taken":0.0},{"damage_healed":0,"gold_gain":0,"player_choice":"Memory 1","damage_taken":0,"max_hp_gain":0,"max_hp_loss":0,"event_name":"SensoryStone","floor":44,"gold_loss":0},{"damage_healed":0,"gold_gain":0,"player_choice":"Leave","duelist":true,"damage_taken":0,"max_hp_gain":0,"max_hp_loss":0,"event_name":"Card Trader","floor":47,"gold_loss":0},{"damage_healed":0,"gold_gain":0,"player_choice":"Fight","duelist":true,"damage_taken":0,"max_hp_gain":0,"max_hp_loss":0,"event_name":"Battle City","floor":48,"gold_loss":0}],"is_beta":false,"boss_relics":[{"not_picked":["Ring of Chaos","SlaversCollar"],"picked":"Empty Cage"},{"not_picked":["Runic Dome","Painkiller Herb"],"picked":"Philosopher\u0027s Stone"}],"items_purged_floors":[20,46],"is_endless":false,"potions_floor_spawned":[1,10,14,16,18,19,21,29,37,41,48],"ascension_level":7}}