{"host":"hw13b7hbn5su36xt","time":1610410789,"event":{"mods":["2.2 Compatiblity","BaseMod","Bestiary","Colored Map","Colored Powertips","Curses Come First","Dark Map","Downfall","Highlight Path","Minty Spire (QoL Compilation)","RNG Fix","Relic Filter","Relic Sorter","Relic Stats","StSLib"],"gold_per_floor":[0,19,19,29,48,74,74,74,85,85,185,185,245,262,272,272,272,272],"floor_reached":16,"playtime":1076,"items_purged":[],"score":112,"play_id":"d89801e6-17de-4d03-a6d7-2a05c3923e95","local_time":"20210112001949","is_ascension_mode":true,"campfire_choices":[{"data":"champ:Taunt","floor":1,"key":"SMITH"},{"data":"champ:SteelEdge","floor":8,"key":"SMITH"},{"data":"champ:PreciseThrust","floor":10,"key":"SMITH"},{"data":"champ:SkillfulDodge","floor":12,"key":"SMITH"}],"circlet_count":0,"master_deck":["champ:Strike","champ:Strike","champ:Strike","champ:Strike","champ:Defend","champ:Defend","champ:Defend","champ:Execute","champ:Taunt+1","champ:SteelEdge+1","champ:PreciseThrust+1","champ:Haymaker","champ:SkillfulDodge+1","champ:StanceDance","champ:CrookedStrike","champ:FlashCut","champ:AdrenalArmor"],"relics":["champ:ChampionCrown","Meat on the Bone","Mercury Hourglass","Toy Ornithopter","White Beast Statue"],"acts_visited":["Exordium"],"potions_floor_usage":[6,9,13,13,13,13,14,14,15,16,16],"damage_taken":[{"damage":8,"enemies":"Cultist","floor":2,"turns":5},{"damage":12,"enemies":"2 Louse","floor":4,"turns":3},{"damage":9,"enemies":"Small Slimes","floor":5,"turns":3},{"damage":15,"enemies":"Lagavulin","floor":6,"turns":8},{"damage":0,"enemies":"2 Fungi Beasts","floor":9,"turns":3},{"damage":68,"enemies":"downfall:LadyInBlue","floor":11,"turns":10},{"damage":0,"enemies":"Gremlin Nob","floor":13,"turns":3},{"damage":6,"enemies":"Exordium Thugs","floor":14,"turns":4},{"damage":3,"enemies":"Gremlin Gang","floor":15,"turns":4},{"damage":79,"enemies":"downfall:Defect","floor":16,"turns":10}],"seed_played":"-4207166033343420257","potions_obtained":[{"floor":5,"key":"Block Potion"},{"floor":6,"key":"Regen Potion"},{"floor":11,"key":"EntropicBrew"},{"floor":11,"key":"EssenceOfSteel"},{"floor":11,"key":"champ:CounterPotion"},{"floor":13,"key":"Guardian:BlockOnCardUsePotion"},{"floor":14,"key":"Block Potion"},{"floor":15,"key":"Dexterity Potion"}],"is_trial":false,"path_per_floor":["R","M","?","M","M","E","T","R","M","R","?","R","?","M","M","B"],"character_chosen":"THE_CHAMP","items_purchased":[],"campfire_rested":0,"item_purchase_floors":[],"current_hp_per_floor":[90,85,85,78,74,67,67,67,76,76,35,35,55,63,67,0,0,0],"gold":272,"neow_bonus":"THREE_RARE_CARDS","is_daily":false,"chose_seed":false,"campfire_upgraded":4,"win_rate":0.0,"timestamp":1610410789,"path_taken":["R","M","?","M","M","E","T","R","M","R","?","R","?","M","M","BOSS"],"items_purchased_type":[],"build_version":"2020-12-22","purchased_purges":0,"victory":false,"max_hp_per_floor":[90,90,90,90,90,90,90,90,90,90,90,90,90,90,90,90,90,90],"relic_stats":{"counters":[10,53],"obtain_stats":[{"champ:ChampionCrown":0,"Toy Ornithopter":11,"White Beast Statue":13,"Meat on the Bone":6,"Mercury Hourglass":7},{"champ:ChampionCrown":0,"Toy Ornithopter":6,"White Beast Statue":7,"Meat on the Bone":4,"Mercury Hourglass":4},{"champ:ChampionCrown":0,"Toy Ornithopter":32,"White Beast Statue":35,"Meat on the Bone":19,"Mercury Hourglass":19}],"Toy Ornithopter":45,"Meat on the Bone":12,"Mercury Hourglass":[97]},"card_choices":[{"not_picked":["champ:HoldFirm","champ:StrikeOfGenius"],"picked":"champ:SteelEdge","floor":0},{"not_picked":["champ:FanOfKnives","champ:Backstep"],"picked":"champ:PreciseThrust","floor":2},{"not_picked":["champ:BerserkerStyle","champ:ShieldSigil"],"picked":"champ:SkillfulDodge","floor":4},{"not_picked":["champ:CrookedStrike","champ:ShieldSigil"],"picked":"champ:StanceDance","floor":5},{"not_picked":["champ:AdrenalArmor","champ:BringItOn"],"picked":"champ:CrookedStrike","floor":6},{"not_picked":["champ:Backstep","champ:CrookedStrike"],"picked":"champ:FlashCut","floor":9},{"not_picked":["champ:StrikeOfGenius","champ:FightOn"],"picked":"champ:AdrenalArmor","floor":11},{"not_picked":["champ:BerserkerStyle","champ:ViciousMockery","champ:AdrenalArmor"],"picked":"SKIP","floor":14},{"not_picked":["champ:RageSigil","champ:PerfectedStrike","champ:Aggression"],"picked":"SKIP","floor":15}],"player_experience":367928,"relics_obtained":[{"floor":6,"key":"Meat on the Bone"},{"floor":7,"key":"Mercury Hourglass"},{"floor":11,"key":"Toy Ornithopter"},{"floor":13,"key":"White Beast Statue"}],"event_choices":[{"damage_healed":0,"gold_gain":0,"cards_transformed":["champ:Defend"],"player_choice":"Transformed","damage_taken":0,"max_hp_gain":0,"max_hp_loss":0,"event_name":"Transmorgrifier","floor":3,"gold_loss":0,"cards_obtained":["champ:Haymaker"]}],"is_beta":false,"boss_relics":[],"items_purged_floors":[],"is_endless":false,"potions_floor_spawned":[5,6,13,14,15],"killed_by":"downfall:Defect","ascension_level":2}}