{"host":"2m78pqva0leqn903","time":1610495620,"event":{"mods":["BaseMod","Minty Spire (QoL Compilation)","StSLib","TestMod"],"gold_per_floor":[119,130,150,150,150,183,120,135,160,190,209,234,258,284,284,389,389,389,349,249,249,249,249,249,124,124,124,124],"floor_reached":27,"language":"ZHS","playtime":1499,"items_purged":["Strike_P","Defend_P","Defend_P"],"score":272,"play_id":"4b133106-5ed0-4b8d-a038-00db60ddc257","local_time":"20210113075340","is_ascension_mode":true,"campfire_choices":[{"data":"Eruption","floor":15,"key":"SMITH"}],"circlet_count":0,"master_deck":["Strike_P","Strike_P","Defend_P+1","Defend_P","Eruption+1","Vigilance+1","MentalFortress","ClearTheMind","FearNoEvil","Tantrum","Conclude","Ragnarok","Perseverance","Fasting2","Vengeance"],"relics":["PureWater","testmod-BlackFramedGlasses","testmod-TestBox","MawBank","Pen Nib","Bag of Preparation","Bottled Flame","testmod-Antiphasic","Sundial","Ectoplasm","Pantograph","Nunchaku"],"acts_visited":["Exordium","TheCity"],"potions_floor_usage":[10,14],"damage_taken":[{"damage":0,"enemies":"2 Louse","floor":1,"turns":1},{"damage":0,"enemies":"Jaw Worm","floor":2,"turns":1},{"damage":0,"enemies":"Small Slimes","floor":3,"turns":1},{"damage":6,"enemies":"Gremlin Nob","floor":6,"turns":4},{"damage":16,"enemies":"Exordium Thugs","floor":8,"turns":5},{"damage":35,"enemies":"3 Sentries","floor":10,"turns":8},{"damage":0,"enemies":"Large Slime","floor":11,"turns":3},{"damage":19,"enemies":"Lagavulin","floor":12,"turns":5},{"damage":9,"enemies":"3 Sentries","floor":14,"turns":2},{"damage":4,"enemies":"Slime Boss","floor":16,"turns":5},{"damage":17,"enemies":"3 Byrds","floor":18,"turns":3},{"damage":0,"enemies":"Shell Parasite","floor":22,"turns":2},{"damage":50,"enemies":"Slavers","floor":23,"turns":7},{"damage":18,"enemies":"Gremlin Leader","floor":27,"turns":1}],"seed_played":"-3726235868464189830","potions_obtained":[{"floor":1,"key":"GamblersBrew"},{"floor":3,"key":"BottledMiracle"},{"floor":10,"key":"Fire Potion"},{"floor":12,"key":"BottledMiracle"},{"floor":14,"key":"EssenceOfSteel"}],"is_trial":false,"path_per_floor":["M","M","M","?","?","E","$","M","T","E","M","E","T","E","R","B",null,"M","?","$","$","M","E","?","$","T","E"],"character_chosen":"WATCHER","items_purchased":[],"campfire_rested":0,"item_purchase_floors":[],"current_hp_per_floor":[72,72,72,72,65,63,63,52,52,25,28,14,14,7,7,8,72,57,57,57,57,59,16,16,16,16,0,0],"gold":124,"neow_bonus":"THREE_ENEMY_KILL","is_daily":false,"chose_seed":false,"campfire_upgraded":1,"win_rate":0.0,"timestamp":1610495620,"path_taken":["M","M","M","?","?","E","$","M","T","E","M","E","?","E","R","BOSS","M","?","?","$","M","E","?","$","T","E"],"items_purchased_type":[],"build_version":"2020-12-22","purchased_purges":3,"victory":false,"max_hp_per_floor":[72,72,72,72,72,72,72,72,72,72,72,72,72,72,72,72,72,72,72,72,72,72,72,72,72,72,72,72],"card_choices":[{"not_picked":["SashWhip","FlurryOfBlows"],"picked":"MentalFortress","floor":1},{"not_picked":["Nirvana","Indignation"],"picked":"ClearTheMind","floor":2},{"not_picked":["Protect","FlyingSleeves"],"picked":"FearNoEvil","floor":3},{"not_picked":["CrushJoints","BowlingBash"],"picked":"Tantrum","floor":6},{"not_picked":["Blasphemy","TalkToTheHand","ClearTheMind"],"picked":"SKIP","floor":8},{"not_picked":["Protect","LessonLearned"],"picked":"Conclude","floor":10},{"not_picked":["FlurryOfBlows","EmptyFist","EmptyBody"],"picked":"SKIP","floor":11},{"not_picked":["BowlingBash","Consecrate"],"picked":"Ragnarok","floor":12},{"not_picked":["MentalFortress","Consecrate"],"picked":"Perseverance","floor":14},{"not_picked":["FlurryOfBlows","Conclude+1","BowlingBash+1"],"picked":"SKIP","floor":18},{"not_picked":["BowlingBash+1","Vault"],"picked":"Fasting2","floor":22},{"not_picked":["MentalFortress","Indignation"],"picked":"Vengeance","floor":23}],"player_experience":906918,"relics_obtained":[{"floor":6,"key":"MawBank"},{"floor":9,"key":"Pen Nib"},{"floor":10,"key":"Bag of Preparation"},{"floor":12,"key":"Bottled Flame"},{"floor":13,"key":"testmod-Antiphasic"},{"floor":14,"key":"Sundial"},{"floor":23,"key":"Pantograph"},{"floor":26,"key":"Nunchaku"}],"event_choices":[{"damage_healed":0,"gold_gain":0,"player_choice":"Swap Relic","damage_taken":0,"relics_obtained":["testmod-TestBox"],"max_hp_gain":0,"max_hp_loss":0,"event_name":"给自己的盒子","floor":4,"relics_lost":["testmod-TestBox"],"gold_loss":0},{"cards_removed":["Strike_P"],"damage_healed":0,"gold_gain":0,"player_choice":"Card Removal","damage_taken":7,"max_hp_gain":0,"max_hp_loss":0,"event_name":"Golden Wing","floor":5,"gold_loss":0},{"damage_healed":0,"gold_gain":0,"player_choice":"Upgraded Two","damage_taken":0,"max_hp_gain":0,"max_hp_loss":0,"event_name":"Designer","floor":19,"gold_loss":40,"cards_upgraded":["Defend_P","Vigilance"]},{"damage_healed":0,"gold_gain":400,"player_choice":"Sell","damage_taken":0,"max_hp_gain":0,"max_hp_loss":0,"event_name":"恩洛斯的盘子","floor":24,"relics_lost":["NeowsBlessing"],"gold_loss":0}],"is_beta":false,"boss_relics":[{"not_picked":["testmod-StringDisintegrator","testmod-CardMagician"],"picked":"Ectoplasm"}],"items_purged_floors":[7,20,25],"is_endless":false,"potions_floor_spawned":[1,3,10,12,14,16,22],"killed_by":"Gremlin Leader","ascension_level":1}}