{"host":"y3h3n3f7seyagppx","time":1610467609,"event":{"mods":["AlwaysNeverKeys","BaseMod","Better Vampires","Colored Powertips","DeckTracker","Emptier Cage","Minty Spire (QoL Compilation)","Permanent Neow","Quick Restart","Rare Cards Sparkle","Relic Sorter","Relic Stats","StSLib","Transform Curses"],"gold_per_floor":[119,119,129,54,69,106,106,136,136,211,40,40,40],"floor_reached":12,"playtime":806,"items_purged":["Strike_R"],"score":172,"play_id":"8fb0e858-21a8-41d7-a7ca-574a01bf2e5a","local_time":"20210112110649","is_ascension_mode":true,"campfire_choices":[{"data":"Bash","floor":7,"key":"SMITH"}],"circlet_count":0,"master_deck":["AscendersBane","Strike_R","Strike_R","Strike_R","Strike_R","Defend_R","Defend_R","Defend_R","Defend_R","Bash+1","Secret Weapon","Anger","Shrug It Off","Power Through","Dropkick"],"relics":["Burning Blood","CeramicFish","Mercury Hourglass","Potion Belt","Toolbox"],"acts_visited":["Exordium"],"potions_floor_usage":[8,12],"damage_taken":[{"damage":9,"enemies":"Jaw Worm","floor":1,"turns":4},{"damage":1,"enemies":"Cultist","floor":3,"turns":3},{"damage":1,"enemies":"Small Slimes","floor":5,"turns":3},{"damage":34,"enemies":"Lagavulin","floor":6,"turns":8},{"damage":24,"enemies":"Gremlin Nob","floor":8,"turns":4},{"damage":17,"enemies":"3 Sentries","floor":12,"turns":4}],"seed_played":"-9193423829878161418","potions_obtained":[{"floor":1,"key":"Block Potion"},{"floor":8,"key":"AttackPotion"}],"is_trial":false,"path_per_floor":["M","?","M","$","M","E","R","E","T","?","$","E"],"character_chosen":"IRONCLAD","items_purchased":["Toolbox"],"campfire_rested":0,"item_purchase_floors":[11],"current_hp_per_floor":[65,65,68,68,68,40,40,22,22,11,11,0,0],"gold":40,"neow_bonus":"RANDOM_COLORLESS_2","is_daily":false,"chose_seed":false,"campfire_upgraded":1,"win_rate":0.0,"timestamp":1610467609,"path_taken":["M","?","M","?","M","E","R","E","T","?","$","E"],"items_purchased_type":["Relic"],"build_version":"2020-12-22","purchased_purges":1,"victory":false,"max_hp_per_floor":[68,68,68,68,68,68,68,68,68,68,68,68,68],"relic_stats":{"counters":[6,26],"CeramicFish":9,"obtain_stats":[{"Potion Belt":9,"CeramicFish":6,"Toolbox":11,"Burning Blood":0,"Mercury Hourglass":8},{"Potion Belt":5,"CeramicFish":4,"Toolbox":5,"Burning Blood":0,"Mercury Hourglass":5},{"Potion Belt":22,"CeramicFish":18,"Toolbox":22,"Burning Blood":0,"Mercury Hourglass":22}],"Burning Blood":23,"Mercury Hourglass":[27]},"card_choices":[{"not_picked":["Mayhem","Metamorphosis"],"picked":"Secret Weapon","floor":0},{"not_picked":["Rage","True Grit"],"picked":"Anger","floor":1},{"not_picked":["Iron Wave","Clothesline"],"picked":"Shrug It Off","floor":3},{"not_picked":["Body Slam","Rage"],"picked":"Power Through","floor":5},{"not_picked":["Iron Wave","Bloodletting"],"picked":"Dropkick","floor":6},{"not_picked":["Dropkick","Demon Form","Pummel"],"picked":"SKIP","floor":8}],"player_experience":20725412,"relics_obtained":[{"floor":6,"key":"CeramicFish"},{"floor":8,"key":"Mercury Hourglass"},{"floor":9,"key":"Potion Belt"}],"event_choices":[{"damage_healed":0,"gold_gain":0,"player_choice":"0 cards matched","damage_taken":0,"max_hp_gain":0,"max_hp_loss":0,"event_name":"Match and Keep!","floor":2,"gold_loss":0,"cards_obtained":[]},{"damage_healed":0,"gold_gain":75,"player_choice":"Gather Gold","damage_taken":11,"max_hp_gain":0,"max_hp_loss":0,"event_name":"World of Goop","floor":10,"gold_loss":0}],"is_beta":false,"boss_relics":[],"items_purged_floors":[4],"is_endless":false,"potions_floor_spawned":[1,8],"killed_by":"3 Sentries","ascension_level":20}}