{"host":"ldbx2jhnvtia1ouf","time":1610464849,"event":{"mods":["BaseMod","Better Note","Better Sensory Stone","Better Skull","Better Third Choice","Block Reminder","Colored Map","Colored Powertips","Curses Come First","Highlight Path","Minty Spire (QoL Compilation)","Permanent Neow","Spicy Shops","StSLib","Transform Curses","Unceasing Turn Reminder"],"gold_per_floor":[10,10,20,20,95,95,114,128,182,195,39,73,91,163,163,267,267,287,287,300,314,314,314,314],"floor_reached":23,"playtime":1145,"items_purged":[],"score":193,"play_id":"d1c630a9-4ab1-4b15-9c74-012cdff181d6","local_time":"20210113012049","is_ascension_mode":false,"campfire_choices":[{"floor":6,"key":"REST"},{"floor":15,"key":"REST"}],"circlet_count":0,"master_deck":["Strike_B","Strike_B","Strike_B","Defend_B","Defend_B","Defend_B","Defend_B","Zap","Dualcast","Metamorphosis","Static Discharge","Noxious Fumes","Melter","Cold Snap","Conserve Battery","Thunder Strike","Conserve Battery","Buffer+1","Chaos+1","Beam Cell","Capacitor+1"],"relics":["Cracked Core","Pen Nib","Omamori","Orichalcum","Frozen Egg 2","SlaversCollar","WarpedTongs"],"acts_visited":["Exordium","TheCity"],"potions_floor_usage":[12,23,23],"damage_taken":[{"damage":0,"enemies":"Small Slimes","floor":1,"turns":3},{"damage":3,"enemies":"Jaw Worm","floor":3,"turns":4},{"damage":6,"enemies":"Cultist","floor":7,"turns":3},{"damage":21,"enemies":"Exordium Wildlife","floor":8,"turns":4},{"damage":3,"enemies":"Looter","floor":10,"turns":3},{"damage":22,"enemies":"Gremlin Nob","floor":12,"turns":7},{"damage":4,"enemies":"Large Slime","floor":13,"turns":4},{"damage":27,"enemies":"The Guardian","floor":16,"turns":9},{"damage":11,"enemies":"Chosen","floor":18,"turns":5},{"damage":8,"enemies":"Spheric Guardian","floor":20,"turns":4},{"damage":43,"enemies":"3 Cultists","floor":21,"turns":5},{"damage":18,"enemies":"Gremlin Leader","floor":23,"turns":3}],"seed_played":"3859412543799871085","potions_obtained":[{"floor":8,"key":"SteroidPotion"},{"floor":10,"key":"PowerPotion"},{"floor":16,"key":"BlessingOfTheForge"},{"floor":21,"key":"GamblersBrew"}],"is_trial":false,"path_per_floor":["M","?","M","?","?","R","M","M","T","M","$","E","M","T","R","B",null,"M","?","M","M","?","E"],"character_chosen":"DEFECT","items_purchased":["Omamori"],"campfire_rested":2,"item_purchase_floors":[11],"current_hp_per_floor":[75,58,55,60,49,73,67,46,46,43,43,21,17,17,41,14,80,69,69,61,18,18,0,0],"gold":314,"neow_bonus":"RANDOM_COLORLESS_2","is_daily":false,"chose_seed":false,"campfire_upgraded":0,"win_rate":0.0,"timestamp":1610464849,"path_taken":["M","?","M","?","?","R","M","M","T","M","?","E","?","?","R","BOSS","M","?","M","?","?","E"],"items_purchased_type":["Relic"],"build_version":"2020-12-22","purchased_purges":0,"victory":false,"max_hp_per_floor":[75,75,75,80,80,80,80,80,80,80,80,80,80,80,80,80,80,80,80,80,80,80,80,80],"card_choices":[{"not_picked":["Sadistic Nature","Magnetism"],"picked":"Metamorphosis","floor":0},{"not_picked":["Sweeping Beam","Ball Lightning"],"picked":"Static Discharge","floor":1},{"not_picked":["Glacier","Heatsinks"],"picked":"Melter","floor":3},{"not_picked":["Streamline","Leap"],"picked":"Cold Snap","floor":7},{"not_picked":["Barrage","Cold Snap"],"picked":"Conserve Battery","floor":8},{"not_picked":["Sunder","Fusion"],"picked":"Thunder Strike","floor":10},{"not_picked":["Multi-Cast","Steam"],"picked":"Conserve Battery","floor":12},{"not_picked":["Hello World","Hologram","Stack"],"picked":"SKIP","floor":13},{"not_picked":["Biased Cognition+1","Hyperbeam"],"picked":"Buffer+1","floor":16},{"not_picked":["Beam Cell","Lockon"],"picked":"Chaos+1","floor":18},{"not_picked":["Cold Snap","Rebound"],"picked":"Beam Cell","floor":20},{"not_picked":["White Noise+1","Sunder"],"picked":"Capacitor+1","floor":21}],"player_experience":114256,"relics_obtained":[{"floor":12,"key":"Orichalcum"},{"floor":14,"key":"Frozen Egg 2"}],"event_choices":[{"damage_healed":0,"gold_gain":0,"player_choice":"Donut","damage_taken":0,"max_hp_gain":5,"max_hp_loss":0,"event_name":"Big Fish","floor":4,"gold_loss":0},{"damage_healed":0,"gold_gain":75,"player_choice":"Gold","damage_taken":11,"max_hp_gain":0,"max_hp_loss":0,"event_name":"betterThird:BetterGoop","floor":5,"gold_loss":0},{"cards_removed":["Strike_B"],"damage_healed":0,"gold_gain":0,"player_choice":"Purged","damage_taken":0,"max_hp_gain":0,"max_hp_loss":0,"event_name":"Purifier","floor":19,"gold_loss":0},{"damage_healed":0,"gold_gain":0,"player_choice":"Rummage","damage_taken":0,"relics_obtained":["WarpedTongs"],"max_hp_gain":0,"max_hp_loss":0,"event_name":"Accursed Blacksmith","floor":22,"gold_loss":0,"cards_obtained":["Pain"]}],"is_beta":false,"boss_relics":[{"not_picked":["Runic Dome","Fusion Hammer"],"picked":"SlaversCollar"}],"items_purged_floors":[],"is_endless":false,"potions_floor_spawned":[8,10,16,21],"killed_by":"Gremlin Leader","ascension_level":0}}