{"host":"dhr6iszse2qz12e2","time":1610438667,"event":{"mods":["A Magickal Journey","Act Like it!","BaseMod","BetterRewards","Colored Map","Downfall","Gensokyo","Hubris","Infinite Spire","Marisa????????","Minty Spire (QoL Compilation)","Permanent Neow","Quick Restart","Replay The Spire","Shop Mod","StSLib","The Animator","The Cursed","The Hierophant","The IronCluck","The Jungle","everything is the same but u backflip on backflip","slay the spire mod where everything is the same but ironclad has a cowboy hat"],"gold_per_floor":[115,149,160,180,9,9,22,22,73,373,373],"floor_reached":10,"playtime":822,"items_purged":[],"score":74,"play_id":"e439bed3-0fcb-4d85-90bf-0f7afe4d60c8","local_time":"20210112100427","is_ascension_mode":true,"campfire_choices":[{"floor":6,"key":"REST"}],"circlet_count":0,"master_deck":["Strike_MRS","Strike_MRS","Strike_MRS","Strike_MRS","Defend_MRS+1","Defend_MRS","Defend_MRS","Defend_MRS","MasterSpark","Slimebound:Defend_Slimebound+1","MillisecondPulsars","UltimateShortwave","hubris:DuctTapeCard","AlicesGift","Gensokyo:TarnishedGold","Gensokyo:BlemishedSteel"],"relics":["MiniHakkero","hubris:DuctTape","War Paint"],"acts_visited":["Gensokyo:Gensokyo"],"potions_floor_usage":[10],"damage_taken":[{"damage":0,"enemies":"Gensokyo:Python","floor":1,"turns":4},{"damage":36,"enemies":"Gensokyo:Cirno","floor":2,"turns":9},{"damage":3,"enemies":"Gensokyo:3_Fairies","floor":3,"turns":4},{"damage":8,"enemies":"Gensokyo:2_Kodama","floor":4,"turns":3},{"damage":35,"enemies":"Gensokyo:2_Rabbits","floor":7,"turns":8},{"damage":19,"enemies":"Gensokyo:Cirno","floor":10,"turns":6}],"seed_played":"-206025930218728053","potions_obtained":[{"floor":1,"key":"Elixir"},{"floor":7,"key":"Block Potion"}],"is_trial":false,"path_per_floor":["M","?","M","M","COS","R","M","$","T","E"],"character_chosen":"MARISA","items_purchased":[],"campfire_rested":1,"item_purchase_floors":[],"current_hp_per_floor":[75,39,36,28,28,50,15,15,15,0,0],"gold":373,"neow_bonus":"THREE_RARE_CARDS","is_daily":false,"chose_seed":false,"campfire_upgraded":0,"win_rate":0.0,"timestamp":1610438667,"path_taken":["M","?","M","M","COS","R","?","$","T","E"],"items_purchased_type":[],"build_version":"2020-12-22","purchased_purges":0,"victory":false,"max_hp_per_floor":[75,75,75,75,75,75,75,75,75,75,75],"card_choices":[{"not_picked":["CasketOfStar","BigCrunch"],"picked":"MillisecondPulsars","floor":0},{"not_picked":["ManaConvection","MeteoricShower","DoubleSpark"],"picked":"SKIP","floor":1},{"not_picked":["PowerUp","GravityBeat"],"picked":"UltimateShortwave","floor":2},{"not_picked":["DC","DoubleSpark","DeepEcoloBomb"],"picked":"SKIP","floor":3},{"not_picked":["MagicAbsorber","ShootingEcho"],"picked":"AlicesGift","floor":4},{"not_picked":["MysteriousBeam","NonDirectionalLaser","SuperPerseids"],"picked":"SKIP","floor":7}],"player_experience":439430,"relics_obtained":[{"floor":2,"key":"hubris:DuctTape"},{"floor":9,"key":"War Paint"}],"event_choices":[],"is_beta":false,"boss_relics":[],"items_purged_floors":[],"is_endless":false,"potions_floor_spawned":[1,7],"killed_by":"Gensokyo:Cirno","ascension_level":2}}