{"host":"dbkc9h3etq50r1dq","time":1610444291,"event":{"mods":["AchievementEnabler","BaseMod","Block Reminder","Colored Powertips","Curses Come First","Custom Start","Dark Map","Minty Spire (QoL Compilation)","Permanent Neow","Potion Indicator Mod","Rare Cards Sparkle","StSLib","SuperFastMode","The Jungle"],"gold_per_floor":[112,124,138,138,149,182,182,199,223,237,237,252,252,262,262,262,262],"floor_reached":16,"playtime":523,"items_purged":[],"score":122,"play_id":"c7a3b948-3277-4c3a-b37f-1417e685f19d","local_time":"20210112173811","is_ascension_mode":true,"campfire_choices":[{"floor":7,"key":"REST"},{"floor":15,"key":"REST"}],"circlet_count":0,"master_deck":["Strike_P","Strike_P","Strike_P","Strike_P","Defend_P","Defend_P","Defend_P","Eruption","Vigilance","Weave","JustLucky","Consecrate","EmptyFist","Parasite","ClearTheMind","EmptyFist"],"relics":["PureWater","Ginger","Dream Catcher","Oddly Smooth Stone"],"acts_visited":["Exordium"],"potions_floor_usage":[6,16,16,16],"damage_taken":[{"damage":8.0,"enemies":"Jaw Worm","floor":1.0,"turns":5.0},{"damage":4,"enemies":"2 Louse","floor":2,"turns":3},{"damage":14,"enemies":"Small Slimes","floor":3,"turns":3},{"damage":10,"enemies":"3 Louse","floor":5,"turns":3},{"damage":16,"enemies":"3 Sentries","floor":6,"turns":6},{"damage":2,"enemies":"Large Slime","floor":8,"turns":5},{"damage":9,"enemies":"Exordium Wildlife","floor":10,"turns":4},{"damage":1,"enemies":"Blue Slaver","floor":12,"turns":4},{"damage":0,"enemies":"Large Slime","floor":14,"turns":4},{"damage":46,"enemies":"The Guardian","floor":16,"turns":10}],"seed_played":"-3060977513727689322","potions_obtained":[{"floor":1.0,"key":"CultistPotion"},{"floor":5,"key":"Weak Potion"},{"floor":8,"key":"DistilledChaos"},{"floor":12,"key":"SkillPotion"}],"is_trial":false,"path_per_floor":["M","M","M","?","M","E","R","M","T","M","?","M","?","M","R","B"],"character_chosen":"WATCHER","items_purchased":[],"campfire_rested":2,"item_purchase_floors":[],"current_hp_per_floor":[64,60,46,28,18,2,23,21,21,12,12,11,29,29,50,4,4],"gold":262,"neow_bonus":"REMOVE_CARD","is_daily":false,"chose_seed":false,"campfire_upgraded":0,"win_rate":0.0,"timestamp":1610444291,"path_taken":["M","M","M","?","M","E","R","M","T","M","?","M","?","M","R","BOSS"],"items_purchased_type":[],"build_version":"2020-12-22","purchased_purges":0,"victory":false,"max_hp_per_floor":[72,72,72,72,72,72,72,72,72,72,72,72,72,72,72,72,72],"card_choices":[{"not_picked":["Collect","CutThroughFate"],"picked":"Weave","floor":1.0},{"not_picked":["CarveReality","PathToVictory"],"picked":"JustLucky","floor":2},{"not_picked":["EmptyBody","SashWhip"],"picked":"Consecrate","floor":3},{"not_picked":["DeceiveReality","Prostrate","Protect"],"picked":"SKIP","floor":5},{"not_picked":["Blasphemy","Swivel"],"picked":"EmptyFist","floor":6},{"not_picked":["Crescendo","Perseverance","FollowUp"],"picked":"SKIP","floor":8},{"not_picked":["Evaluate","Protect","Crescendo"],"picked":"SKIP","floor":10},{"not_picked":["PathToVictory","ForeignInfluence","Consecrate"],"picked":"SKIP","floor":12},{"not_picked":["FollowUp","Halt"],"picked":"ClearTheMind","floor":14},{"not_picked":["ClearTheMind","CarveReality"],"picked":"EmptyFist","floor":15}],"player_experience":138039,"relics_obtained":[{"floor":6,"key":"Dream Catcher"},{"floor":9,"key":"Oddly Smooth Stone"}],"event_choices":[{"damage_healed":0,"gold_gain":0,"player_choice":"Success","damage_taken":18,"relics_obtained":["Ginger"],"max_hp_gain":0,"max_hp_loss":0,"event_name":"Scrap Ooze","floor":4,"gold_loss":0},{"damage_healed":0,"gold_gain":0,"player_choice":"Ignored","damage_taken":0,"max_hp_gain":0,"max_hp_loss":0,"event_name":"Golden Wing","floor":11,"gold_loss":0},{"damage_healed":18,"gold_gain":0,"player_choice":"Healed and dodged fight","damage_taken":0,"max_hp_gain":0,"max_hp_loss":0,"event_name":"Mushrooms","floor":13,"gold_loss":0,"cards_obtained":["Parasite"]}],"is_beta":false,"boss_relics":[],"items_purged_floors":[],"is_endless":false,"potions_floor_spawned":[1,5,8,12],"killed_by":"The Guardian","ascension_level":3}}