{"host":"qrec1pgksm53712r","time":1610422914,"event":{"mods":["Act Like it!","BaseMod","CapriCore","Energized Spire","Hubris","Hyrulean Relics","Minty Spire (QoL Compilation)","StSLib","The Poker Player","TheWitcher"],"gold_per_floor":[125,137,87,87,10,40,68,68,68,94,127,152,152,176,176,276,276,294,218,239,15,23,23,22,22],"floor_reached":24,"playtime":1207,"items_purged":["SnafuTest:HermitsErudition"],"score":206,"play_id":"3291d89a-e1e5-4191-ac5b-06c1cccfe9b8","local_time":"20210111214154","is_ascension_mode":false,"campfire_choices":[{"data":"SnafuTest:SuddenPuncture","floor":8,"key":"SMITH"},{"floor":13,"key":"REST"},{"floor":15,"key":"REST"},{"data":"SnafuTest:SpellIncendiaryShower","floor":23,"key":"SMITH"}],"circlet_count":0,"master_deck":["SnafuTest:DefaultCommonAttack","SnafuTest:DefaultCommonAttack","SnafuTest:BountyHunt","SnafuTest:DefaultCommonSkill","SnafuTest:DefaultCommonSkill","SnafuTest:DefaultCommonSkill","SnafuTest:SignAard","SnafuTest:SuddenPuncture+1","SnafuTest:SpellIncendiaryShower+1","SnafuTest:BombSamum","SnafuTest:BombDimeritium","SnafuTest:PayBank","SnafuTest:Kick","SnafuTest:FreyaBlessing","SnafuTest:Offering","SnafuTest:SpellChainLightning","SnafuTest:MCFeignDeath"],"relics":["SnafuTest:UnstableMutagenRelic","SnafuTest:YrdenRelic","Vajra","Mummified Hand","hubris:SlimyHat","hubris:TerracottaHorce","Chemical X"],"acts_visited":["Exordium","TheCity"],"potions_floor_usage":[16,16,16],"damage_taken":[{"damage":1,"enemies":"2 Louse","floor":1,"turns":3},{"damage":6,"enemies":"Jaw Worm","floor":2,"turns":4},{"damage":18,"enemies":"Gremlin Nob","floor":6,"turns":4},{"damage":4,"enemies":"Cultist","floor":7,"turns":4},{"damage":10,"enemies":"Exordium Thugs","floor":10,"turns":4},{"damage":31,"enemies":"Lagavulin","floor":11,"turns":9},{"damage":3,"enemies":"Blue Slaver","floor":14,"turns":5},{"damage":33,"enemies":"Slime Boss","floor":16,"turns":13},{"damage":0,"enemies":"3 Byrds","floor":18,"turns":3},{"damage":9,"enemies":"Shell Parasite","floor":20,"turns":5},{"damage":13,"enemies":"Snake Plant","floor":22,"turns":3},{"damage":48,"enemies":"Book of Stabbing","floor":24,"turns":4}],"seed_played":"119615409660359242","potions_obtained":[{"floor":7,"key":"LiquidMemories"},{"floor":10,"key":"PowerPotion"},{"floor":11,"key":"Swift Potion"},{"floor":14,"key":"Dexterity Potion"},{"floor":16,"key":"Regen Potion"},{"floor":20,"key":"LiquidBronze"}],"is_trial":false,"path_per_floor":["M","M","?","?","$","E","M","R","T","M","E","T","R","M","R","B",null,"M","$","M","$","M","R","E"],"character_chosen":"THE_WITCHER","items_purchased":["SnafuTest:SpellIncendiaryShower","SnafuTest:SpellChainLightning","Chemical X"],"campfire_rested":2,"item_purchase_floors":[5,19,21],"current_hp_per_floor":[81,75,75,75,75,57,53,53,53,43,12,12,36,33,57,24,68,68,68,59,59,46,46,0,0],"gold":22,"neow_bonus":"TEN_PERCENT_HP_BONUS","is_daily":false,"chose_seed":false,"campfire_upgraded":2,"win_rate":0.0,"timestamp":1610422914,"path_taken":["M","M","?","?","$","E","?","R","T","M","E","?","R","M","R","BOSS","M","$","M","$","M","R","E"],"items_purchased_type":["Card","Card","Relic"],"build_version":"2020-12-22","purchased_purges":1,"victory":false,"max_hp_per_floor":[82,82,82,82,82,82,82,82,82,82,82,82,82,82,82,82,82,82,82,82,82,82,82,82,82],"card_choices":[{"not_picked":["SnafuTest:RecklessBlow","SnafuTest:SignIgni"],"picked":"SnafuTest:SuddenPuncture","floor":1},{"not_picked":["SnafuTest:SpellTelekinesis","SnafuTest:Meditation","SnafuTest:BombMoonDust"],"picked":"SKIP","floor":2},{"not_picked":["SnafuTest:SpellTortoise","SnafuTest:SweetHome"],"picked":"SnafuTest:BombSamum","floor":6},{"not_picked":["SnafuTest:Kick","SnafuTest:PayHappyHour"],"picked":"SnafuTest:BombDimeritium","floor":7},{"not_picked":["SnafuTest:SpellLifeDrain","SnafuTest:BombMoonDust"],"picked":"SnafuTest:HermitsErudition","floor":10},{"not_picked":["SnafuTest:SpellHellfire","SnafuTest:BombMoonDust"],"picked":"SnafuTest:PayBank","floor":11},{"not_picked":["SnafuTest:AncestralRitual","SnafuTest:ShieldUp"],"picked":"SnafuTest:Kick","floor":14},{"not_picked":["SnafuTest:Decapitate","SnafuTest:PowerMahakam"],"picked":"SnafuTest:FreyaBlessing","floor":16},{"not_picked":["SnafuTest:SpellTelekinesis","SnafuTest:Oriole"],"picked":"SnafuTest:Offering","floor":18},{"not_picked":["SnafuTest:PowerAlwaysAWay","SnafuTest:MCSuccubusSeduction"],"picked":"SnafuTest:MCFeignDeath","floor":20},{"not_picked":["SnafuTest:SpellGloemGuard+1","SnafuTest:BombDevilsPuffball","SnafuTest:MCMockAndRun"],"picked":"SKIP","floor":22}],"player_experience":180351,"relics_obtained":[{"floor":6,"key":"SnafuTest:YrdenRelic"},{"floor":9,"key":"Vajra"},{"floor":11,"key":"Mummified Hand"},{"floor":12,"key":"hubris:SlimyHat"}],"event_choices":[{"cards_removed":["SnafuTest:DefaultCommonAttack"],"damage_healed":0,"gold_gain":0,"player_choice":"Card Removal","damage_taken":0,"max_hp_gain":0,"max_hp_loss":0,"event_name":"The Cleric","floor":3,"gold_loss":50}],"is_beta":false,"boss_relics":[{"not_picked":["SacredBark","hubris:HollowSoul"],"picked":"hubris:TerracottaHorce"}],"items_purged_floors":[21],"is_endless":false,"potions_floor_spawned":[7,10,11,14,16,20],"killed_by":"Book of Stabbing","ascension_level":0}}