{"host":"s41rn2jhghpwfrvz","time":1610445933,"event":{"mods":["BaseMod","Minty Spire (QoL Compilation)","Quick Restart","Relic Stats","SuperFastMode"],"gold_per_floor":[119,119,138,138,149,178,190,220,275,319,343,381,393,244,244,315,315,328,25,25,35,52,79,89,121,148,179,179,179,179,94,94,169,169,182,193,143,169,188,221,221,251,251,269,294,312,328,339,339,339,339,339,339,12,46,46],"floor_reached":57,"playtime":1446,"items_purged":["Concentrate","ClearTheMind","Sweeping Beam+1","Beam Cell+1"],"score":3764,"play_id":"1b10d8ce-91c8-4adc-bb7b-9a4e56332a4e","local_time":"20210112120533","daily_mods":["SealedDeck","Vintage","Diverse"],"is_ascension_mode":true,"campfire_choices":[{"data":"Body Slam","floor":13,"key":"SMITH"},{"data":"Backflip","floor":15,"key":"SMITH"},{"floor":30,"key":"RECALL"},{"data":"Blur","floor":32,"key":"SMITH"},{"data":"Backflip","floor":49,"key":"SMITH"},{"data":"Second Wind","floor":53,"key":"SMITH"}],"circlet_count":0,"master_deck":["AscendersBane","Second Wind+1","Acrobatics+1","Backflip+1","Prostrate+1","Body Slam+1","Blur+1","Backflip+1"],"relics":["Burning Blood","Matryoshka","InkBottle","Bag of Marbles","Dream Catcher","Potion Belt","Juzu Bracelet","MawBank","Gremlin Horn","Bronze Scales","Shovel","Empty Cage","Ancient Tea Set","Membership Card","PreservedInsect","MealTicket","Toy Ornithopter","Whetstone","Tiny Chest","Centennial Puzzle","Red Skull","Smiling Mask","Mango","MutagenicStrength","Ginger","Runic Pyramid","Omamori","Oddly Smooth Stone","Lantern","Art of War","Blood Vial","Turnip","CeramicFish","Happy Flower","Orichalcum","Eternal Feather","Pen Nib","Akabeko","TheAbacus","Bag of Preparation","Nunchaku","Mummified Hand"],"acts_visited":["Exordium","TheCity","TheBeyond","TheEnding"],"potions_floor_usage":[8,23,23,56,56],"damage_taken":[{"damage":2,"enemies":"Jaw Worm","floor":1,"turns":3},{"damage":0,"enemies":"2 Louse","floor":3,"turns":3},{"damage":1,"enemies":"Small Slimes","floor":5,"turns":2},{"damage":0,"enemies":"Lagavulin","floor":6,"turns":2},{"damage":0,"enemies":"Exordium Thugs","floor":7,"turns":3},{"damage":4,"enemies":"Gremlin Nob","floor":8,"turns":3},{"damage":3,"enemies":"3 Sentries","floor":10,"turns":5},{"damage":0,"enemies":"2 Fungi Beasts","floor":11,"turns":3},{"damage":0,"enemies":"Lagavulin","floor":12,"turns":3},{"damage":0,"enemies":"Slime Boss","floor":16,"turns":4},{"damage":12,"enemies":"Shell Parasite","floor":18,"turns":3},{"damage":0,"enemies":"Chosen","floor":21,"turns":2},{"damage":15,"enemies":"Centurion and Healer","floor":22,"turns":3},{"damage":25,"enemies":"Slavers","floor":23,"turns":2},{"damage":7,"enemies":"Snake Plant","floor":24,"turns":2},{"damage":0,"enemies":"Gremlin Leader","floor":25,"turns":2},{"damage":0,"enemies":"Book of Stabbing","floor":27,"turns":2},{"damage":0,"enemies":"Champ","floor":33,"turns":3},{"damage":0,"enemies":"3 Darklings","floor":35,"turns":2},{"damage":0,"enemies":"3 Shapes","floor":36,"turns":4},{"damage":0,"enemies":"Sphere and 2 Shapes","floor":39,"turns":1},{"damage":0,"enemies":"Nemesis","floor":40,"turns":3},{"damage":0,"enemies":"Reptomancer","floor":42,"turns":1},{"damage":0,"enemies":"Transient","floor":44,"turns":3},{"damage":0,"enemies":"Giant Head","floor":45,"turns":2},{"damage":0,"enemies":"Jaw Worm Horde","floor":46,"turns":1},{"damage":0,"enemies":"Spire Growth","floor":47,"turns":2},{"damage":0,"enemies":"Sphere and 2 Shapes","floor":48,"turns":3},{"damage":0,"enemies":"Time Eater","floor":50,"turns":2},{"damage":0,"enemies":"Awakened One","floor":51,"turns":3},{"damage":0,"enemies":"Shield and Spear","floor":55,"turns":1},{"damage":0,"enemies":"The Heart","floor":56,"turns":4}],"seed_played":"7154317546563727905","potions_obtained":[{"floor":1,"key":"EssenceOfSteel"},{"floor":3,"key":"ElixirPotion"},{"floor":6,"key":"DuplicationPotion"},{"floor":8,"key":"Explosive Potion"},{"floor":16,"key":"FearPotion"},{"floor":18,"key":"Regen Potion"},{"floor":24,"key":"LiquidBronze"},{"floor":27,"key":"Swift Potion"},{"floor":36,"key":"Block Potion"},{"floor":45,"key":"DuplicationPotion"}],"is_trial":true,"path_per_floor":["M","?","M","?","M","E","M","E","T","E","M","E","R","$","R","B",null,"M","$","?","M","M","E","M","E","T","E","?","?","R","?","R","B",null,"M","M","$","T","M","E","$","E","T","M","E","M","M","M","R","B","B",null,"R","$","E","B",null],"character_chosen":"IRONCLAD","items_purchased":["Blur","Membership Card","PreservedInsect","TheAbacus","Bag of Preparation","PowerPotion","Nunchaku"],"campfire_rested":0,"item_purchase_floors":[14,19,19,54,54,54,54],"current_hp_per_floor":[72,49,55,55,60,66,72,74,74,75,75,75,75,75,75,75,75,69,69,69,75,66,56,55,61,61,81,81,81,81,81,81,87,89,89,89,89,89,89,89,89,89,89,89,89,89,89,89,89,89,89,89,89,89,89,89],"gold":46,"neow_bonus":"","is_daily":false,"chose_seed":false,"campfire_upgraded":5,"win_rate":0.0,"timestamp":1610445933,"path_taken":["M","?","M","?","M","E","M","E","T","E","M","E","R","$","R","BOSS","M","$","?","M","M","E","M","E","T","E","?","?","R","?","R","BOSS","M","M","$","?","M","E","$","E","T","M","E","M","M","M","R","BOSS","BOSS","R","$","E","BOSS"],"items_purchased_type":["Card","Relic","Relic","Relic","Relic","Potion","Relic"],"build_version":"2020-12-22","purchased_purges":4,"victory":true,"max_hp_per_floor":[75,75,75,75,75,75,75,75,75,75,75,75,75,75,75,75,75,75,75,75,75,75,75,75,75,75,89,89,89,89,89,89,89,89,89,89,89,89,89,89,89,89,89,89,89,89,89,89,89,89,89,89,89,89,89,89],"relic_stats":{"Gremlin Horn":[23,23],"CeramicFish":0,"Juzu Bracelet":1,"Bag of Preparation":[4],"Whetstone":["Beam Cell","Sweeping Beam"],"Ginger":[3],"Smiling Mask":38,"Burning Blood":88,"Blood Vial":0,"Dream Catcher":0,"Centennial Puzzle":[0],"Nunchaku":[1],"Shovel":0,"TheAbacus":[138],"Mummified Hand":[1],"MealTicket":0,"Tiny Chest":1,"InkBottle":[53],"Happy Flower":[6],"counters":[32,82],"Eternal Feather":0,"PreservedInsect":450,"Pen Nib":[3],"Orichalcum":[0],"MawBank":60,"Bronze Scales":[112],"Turnip":[7],"Art of War":[0],"obtain_stats":[{"Lantern":38,"Gremlin Horn":10,"CeramicFish":43,"Mango":27,"Juzu Bracelet":8,"Bag of Preparation":54,"Whetstone":23,"Ginger":31,"Empty Cage":17,"Ancient Tea Set":18,"Smiling Mask":26,"Burning Blood":0,"Blood Vial":40,"Dream Catcher":6,"Centennial Puzzle":25,"Nunchaku":54,"Matryoshka":1,"Shovel":12,"TheAbacus":54,"Mummified Hand":55,"MealTicket":21,"Tiny Chest":24,"InkBottle":3,"Red Skull":26,"Runic Pyramid":34,"Potion Belt":7,"Happy Flower":44,"Oddly Smooth Stone":36,"Eternal Feather":46,"PreservedInsect":19,"Pen Nib":47,"Omamori":35,"Orichalcum":45,"MawBank":9,"Akabeko":48,"Bronze Scales":11,"MutagenicStrength":28,"Turnip":42,"Bag of Marbles":5,"Art of War":39,"Membership Card":19,"Toy Ornithopter":22},{"Lantern":20,"Gremlin Horn":7,"CeramicFish":23,"Mango":17,"Juzu Bracelet":6,"Bag of Preparation":30,"Whetstone":14,"Ginger":17,"Empty Cage":10,"Ancient Tea Set":11,"Smiling Mask":16,"Burning Blood":0,"Blood Vial":22,"Dream Catcher":4,"Centennial Puzzle":16,"Nunchaku":30,"Matryoshka":1,"Shovel":9,"TheAbacus":30,"Mummified Hand":31,"MealTicket":12,"Tiny Chest":15,"InkBottle":2,"Red Skull":16,"Runic Pyramid":18,"Potion Belt":5,"Happy Flower":24,"Oddly Smooth Stone":20,"Eternal Feather":26,"PreservedInsect":11,"Pen Nib":27,"Omamori":19,"Orichalcum":25,"MawBank":6,"Akabeko":28,"Bronze Scales":8,"MutagenicStrength":17,"Turnip":23,"Bag of Marbles":3,"Art of War":21,"Membership Card":11,"Toy Ornithopter":13},{"Lantern":56,"Gremlin Horn":21,"CeramicFish":61,"Mango":47,"Juzu Bracelet":16,"Bag of Preparation":77,"Whetstone":41,"Ginger":47,"Empty Cage":31,"Ancient Tea Set":34,"Smiling Mask":45,"Burning Blood":0,"Blood Vial":60,"Dream Catcher":10,"Centennial Puzzle":45,"Nunchaku":77,"Matryoshka":3,"Shovel":27,"TheAbacus":77,"Mummified Hand":78,"MealTicket":36,"Tiny Chest":43,"InkBottle":6,"Red Skull":45,"Runic Pyramid":50,"Potion Belt":13,"Happy Flower":64,"Oddly Smooth Stone":56,"Eternal Feather":67,"PreservedInsect":34,"Pen Nib":69,"Omamori":52,"Orichalcum":66,"MawBank":16,"Akabeko":72,"Bronze Scales":24,"MutagenicStrength":47,"Turnip":61,"Bag of Marbles":8,"Art of War":57,"Membership Card":34,"Toy Ornithopter":39}],"Toy Ornithopter":9},"card_choices":[{"not_picked":["CutThroughFate","Searing Blow"],"picked":"Body Slam","floor":6},{"not_picked":["Static Discharge","Doppelganger","EmptyBody"],"picked":"SKIP","floor":8},{"not_picked":["Scrape","EmptyBody","Evaluate"],"picked":"SKIP","floor":10},{"not_picked":["Static Discharge","Reprogram","TalkToTheHand"],"picked":"SKIP","floor":12},{"not_picked":["Turbo","Evaluate","Deflect+1"],"picked":"SKIP","floor":23},{"not_picked":["Body Slam","Streamline+1","Machine Learning"],"picked":"SKIP","floor":25},{"not_picked":["PathToVictory+1","LikeWater","Sweeping Beam"],"picked":"SKIP","floor":27},{"not_picked":["PathToVictory+1","LikeWater","Sweeping Beam"],"picked":"SKIP","floor":27},{"not_picked":["Underhanded Strike","Twin Strike"],"picked":"Backflip","floor":40},{"not_picked":["FlyingSleeves+1","Storm of Steel","Bloodletting"],"picked":"SKIP","floor":42},{"not_picked":["Twin Strike","Prepared","Perseverance"],"picked":"SKIP","floor":45},{"not_picked":["Chaos","Deflect","Go for the Eyes+1"],"picked":"SKIP","floor":55}],"player_experience":1715018,"relics_obtained":[{"floor":1,"key":"Matryoshka"},{"floor":3,"key":"InkBottle"},{"floor":5,"key":"Bag of Marbles"},{"floor":6,"key":"Dream Catcher"},{"floor":7,"key":"Potion Belt"},{"floor":8,"key":"Juzu Bracelet"},{"floor":9,"key":"MawBank"},{"floor":10,"key":"Gremlin Horn"},{"floor":11,"key":"Bronze Scales"},{"floor":12,"key":"Shovel"},{"floor":18,"key":"Ancient Tea Set"},{"floor":21,"key":"MealTicket"},{"floor":22,"key":"Toy Ornithopter"},{"floor":23,"key":"Whetstone"},{"floor":24,"key":"Tiny Chest"},{"floor":25,"key":"Centennial Puzzle"},{"floor":26,"key":"Red Skull"},{"floor":26,"key":"Smiling Mask"},{"floor":27,"key":"Mango"},{"floor":35,"key":"Omamori"},{"floor":36,"key":"Oddly Smooth Stone"},{"floor":38,"key":"Lantern"},{"floor":39,"key":"Art of War"},{"floor":40,"key":"Blood Vial"},{"floor":42,"key":"Turnip"},{"floor":43,"key":"CeramicFish"},{"floor":44,"key":"Happy Flower"},{"floor":45,"key":"Orichalcum"},{"floor":46,"key":"Eternal Feather"},{"floor":47,"key":"Pen Nib"},{"floor":48,"key":"Akabeko"},{"floor":55,"key":"Mummified Hand"}],"event_choices":[{"damage_healed":0,"gold_gain":0,"player_choice":"Entered Light","damage_taken":23,"max_hp_gain":0,"max_hp_loss":0,"event_name":"Shining Light","floor":2,"gold_loss":0,"cards_upgraded":["Acrobatics","Prostrate"]},{"damage_healed":0,"gold_gain":0,"player_choice":"Ignored","damage_taken":0,"max_hp_gain":0,"max_hp_loss":0,"event_name":"Liars Game","floor":4,"gold_loss":0},{"damage_healed":0,"gold_gain":0,"player_choice":"Ignored","damage_taken":0,"max_hp_gain":0,"max_hp_loss":0,"event_name":"Cursed Tome","floor":20,"gold_loss":0},{"damage_healed":0,"gold_gain":0,"player_choice":"Inject Mutagens","damage_taken":0,"relics_obtained":["MutagenicStrength"],"max_hp_gain":0,"max_hp_loss":0,"event_name":"Drug Dealer","floor":28,"gold_loss":0},{"damage_healed":0,"gold_gain":0,"player_choice":"Ignored","damage_taken":0,"max_hp_gain":0,"max_hp_loss":0,"event_name":"Ghosts","floor":29,"gold_loss":0},{"damage_healed":0,"gold_gain":0,"player_choice":"Obtained Relic","damage_taken":0,"relics_obtained":["Ginger"],"max_hp_gain":0,"max_hp_loss":0,"event_name":"Addict","floor":31,"gold_loss":85}],"is_beta":false,"boss_relics":[{"not_picked":["Busted Crown","Tiny House"],"picked":"Empty Cage"},{"not_picked":["Fusion Hammer","Black Star"],"picked":"Runic Pyramid"}],"items_purged_floors":[14,19,37,54],"is_endless":false,"potions_floor_spawned":[1,3,6,8,16,18,24,27,33,35,36,40,45,55],"ascension_level":20}}