{"host":"opg65mucj6ra7dr1","time":1610443710,"event":{"mods":["BaseMod","DeckTracker","Keyboard Shortcuts","Minty Spire (QoL Compilation)","Permanent Neow","Quick Restart","everything is the same but u backflip on backflip"],"gold_per_floor":[114,114,132,207,37,63,63,91,91,91,169,185,214,139,139,238,238,250,52,52,65,65,65,99,99,124,124,124,124,124],"floor_reached":29,"playtime":717,"items_purged":["Strike_P","Strike_P"],"score":363,"play_id":"3f7a8c75-aa35-4119-bd45-7a0f41f3b854","local_time":"20210112182830","is_ascension_mode":true,"campfire_choices":[{"data":"FollowUp","floor":7.0,"key":"SMITH"},{"data":"Ragnarok","floor":10.0,"key":"SMITH"},{"floor":15.0,"key":"REST"},{"floor":23.0,"key":"REST"},{"data":"Alpha","floor":25.0,"key":"SMITH"}],"circlet_count":0,"master_deck":["Strike_P","Strike_P","Defend_P","Defend_P","Defend_P","Defend_P","Eruption","Vigilance","FollowUp+1","Conclude","DeusExMachina","EmptyBody","CutThroughFate","Ragnarok+1","WreathOfFlame","Alpha+1","JustLucky"],"relics":["PureWater","NeowsBlessing","Darkstone Periapt","Ornamental Fan","Lantern","TeardropLocket","Anchor","VioletLotus","Gremlin Horn","Juzu Bracelet"],"acts_visited":["Exordium","TheCity"],"potions_floor_usage":[29],"damage_taken":[{"damage":0.0,"enemies":"Cultist","floor":1.0,"turns":1.0},{"damage":0.0,"enemies":"Jaw Worm","floor":3.0,"turns":1.0},{"damage":0.0,"enemies":"Lagavulin","floor":6.0,"turns":1.0},{"damage":20.0,"enemies":"3 Sentries","floor":8.0,"turns":9.0},{"damage":0.0,"enemies":"Small Slimes","floor":12.0,"turns":1.0},{"damage":14.0,"enemies":"Gremlin Nob","floor":13.0,"turns":3.0},{"damage":0.0,"enemies":"Slime Boss","floor":16.0,"turns":3.0},{"damage":39.0,"enemies":"3 Byrds","floor":18.0,"turns":4.0},{"damage":0.0,"enemies":"Shell Parasite","floor":21.0,"turns":3.0},{"damage":24.0,"enemies":"Book of Stabbing","floor":24.0,"turns":4.0},{"damage":12.0,"enemies":"Colosseum Slavers","floor":27.0,"turns":4.0},{"damage":0,"enemies":"3 Cultists","floor":29,"turns":3}],"seed_played":"8282708652987594746","potions_obtained":[{"floor":1.0,"key":"Block Potion"},{"floor":8.0,"key":"Strength Potion"},{"floor":16.0,"key":"PowerPotion"},{"floor":24.0,"key":"Dexterity Potion"}],"is_trial":false,"path_per_floor":["M","?","M","?","$","E","R","E","T","R","?","M","E","$","R","B",null,"M","$","?","M","?","R","E","R","T","?","?","M"],"character_chosen":"WATCHER","items_purchased":["DeusExMachina","EmptyBody","EntropicBrew"],"campfire_rested":2,"item_purchase_floors":[5,5,19],"current_hp_per_floor":[72,54,54,43,43,43,43,23,23,23,23,23,9,9,30,30,72,33,33,20,20,20,43,19,19,19,7,7,7,7],"gold":124,"neow_bonus":"THREE_ENEMY_KILL","is_daily":false,"chose_seed":false,"campfire_upgraded":3,"win_rate":0.0,"timestamp":1610443710,"path_taken":["M","?","M","?","?","E","R","E","T","R","?","M","E","?","R","BOSS","M","$","?","M","?","R","E","R","T","?","?","M"],"items_purchased_type":["Card","Card","Potion"],"build_version":"2020-12-22","purchased_purges":2,"victory":false,"max_hp_per_floor":[72,72,72,72,72,72,72,72,72,72,72,72,72,72,72,72,72,72,72,77,77,77,77,77,77,77,77,77,77,77],"card_choices":[{"not_picked":["ForeignInfluence","SashWhip"],"picked":"FollowUp","floor":1.0},{"not_picked":["ClearTheMind","Wallop"],"picked":"Conclude","floor":3.0},{"not_picked":["PathToVictory","SashWhip"],"picked":"CutThroughFate","floor":6.0},{"not_picked":["Protect","FlyingSleeves"],"picked":"Ragnarok","floor":8.0},{"not_picked":["ClearTheMind","SignatureMove"],"picked":"WreathOfFlame","floor":12.0},{"not_picked":["Evaluate","Consecrate"],"picked":"Alpha","floor":13.0},{"not_picked":["EmptyBody+1","Protect","LikeWater"],"picked":"SKIP","floor":18.0},{"not_picked":["ReachHeaven","Crescendo+1","FlyingSleeves"],"picked":"SKIP","floor":21.0},{"not_picked":["ForeignInfluence+1","FollowUp"],"picked":"JustLucky","floor":24.0}],"player_experience":98385,"relics_obtained":[{"floor":6.0,"key":"Ornamental Fan"},{"floor":8.0,"key":"Lantern"},{"floor":9.0,"key":"TeardropLocket"},{"floor":13.0,"key":"Anchor"},{"floor":24.0,"key":"Gremlin Horn"},{"floor":26.0,"key":"Juzu Bracelet"}],"event_choices":[{"damage_healed":0.0,"max_hp_gain":0.0,"max_hp_loss":0.0,"gold_gain":0.0,"event_name":"Scrap Ooze","player_choice":"Success","floor":2.0,"gold_loss":0.0,"damage_taken":18.0,"relics_obtained":["Darkstone Periapt"]},{"damage_healed":0.0,"max_hp_gain":0.0,"max_hp_loss":0.0,"gold_gain":75.0,"event_name":"World of Goop","player_choice":"Gather Gold","floor":4.0,"gold_loss":0.0,"damage_taken":11.0},{"damage_healed":0.0,"max_hp_gain":0.0,"max_hp_loss":0.0,"gold_gain":78.0,"event_name":"Golden Wing","player_choice":"Gained Gold","floor":11.0,"gold_loss":0.0,"damage_taken":0.0},{"damage_healed":0.0,"max_hp_gain":5.0,"max_hp_loss":0.0,"gold_gain":0.0,"event_name":"Forgotten Altar","player_choice":"Shed Blood","floor":20.0,"gold_loss":0.0,"damage_taken":18.0},{"damage_healed":0.0,"max_hp_gain":0.0,"max_hp_loss":0.0,"gold_gain":0.0,"event_name":"Cursed Tome","player_choice":"Ignored","floor":22.0,"gold_loss":0.0,"damage_taken":0.0},{"damage_healed":0.0,"max_hp_gain":0.0,"max_hp_loss":0.0,"gold_gain":0.0,"event_name":"Colosseum","player_choice":"Fight","floor":27.0,"gold_loss":0.0,"damage_taken":0.0},{"damage_healed":0.0,"max_hp_gain":0.0,"max_hp_loss":0.0,"gold_gain":0.0,"event_name":"Colosseum","player_choice":"Fled From Nobs","floor":27.0,"gold_loss":0.0,"damage_taken":0.0},{"damage_healed":0.0,"max_hp_gain":0.0,"max_hp_loss":0.0,"gold_gain":0.0,"event_name":"Ghosts","player_choice":"Ignored","floor":28.0,"gold_loss":0.0,"damage_taken":0.0}],"is_beta":false,"boss_relics":[{"not_picked":["SlaversCollar","Philosopher\u0027s Stone"],"picked":"VioletLotus"}],"items_purged_floors":[14,19],"is_endless":false,"potions_floor_spawned":[1,8,16,24,27],"killed_by":"3 Cultists","ascension_level":2}}