{"host":"vm8b3ptwl81uq21f","time":1610477821,"event":{"mods":["Aspiration","BaseMod","BetterRewards","Colored Map","Colored Powertips","Downfall","GifTheSpireLib","Googly Eyes","GungeonMod","Halation","Hubris","Infinite Spire","Minty Spire (QoL Compilation)","Quick Restart","Rare Cards Sparkle","Replay The Spire","Shop Mod","Spicy Shops","StSLib","Stuff the Spire","The IronCluck","[IsaacMod]????"],"gold_per_floor":[116,128,178,178,198,233,351,385,432,65,78,78,78,108,108,208,208,237,261,261,289,317,317,361,361,361,361,383,406,483,518,550,550,568,696,696,727,420,438,489,516,577,577,632,632,675,675,675,707,751,751,797],"floor_reached":53,"playtime":2436,"items_purged":["DemoMod:Strike_Huntress","DemoMod:JK47"],"score":1474,"play_id":"dd0e13b5-32fd-4312-917a-9af5e1771a37","local_time":"20210112135701","is_ascension_mode":true,"campfire_choices":[{"data":"DemoMod:ManualReload","floor":12.0,"key":"SMITH"},{"data":"DemoMod:SniperShot","floor":23.0,"key":"SMITH"},{"data":"DemoMod:BattleInHaste","floor":25.0,"key":"SMITH"},{"data":"DemoMod:ProbeStrike","floor":27.0,"key":"SMITH"},{"data":"DemoMod:HardPowerCard","floor":33.0,"key":"SMITH"},{"data":"DemoMod:Behold!","floor":48.0,"key":"SMITH"},{"data":"DemoMod:HighKaliber+1","floor":51,"key":"PURGE"}],"circlet_count":0,"master_deck":["DemoMod:ManualReload+1","DemoMod:HardPowerCard+1","DemoMod:SniperShot+1","DemoMod:Polaris+1","DemoMod:Slinger+1","DemoMod:FastSwitch+1","DemoMod:BattleInHaste+1","DemoMod:HardPowerCard+1","DemoMod:Eureka","DemoMod:FastSwitch+1","DemoMod:Behold!+1","CurseOfTheBell"],"relics":["DemoMod:Dog","HushsDoor","Void","DemoMod:ResourcefulSack","Medical Kit","Bag of Preparation","Chaos","MagicMushroom","GuppysPaw","hubris:Icosahedron","StuffTheSpire:RunicConfusion","Mummified Hand","DemoMod:PortableTableDevice","Pondfish Scales","Replay:Bandana","MagicMushroom","DemoMod:RatBoots","DemoMod:PartiallyEatenCheese","MerchantsRug","ReplayTheSpireMod:Lightbulb","halation:PromiseList","PillsDrop","hubris:Towel","DemoMod:GlassGuonStoneRelic","Calling Bell"],"acts_visited":["Exordium","TheCity","DemoMod:Maze","TheBeyond"],"potions_floor_usage":[52,52,52],"damage_taken":[{"damage":0.0,"enemies":"2 Louse","floor":1.0,"turns":1.0},{"damage":0.0,"enemies":"Cultist","floor":2.0,"turns":1.0},{"damage":15.0,"enemies":"Hiden Room Battle","floor":3.0,"turns":5.0},{"damage":0.0,"enemies":"Jaw Worm","floor":5.0,"turns":2.0},{"damage":3.0,"enemies":"Lagavulin","floor":6.0,"turns":3.0},{"damage":0.0,"enemies":"3 Louse","floor":7.0,"turns":1.0},{"damage":0.0,"enemies":"Gremlin Nob","floor":8.0,"turns":2.0},{"damage":0.0,"enemies":"Exordium Wildlife","floor":11.0,"turns":1.0},{"damage":0.0,"enemies":"Lagavulin","floor":14.0,"turns":1.0},{"damage":0.0,"enemies":"Hexaghost","floor":16.0,"turns":2.0},{"damage":0.0,"enemies":"Chosen","floor":18.0,"turns":1.0},{"damage":0.0,"enemies":"Spheric Guardian","floor":19.0,"turns":1.0},{"damage":0.0,"enemies":"3 Cultists","floor":21.0,"turns":1.0},{"damage":0.0,"enemies":"Centurion and Healer","floor":22.0,"turns":2.0},{"damage":0.0,"enemies":"Replay:Snechameleon","floor":24.0,"turns":1.0},{"damage":0.0,"enemies":"DemoMod:Veteran_shot_gun_kin_and_bullet_kin","floor":28.0,"turns":1.0},{"damage":0.0,"enemies":"DemoMod:4_Bullet_Kins","floor":29.0,"turns":1.0},{"damage":0.0,"enemies":"DemoMod:Veteran_shot_gun_kin_and_blue_shotgun_kin","floor":30.0,"turns":1.0},{"damage":0.0,"enemies":"DemoMod:Veteran_shot_gun_kin_and_blue_shotgun_kin_with_gunsinger","floor":31.0,"turns":1.0},{"damage":0.0,"enemies":"DemoMod:Red_and_blue_shotgun_kin_with_gunsinger","floor":32.0,"turns":1.0},{"damage":0.0,"enemies":"DemoMod:ResourcefulRat","floor":35.0,"turns":10.0},{"damage":0.0,"enemies":"Orb Walker","floor":37.0,"turns":1.0},{"damage":0.0,"enemies":"3 Shapes","floor":39.0,"turns":3.0},{"damage":0.0,"enemies":"Transient","floor":40.0,"turns":5.0},{"damage":0.0,"enemies":"4 Shapes","floor":41.0,"turns":1.0},{"damage":0.0,"enemies":"Giant Head","floor":42.0,"turns":2.0},{"damage":0.0,"enemies":"R_Hoarder","floor":44.0,"turns":2.0},{"damage":0.0,"enemies":"Nemesis","floor":46.0,"turns":1.0},{"damage":0.0,"enemies":"Spire Growth","floor":49.0,"turns":1.0},{"damage":0.0,"enemies":"Nightmare","floor":50.0,"turns":5.0},{"damage":0,"enemies":"infinitespire:MassOfShapes","floor":52,"turns":2}],"seed_played":"-4903710282769248184","potions_obtained":[{"floor":2.0,"key":"SpeedPotion"},{"floor":5.0,"key":"Toxic Potion"},{"floor":6.0,"key":"AttackPotion"},{"floor":8.0,"key":"Guardian:BlockOnCardUsePotion"},{"floor":18.0,"key":"BlessingOfTheForge"},{"floor":41.0,"key":"Energy Potion"}],"is_trial":false,"path_per_floor":["M","M","?","?","M","E","M","E","T","$","M","R","?","E","R_BF","B",null,"M","M","?","M","M","R","E","R","T","R","M","M","M","M","M","R","B","B",null,"M","$","M","M","M","E","?","E","T","E","?","R","M","NM","R_BF","B",null],"character_chosen":"HUNTRESS","items_purchased":["DemoMod:ResourcefulSack","Medical Kit","Bag of Preparation","Chaos","DemoMod:GnawedKey","DemoMod:MeatBun","Pondfish Scales","War Paint","Diplopia","DemoMod:Purify+1","MerchantsRug"],"campfire_rested":0,"item_purchase_floors":[0,0,0,0,0,0,10,10,17,38,38],"current_hp_per_floor":[52,52,44,44,45,74,74,74,74,74,74,74,74,74,74,74,71,71,71,71,71,71,71,71,71,71,71,71,71,71,71,71,71,71,71,71,71,71,71,71,71,71,71,71,71,71,71,71,71,71,71,71],"gold":797,"neow_bonus":"","is_daily":false,"chose_seed":false,"campfire_upgraded":6,"win_rate":0.0,"timestamp":1610477821,"path_taken":["M","M","?","?","M","E","?","E","T","$","M","R","?","E","R_BF","BOSS","M","M","?","M","M","R","E","R","T","R","M","M","M","M","M","R","BOSS","BOSS","M","$","M","M","M","E","?","E","T","E","?","R","M","NM","R_BF","BOSS"],"items_purchased_type":["Relic","Relic","Relic","Card","Relic","Relic","Relic","Relic","Relic","Card","Relic"],"build_version":"2020-12-22","purchased_purges":2,"victory":true,"max_hp_per_floor":[70,70,77,77,77,77,77,74,74,74,74,74,74,74,74,74,71,71,71,71,71,71,71,71,71,71,71,71,71,71,71,71,71,71,71,71,71,71,71,71,71,71,71,71,71,71,71,71,71,71,71,71],"card_choices":[{"not_picked":[],"picked":"Bomb","floor":0.0},{"not_picked":["DemoMod:PotionOfGunFriendShip","DemoMod:HardPowerCard"],"picked":"DemoMod:AWP","floor":1.0},{"not_picked":["DemoMod:EasyReloadBullets","DemoMod:SkilledReload"],"picked":"DemoMod:HardPowerCard","floor":2.0},{"not_picked":["DemoMod:ZorGun","DemoMod:Unmoved"],"picked":"DemoMod:SniperShot","floor":3.0},{"not_picked":["DemoMod:GunShield","DemoMod:JK47"],"picked":"Bomb","floor":5.0},{"not_picked":["DemoMod:HungryBullets","DemoMod:MachoBrace"],"picked":"DemoMod:ProbeStrike","floor":6.0},{"not_picked":["DemoMod:AbyssalTentacle","DemoMod:DoubleSwitch","DemoMod:Polaris"],"picked":"SKIP","floor":7.0},{"not_picked":["Bomb","DemoMod:PracticeMakesPerfect"],"picked":"DemoMod:FastSwitch","floor":8.0},{"not_picked":["DemoMod:Replace","DemoMod:AbyssalTentacle"],"picked":"DemoMod:BattleInHaste","floor":11.0},{"not_picked":["DemoMod:GunShield","DemoMod:BlankBullets"],"picked":"DemoMod:HardPowerCard","floor":14.0},{"not_picked":["DemoMod:GunslingerForm","DemoMod:BalloonGun"],"picked":"DemoMod:Eureka","floor":16.0},{"not_picked":["DemoMod:StickyCrossBow","DemoMod:TableSutra","DemoMod:Casey"],"picked":"SKIP","floor":18.0},{"not_picked":["DemoMod:StickyCrossBow+1","DemoMod:SniperShot"],"picked":"DemoMod:FastSwitch","floor":19.0},{"not_picked":["DemoMod:FeignSurrender+1","DemoMod:MegaHand+1"],"picked":"DemoMod:EasyReloadBullets+1","floor":21.0},{"not_picked":["DemoMod:MachoBrace","DemoMod:DirectionalPad","DemoMod:Ejector"],"picked":"SKIP","floor":22.0},{"not_picked":["DemoMod:FinishedGun","DemoMod:GunstockTap","DemoMod:Ejector"],"picked":"SKIP","floor":24.0},{"not_picked":["DemoMod:GunstockTap","DemoMod:StickyCrossBow+1","DemoMod:ConditionalReflex"],"picked":"SKIP","floor":28.0},{"not_picked":["DemoMod:BattleInHaste+1","DemoMod:Casey","DemoMod:SAA"],"picked":"SKIP","floor":29.0},{"not_picked":["DemoMod:SAA","DemoMod:TripleGun+1","DemoMod:GunShield"],"picked":"SKIP","floor":30.0},{"not_picked":["DemoMod:DarkMarker","DemoMod:Unity","DemoMod:AC15"],"picked":"SKIP","floor":31.0},{"not_picked":["DemoMod:Rummage+1","DemoMod:DoubleSwitch","DemoMod:PotionOfGunFriendShip+1"],"picked":"SKIP","floor":32.0},{"not_picked":[],"picked":"DemoMod:Elimentaler","floor":35.0},{"not_picked":["DemoMod:ChanceBullets","DemoMod:BattleInHaste+1","DemoMod:RadGun+1"],"picked":"SKIP","floor":37.0},{"not_picked":["DemoMod:HuntsMan+1","DemoMod:BoxingGlove","DemoMod:StrategicReserve+1"],"picked":"SKIP","floor":39.0},{"not_picked":["DemoMod:EasyReloadBullets+1","DemoMod:DoubleSwitch","DemoMod:JK47+1"],"picked":"SKIP","floor":40.0},{"not_picked":["DemoMod:DoubleSwitch+1","DemoMod:TripleGun+1","DemoMod:Ejector+1"],"picked":"SKIP","floor":41.0},{"not_picked":["DemoMod:MachoBrace","DemoMod:HardPowerCard","DemoMod:BSG"],"picked":"SKIP","floor":42.0},{"not_picked":["DemoMod:Ejector+1","DemoMod:HuntsMan+1","DemoMod:FastSwitch"],"picked":"SKIP","floor":44.0},{"not_picked":["DemoMod:MachoBrace","DemoMod:Casey","DemoMod:AbyssalTentacle"],"picked":"SKIP","floor":44.0},{"not_picked":["DemoMod:SniperShot","DemoMod:GunShield"],"picked":"DemoMod:Behold!","floor":46.0},{"not_picked":["DemoMod:MachoBrace+1","DemoMod:AC15","DemoMod:TeaPot"],"picked":"SKIP","floor":49.0},{"not_picked":["DemoMod:Casey","DemoMod:StrategicReserve+1","DemoMod:HuntsMan"],"picked":"SKIP","floor":50.0}],"player_experience":374975,"relics_obtained":[{"floor":3.0,"key":"MagicMushroom"},{"floor":3.0,"key":"GuppysPaw"},{"floor":6.0,"key":"Astrolabe"},{"floor":6.0,"key":"StuffTheSpire:RunicConfusion"},{"floor":8.0,"key":"Mummified Hand"},{"floor":9.0,"key":"DemoMod:PortableTableDevice"},{"floor":14.0,"key":"PrismaticShard"},{"floor":24.0,"key":"hubris:MobiusCoin"},{"floor":36.0,"key":"DemoMod:RatBoots"},{"floor":36.0,"key":"Meat on the Bone"},{"floor":36.0,"key":"DemoMod:PartiallyEatenCheese"},{"floor":36.0,"key":"Snack Pack"},{"floor":36.0,"key":"Quantum Egg"},{"floor":42.0,"key":"ReplayTheSpireMod:Lightbulb"},{"floor":44.0,"key":"halation:PromiseList"},{"floor":45.0,"key":"PillsDrop"},{"floor":46.0,"key":"infinitespire:Midas Blood"},{"floor":49.0,"key":"halation:CatFaceCupcake"},{"floor":50.0,"key":"Calling Bell"}],"event_choices":[{"damage_healed":0.0,"max_hp_gain":0.0,"max_hp_loss":0.0,"gold_gain":0.0,"event_name":"HidenRoomEvent","player_choice":"Fight","floor":3.0,"gold_loss":0.0,"damage_taken":0.0},{"damage_healed":0.0,"max_hp_gain":0.0,"max_hp_loss":0.0,"gold_gain":0.0,"event_name":"Upgrade Shrine","player_choice":"Upgraded","floor":43.0,"gold_loss":0.0,"damage_taken":0.0,"cards_upgraded":["DemoMod:HardPowerCard"]}],"is_beta":false,"boss_relics":[{"not_picked":["halation:Komachan","Bronze Scales"],"picked":"Replay:Bandana"},{"not_picked":[]},{"not_picked":[]}],"items_purged_floors":[10,38],"is_endless":false,"potions_floor_spawned":[2,5,6,8,18,28,31,32,39,41,42,44,46],"ascension_level":3}}