{"host":"wha9hktbkslqvblg","time":1610462508,"event":{"mods":["BaseMod","Colored Map","Minty Spire (QoL Compilation)","Relic Stats","SuperFastMode","everything is the same but u backflip on backflip"],"gold_per_floor":[113,113,38,113,127,152,152,152,178,193,193,204,268,268,268,268,268],"floor_reached":16,"playtime":260,"items_purged":["Defend_R"],"score":246,"play_id":"e8fc93e6-40a1-444d-bed1-56d74b44afda","local_time":"20210112234148","is_ascension_mode":true,"campfire_choices":[{"data":"Body Slam","floor":8,"key":"SMITH"},{"data":"Whirlwind","floor":15,"key":"SMITH"}],"circlet_count":0,"master_deck":["AscendersBane","Strike_R","Strike_R","Strike_R","Defend_R","Defend_R","Defend_R","Bash","Shrug It Off","Body Slam+1","Fiend Fire","Dark Embrace","Pommel Strike","Whirlwind+1","Anger"],"relics":["Burning Blood","NeowsBlessing","Juzu Bracelet","Bag of Marbles","PreservedInsect"],"acts_visited":["Exordium"],"potions_floor_usage":[12,16],"damage_taken":[{"damage":0,"enemies":"2 Louse","floor":1,"turns":1},{"damage":0,"enemies":"Small Slimes","floor":5,"turns":1},{"damage":0,"enemies":"Lagavulin","floor":6,"turns":1},{"damage":0,"enemies":"Cultist","floor":10,"turns":2},{"damage":5,"enemies":"Large Slime","floor":12,"turns":5},{"damage":29,"enemies":"3 Sentries","floor":13,"turns":7},{"damage":26,"enemies":"Slime Boss","floor":16,"turns":4}],"seed_played":"846901034101006486","potions_obtained":[{"floor":5,"key":"Explosive Potion"},{"floor":12,"key":"Dexterity Potion"},{"floor":13,"key":"Block Potion"}],"is_trial":false,"path_per_floor":["M","?","$","?","M","E","?","R","T","M","?","M","?","?","R","B"],"character_chosen":"IRONCLAD","items_purchased":[],"campfire_rested":0,"item_purchase_floors":[],"current_hp_per_floor":[74,79,79,68,74,80,73,73,73,79,79,80,57,57,57,31,31],"gold":268,"neow_bonus":"THREE_ENEMY_KILL","is_daily":false,"chose_seed":false,"campfire_upgraded":2,"win_rate":0.0,"timestamp":1610462508,"path_taken":["M","?","$","?","M","E","?","R","T","M","?","M","?","?","R","BOSS"],"items_purchased_type":[],"build_version":"2020-12-22","purchased_purges":1,"victory":false,"max_hp_per_floor":[75,80,80,80,80,80,80,80,80,80,80,80,80,80,80,80,80],"relic_stats":{"counters":[7,21],"PreservedInsect":0,"Juzu Bracelet":1,"obtain_stats":[{"NeowsBlessing":0,"PreservedInsect":13,"Juzu Bracelet":6,"Bag of Marbles":9,"Burning Blood":0},{"NeowsBlessing":0,"PreservedInsect":6,"Juzu Bracelet":3,"Bag of Marbles":3,"Burning Blood":0},{"NeowsBlessing":0,"PreservedInsect":17,"Juzu Bracelet":3,"Bag of Marbles":3,"Burning Blood":0}],"Burning Blood":36},"card_choices":[{"not_picked":["Perfected Strike","Metallicize"],"picked":"Shrug It Off","floor":1},{"not_picked":["Reckless Charge","Flame Barrier"],"picked":"Body Slam","floor":5},{"not_picked":["Sentinel","Spot Weakness"],"picked":"Fiend Fire","floor":6},{"not_picked":["Inflame","Thunderclap","Warcry"],"picked":"SKIP","floor":10},{"not_picked":["Flex","Sword Boomerang"],"picked":"Pommel Strike","floor":12},{"not_picked":["Blood for Blood","Rage"],"picked":"Whirlwind","floor":13}],"player_experience":962502,"relics_obtained":[{"floor":6,"key":"Juzu Bracelet"},{"floor":9,"key":"Bag of Marbles"},{"floor":13,"key":"PreservedInsect"}],"event_choices":[{"damage_healed":0,"gold_gain":0,"player_choice":"Donut","damage_taken":0,"max_hp_gain":5,"max_hp_loss":0,"event_name":"Big Fish","floor":2,"gold_loss":0},{"damage_healed":0,"gold_gain":75,"player_choice":"Gather Gold","damage_taken":11,"max_hp_gain":0,"max_hp_loss":0,"event_name":"World of Goop","floor":4,"gold_loss":0},{"cards_removed":["Strike_R"],"damage_healed":0,"gold_gain":0,"player_choice":"Card Removal","damage_taken":7,"max_hp_gain":0,"max_hp_loss":0,"event_name":"Golden Wing","floor":7,"gold_loss":0},{"damage_healed":0,"gold_gain":0,"player_choice":"1 cards matched","damage_taken":0,"max_hp_gain":0,"max_hp_loss":0,"event_name":"Match and Keep!","floor":11,"gold_loss":0,"cards_obtained":["Dark Embrace"]},{"damage_healed":0,"gold_gain":30,"player_choice":"Searched \u00273\u0027 times","damage_taken":0,"max_hp_gain":0,"max_hp_loss":0,"event_name":"Dead Adventurer","floor":13,"gold_loss":0},{"damage_healed":0,"gold_gain":0,"cards_transformed":["Strike_R"],"player_choice":"Transformed","damage_taken":0,"max_hp_gain":0,"max_hp_loss":0,"event_name":"Transmorgrifier","floor":14,"gold_loss":0,"cards_obtained":["Anger"]}],"is_beta":false,"boss_relics":[],"items_purged_floors":[3],"is_endless":false,"potions_floor_spawned":[5,12,13],"killed_by":"Slime Boss","ascension_level":20}}