{"host":"zxkjcgzis4pm3za5","time":1610416425,"event":{"mods":["AchievementEnabler","Act Like it!","BaseMod","Colored Map","Colored Powertips","Friendly Minions","GifTheSpireLib","Minty Spire (QoL Compilation)","Quick Restart","RNG Fix","Random Character Button","Relic Sorter","Relic Stats","StSLib"],"gold_per_floor":[118,82,93,104,122,122,135,161,161,161,161,161],"floor_reached":11,"playtime":544,"items_purged":[],"score":128,"play_id":"1f2e9ea2-ab29-4fd0-806d-66bb1efd23b3","local_time":"20210112072345","is_ascension_mode":true,"campfire_choices":[{"data":"Shockwave","floor":6,"key":"SMITH"},{"data":"Fiend Fire","floor":10,"key":"SMITH"}],"circlet_count":0,"master_deck":["AscendersBane","Strike_R","Strike_R","Strike_R","Strike_R","Strike_R","Defend_R","Defend_R","Defend_R","Defend_R","Bash","Clothesline","Ghostly Armor","Thunderclap","Bloodletting","Shockwave+1","Metallicize","Fiend Fire+1"],"relics":["Burning Blood","Boot","StoneCalendar"],"acts_visited":["Exordium"],"potions_floor_usage":[],"damage_taken":[{"damage":11,"enemies":"Jaw Worm","floor":1,"turns":4},{"damage":14,"enemies":"Small Slimes","floor":3,"turns":5},{"damage":2,"enemies":"2 Louse","floor":4,"turns":3},{"damage":15,"enemies":"Exordium Wildlife","floor":5,"turns":4},{"damage":11,"enemies":"Looter","floor":7,"turns":4},{"damage":27,"enemies":"Lagavulin","floor":8,"turns":9},{"damage":24,"enemies":"Gremlin Nob","floor":11,"turns":4}],"seed_played":"7032688714645862264","potions_obtained":[{"floor":4,"key":"PowerPotion"},{"floor":8,"key":"Strength Potion"}],"is_trial":false,"path_per_floor":["M","$","M","M","M","R","M","E","T","R","E"],"character_chosen":"IRONCLAD","items_purchased":["Ghostly Armor"],"campfire_rested":0,"item_purchase_floors":[2],"current_hp_per_floor":[63,63,55,59,50,50,45,24,24,24,0,0],"gold":161,"neow_bonus":"RANDOM_COLORLESS","is_daily":false,"chose_seed":false,"campfire_upgraded":2,"win_rate":0.0,"timestamp":1610416425,"path_taken":["M","?","M","M","M","R","M","E","T","R","E"],"items_purchased_type":["Card"],"build_version":"2020-12-22","purchased_purges":0,"victory":false,"max_hp_per_floor":[75,75,75,75,75,75,75,75,75,75,75,75],"relic_stats":{"counters":[7,33],"StoneCalendar":[0],"Boot":[0],"obtain_stats":[{"StoneCalendar":9,"Boot":8,"Burning Blood":0},{"StoneCalendar":6,"Boot":6,"Burning Blood":0},{"StoneCalendar":29,"Boot":29,"Burning Blood":0}],"Burning Blood":36},"card_choices":[{"not_picked":["Bandage Up","Trip"],"picked":"Dramatic Entrance","floor":0.0},{"not_picked":["Havoc","Wild Strike"],"picked":"Clothesline","floor":1},{"not_picked":["Entrench","Twin Strike"],"picked":"Thunderclap","floor":3},{"not_picked":["Thunderclap","Warcry"],"picked":"Bloodletting","floor":4},{"not_picked":["Pommel Strike","Thunderclap"],"picked":"Shockwave","floor":5},{"not_picked":["Warcry","Burning Pact"],"picked":"Metallicize","floor":7},{"not_picked":["Reckless Charge","Headbutt"],"picked":"Fiend Fire","floor":8}],"player_experience":204213,"relics_obtained":[{"floor":8,"key":"Boot"},{"floor":9,"key":"StoneCalendar"}],"event_choices":[],"is_beta":false,"boss_relics":[],"items_purged_floors":[],"is_endless":false,"potions_floor_spawned":[4,8],"killed_by":"Gremlin Nob","ascension_level":14}}