{"host":"jpcy2bclvs7juczu","time":1610415221,"event":{"mods":["AchievementEnabler","BaseMod","Block Reminder","Colored Powertips","Curses Come First","Minty Spire (QoL Compilation)","Quick Restart","Relic Stats","StSLib","ojb\u0027s Better Paths Mod","ojb\u0027s Info Mod","slay the spire mod where everything is the same but ironclad has a cowboy hat"],"gold_per_floor":[119,136,136,149,34,34,61,61,61,61,61,96,116,141,141,216,216,236,251,301,321,37,37,37,37],"floor_reached":24,"playtime":936,"items_purged":[],"score":478,"play_id":"70496c5a-d292-47a6-86ba-4c6bd38d33a3","local_time":"20210112013341","is_ascension_mode":true,"campfire_choices":[{"data":"Poisoned Stab","floor":6,"key":"SMITH"},{"data":"Dagger Spray","floor":8,"key":"SMITH"},{"data":"Crippling Poison","floor":10,"key":"SMITH"},{"data":"Predator","floor":15,"key":"SMITH"},{"floor":23,"key":"REST"}],"circlet_count":0,"master_deck":["AscendersBane","Survivor","Neutralize+1","Noxious Fumes","Crippling Poison+1","Dagger Spray+1","Deadly Poison","Poisoned Stab+1","Noxious Fumes","Predator+1","Masterful Stab","Wraith Form v2","Burst","Backstab","Masterful Stab","Prepared","Predator","Choke","Outmaneuver","Expertise","Eviscerate","PiercingWail","Catalyst","Master of Strategy"],"relics":["Ring of the Snake","Snake Skull","The Courier","War Paint","Whetstone","Question Card","Pandora\u0027s Box","ClockworkSouvenir"],"acts_visited":["Exordium","TheCity"],"potions_floor_usage":[14,24,24],"damage_taken":[{"damage":6,"enemies":"Small Slimes","floor":1,"turns":5},{"damage":1,"enemies":"Cultist","floor":2,"turns":4},{"damage":1,"enemies":"2 Louse","floor":4,"turns":3},{"damage":17,"enemies":"Lagavulin","floor":7,"turns":6},{"damage":16,"enemies":"3 Sentries","floor":12,"turns":4},{"damage":1,"enemies":"Blue Slaver","floor":13,"turns":3},{"damage":0,"enemies":"Gremlin Nob","floor":14,"turns":3},{"damage":38,"enemies":"Slime Boss","floor":16,"turns":9},{"damage":9,"enemies":"Chosen","floor":18,"turns":4},{"damage":26,"enemies":"Shell Parasite","floor":19,"turns":4},{"damage":0,"enemies":"Centurion and Healer","floor":21,"turns":4},{"damage":36,"enemies":"Gremlin Leader","floor":24,"turns":4}],"seed_played":"8364511250180784271","potions_obtained":[{"floor":1,"key":"SpeedPotion"},{"floor":4,"key":"FearPotion"},{"floor":11,"key":"FairyPotion"},{"floor":16,"key":"AttackPotion"},{"floor":21,"key":"SteroidPotion"}],"is_trial":false,"path_per_floor":["M","M","?","M","$","R","E","R","T","R","?","E","M","E","R","B",null,"M","M","?","M","$","R","E"],"character_chosen":"THE_SILENT","items_purchased":["Deadly Poison","Poisoned Stab","ClockworkSouvenir","Master of Strategy"],"campfire_rested":1,"item_purchase_floors":[5,5,22,22],"current_hp_per_floor":[53,52,52,51,51,51,34,34,34,34,34,18,17,17,17,8,52,43,17,17,17,17,36,0,0],"gold":37,"neow_bonus":"RANDOM_COMMON_RELIC","is_daily":false,"chose_seed":false,"campfire_upgraded":4,"win_rate":0.0,"timestamp":1610415221,"path_taken":["M","M","?","M","$","R","E","R","T","R","?","E","?","E","R","BOSS","M","M","?","M","$","R","E"],"items_purchased_type":["Card","Card","Relic","Card"],"build_version":"2020-12-22","purchased_purges":0,"victory":false,"max_hp_per_floor":[66,66,66,66,66,66,66,66,66,66,66,66,66,66,66,66,66,66,66,66,66,66,66,66,66],"relic_stats":{"counters":[12,53],"Pandora\u0027s Box":["Burst","Backstab","Masterful Stab","Prepared","Predator","Choke","Outmaneuver","Expertise","Eviscerate","PiercingWail"],"Snake Skull":[78],"Whetstone":["Neutralize","Strike_G"],"War Paint":["Defend_G","Defend_G"],"Question Card":4,"obtain_stats":[{"Pandora\u0027s Box":17,"Snake Skull":0,"The Courier":7,"Whetstone":12,"War Paint":9,"Question Card":14,"Ring of the Snake":0,"ClockworkSouvenir":22},{"Pandora\u0027s Box":8,"Snake Skull":0,"The Courier":4,"Whetstone":5,"War Paint":4,"Question Card":7,"Ring of the Snake":0,"ClockworkSouvenir":11},{"Pandora\u0027s Box":37,"Snake Skull":0,"The Courier":18,"Whetstone":22,"War Paint":18,"Question Card":28,"Ring of the Snake":0,"ClockworkSouvenir":49}],"Ring of the Snake":[24]},"card_choices":[{"not_picked":["Dagger Throw","Cloak And Dagger"],"picked":"Noxious Fumes","floor":1},{"not_picked":["Choke","Tactician"],"picked":"Crippling Poison","floor":2},{"not_picked":["Finisher","Outmaneuver"],"picked":"Dagger Spray","floor":4},{"not_picked":["Skewer","Phantasmal Killer"],"picked":"Noxious Fumes","floor":7},{"not_picked":["Wraith Form v2","PiercingWail"],"picked":"Predator","floor":12},{"not_picked":["Poisoned Stab","Well Laid Plans"],"picked":"Masterful Stab","floor":13},{"not_picked":["Dagger Spray","Concentrate","Grand Finale"],"picked":"SKIP","floor":14},{"not_picked":["Die Die Die","After Image","Unload"],"picked":"Wraith Form v2","floor":16},{"not_picked":["Outmaneuver","Masterful Stab","Heel Hook","Blade Dance"],"picked":"SKIP","floor":18},{"not_picked":["All Out Attack+1","Acrobatics","Quick Slash"],"picked":"Catalyst","floor":19},{"not_picked":["Blade Dance","Infinite Blades","Slice","Tactician"],"picked":"SKIP","floor":21}],"player_experience":384565,"relics_obtained":[{"floor":7,"key":"The Courier"},{"floor":9,"key":"War Paint"},{"floor":12,"key":"Whetstone"},{"floor":14,"key":"Question Card"}],"event_choices":[{"damage_healed":0,"gold_gain":0,"player_choice":"Leave","damage_taken":0,"max_hp_gain":0,"max_hp_loss":0,"event_name":"The Cleric","floor":3,"gold_loss":0},{"damage_healed":0,"gold_gain":0,"player_choice":"Got Potions","damage_taken":0,"max_hp_gain":0,"max_hp_loss":0,"event_name":"Lab","floor":11,"gold_loss":0},{"damage_healed":0,"gold_gain":50,"player_choice":"Stole From Cult","damage_taken":0,"max_hp_gain":0,"max_hp_loss":0,"event_name":"Nest","floor":20,"gold_loss":0}],"is_beta":false,"boss_relics":[{"not_picked":["WristBlade","SacredBark"],"picked":"Pandora\u0027s Box"}],"items_purged_floors":[],"is_endless":false,"potions_floor_spawned":[1,4,12,16,21],"killed_by":"Gremlin Leader","ascension_level":20}}