{"host":"vfg9szunmpjwj08o","time":1610480366,"event":{"mods":["Act Like it!","BaseMod","Challenge The Spire","Colored Map","Colored Powertips","Conspire","Dark Map","Fox Events","Minty Spire (QoL Compilation)","StSLib","Waifu the Spire"],"gold_per_floor":[118,128,10,62,82,110,110,138,238,238,288,304,324,147,147,225,325,335,610,621,671,671,671,698,137,237,237,237],"floor_reached":27,"language":"ENG","playtime":1075,"items_purged":["Strike_B","Strike_B","Regret"],"score":466,"play_id":"ed6f5859-6677-4ae8-8cdb-fb4e78800fc2","local_time":"20210112203926","is_ascension_mode":true,"campfire_choices":[{"data":"Zap","floor":7,"key":"SMITH"},{"data":"Dualcast","floor":10,"key":"SMITH"},{"data":"conspire:Rain","floor":15,"key":"SMITH"},{"data":"Defragment","floor":23,"key":"SMITH"}],"circlet_count":0,"master_deck":["AscendersBane","Strike_B","Strike_B","Defend_B","Defend_B","Defend_B","Defend_B","Zap+1","Dualcast+1","Gash","Cold Snap","Self Repair","Self Repair","Scrape","conspire:Rain+1","Go for the Eyes","Echo Form","Defragment+1","Electrodynamics","FTL","Capacitor+1","Echo Form+1","Scrape","Good Instincts"],"relics":["Cracked Core","NeowsBlessing","foxEvents:LuckyCharm","Ginger","conspire:GlowingRock","CaptainsWheel","Coffee Dripper","Frozen Egg 2","DollysMirror","Singing Bowl"],"acts_visited":["Exordium","TheCity"],"potions_floor_usage":[6,8,16,24,27],"damage_taken":[{"damage":0,"enemies":"Cultist","floor":1,"turns":1},{"damage":0,"enemies":"Jaw Worm","floor":2,"turns":1},{"damage":0,"enemies":"Colosseum Slavers","floor":4,"turns":1},{"damage":10,"enemies":"2 Louse","floor":5,"turns":2},{"damage":17,"enemies":"3 Sentries","floor":6,"turns":10},{"damage":24,"enemies":"Lagavulin","floor":8,"turns":6},{"damage":13,"enemies":"Lots of Slimes","floor":12,"turns":4},{"damage":12,"enemies":"Large Slime","floor":13,"turns":5},{"damage":27,"enemies":"Hexaghost","floor":16,"turns":8},{"damage":10,"enemies":"3 Byrds","floor":18,"turns":3},{"damage":12,"enemies":"Spheric Guardian","floor":20,"turns":4},{"damage":50,"enemies":"Book of Stabbing","floor":24,"turns":5},{"damage":40,"enemies":"Snake Plant","floor":27,"turns":4}],"seed_played":"-6863681810391336388","potions_obtained":[{"floor":5,"key":"EssenceOfSteel"},{"floor":6,"key":"PotionOfCapacity"},{"floor":8,"key":"Strength Potion"},{"floor":12,"key":"GamblersBrew"},{"floor":16,"key":"AttackPotion"},{"floor":18,"key":"Dexterity Potion"},{"floor":24,"key":"BlessingOfTheForge"}],"is_trial":false,"path_per_floor":["M","M","$","?","M","E","R","E","T","R","?","M","M","$","R","B",null,"M","?","M","?","?","R","E","$","T","M"],"character_chosen":"DEFECT","items_purchased":["Self Repair","Defragment","Capacitor+1","DollysMirror","Scrape","Good Instincts"],"campfire_rested":0,"item_purchase_floors":[3,14,25,25,25,25],"current_hp_per_floor":[64,64,64,71,71,68,68,58,58,58,51,52,54,54,54,41,64,68,68,70,70,70,70,34,34,34,0,0],"gold":237,"neow_bonus":"THREE_ENEMY_KILL","is_daily":false,"chose_seed":false,"campfire_upgraded":4,"win_rate":0.0,"timestamp":1610480366,"path_taken":["M","?","$","?","M","E","R","E","T","R","?","?","M","$","R","BOSS","M","?","?","?","?","R","E","$","T","M"],"items_purchased_type":["Card","Card","Card","Relic","Card","Card"],"build_version":"2020-12-22","purchased_purges":3,"victory":false,"max_hp_per_floor":[71,71,71,71,71,71,71,71,71,71,71,71,71,71,71,71,71,71,71,71,71,71,71,71,71,71,71,71],"card_choices":[{"not_picked":["Rebound","Sweeping Beam"],"picked":"Gash","floor":1},{"not_picked":["Beam Cell","Hologram"],"picked":"Cold Snap","floor":2},{"not_picked":["Reprogram","Fusion"],"picked":"Self Repair","floor":4},{"not_picked":["Streamline","Rip and Tear"],"picked":"Scrape","floor":5},{"not_picked":["Beam Cell","Sweeping Beam"],"picked":"conspire:Rain","floor":6},{"not_picked":["Storm","White Noise"],"picked":"Go for the Eyes","floor":8},{"not_picked":["Force Field","Cold Snap","Rip and Tear"],"picked":"SKIP","floor":12},{"not_picked":["Rebound","FTL"],"picked":"Echo Form","floor":13},{"not_picked":["Core Surge","Biased Cognition"],"picked":"Electrodynamics","floor":16},{"not_picked":["Beam Cell","Reprogram"],"picked":"FTL","floor":18},{"not_picked":["Stack","Rebound","Leap"],"picked":"SKIP","floor":20},{"not_picked":["Hello World+1","Sweeping Beam","Streamline+1"],"picked":"SKIP","floor":24}],"player_experience":1058924,"relics_obtained":[{"floor":4,"key":"foxEvents:LuckyCharm"},{"floor":6,"key":"Ginger"},{"floor":8,"key":"conspire:GlowingRock"},{"floor":9,"key":"CaptainsWheel"},{"floor":24,"key":"Frozen Egg 2"},{"floor":26,"key":"Singing Bowl"}],"event_choices":[{"damage_healed":0,"gold_gain":50,"player_choice":"Touch","damage_taken":7,"max_hp_gain":0,"max_hp_loss":0,"event_name":"FaceTrader","floor":11,"gold_loss":0},{"damage_healed":0,"gold_gain":275,"player_choice":"Desecrate","damage_taken":0,"max_hp_gain":0,"max_hp_loss":0,"event_name":"Golden Shrine","floor":19,"gold_loss":0,"cards_obtained":["Regret"]},{"damage_healed":0,"gold_gain":50,"player_choice":"Stole From Cult","damage_taken":0,"max_hp_gain":0,"max_hp_loss":0,"event_name":"Nest","floor":21,"gold_loss":0},{"damage_healed":0,"gold_gain":0,"player_choice":"Ignored","damage_taken":0,"max_hp_gain":0,"max_hp_loss":0,"event_name":"The Mausoleum","floor":22,"gold_loss":0}],"is_beta":false,"boss_relics":[{"not_picked":["FrozenCore","Runic Dome"],"picked":"Coffee Dripper"}],"items_purged_floors":[3,14,25],"is_endless":false,"potions_floor_spawned":[5,6,8,12,16,18,24],"killed_by":"Snake Plant","ascension_level":19}}