{"host":"e52c7hvho6xny3hd","time":1610463440,"event":{"mods":["AchievementEnabler","BaseMod","Colored Map","DeckTracker","Minty Spire (QoL Compilation)","Permanent Neow","StSLib"],"gold_per_floor":[110,126,143,159,234,234,253,253,253,253,20,39,39,57,57,57,57],"floor_reached":16,"playtime":583,"items_purged":["Strike_R"],"score":183,"play_id":"4ba9cccf-7a2b-4dd2-ac11-8eb3d129200a","local_time":"20210112235720","is_ascension_mode":true,"campfire_choices":[{"data":"Uppercut","floor":6,"key":"SMITH"},{"data":"Metallicize","floor":8,"key":"SMITH"},{"data":"Searing Blow","floor":13,"key":"SMITH"},{"data":"Searing Blow+1","floor":15,"key":"SMITH"}],"circlet_count":0,"master_deck":["AscendersBane","Strike_R","Strike_R","Defend_R","Defend_R","Defend_R","Defend_R","Bash","Uppercut+1","Metallicize+1","Pommel Strike","Feel No Pain","Intimidate","Ghostly Armor","Rupture","Immolate","Searing Blow+2","Metallicize"],"relics":["Burning Blood","Toxic Egg 2"],"acts_visited":["Exordium"],"potions_floor_usage":[],"damage_taken":[{"damage":4.0,"enemies":"Small Slimes","floor":1.0,"turns":3.0},{"damage":4,"enemies":"Jaw Worm","floor":2,"turns":4},{"damage":1,"enemies":"2 Louse","floor":3,"turns":3},{"damage":4,"enemies":"Large Slime","floor":4,"turns":6},{"damage":27,"enemies":"Exordium Thugs","floor":7,"turns":7},{"damage":4,"enemies":"Looter","floor":12,"turns":4},{"damage":8,"enemies":"Large Slime","floor":14,"turns":4},{"damage":36,"enemies":"Slime Boss","floor":16,"turns":9}],"seed_played":"8231338086301540932","potions_obtained":[{"floor":1.0,"key":"Fire Potion"},{"floor":4,"key":"EntropicBrew"},{"floor":14,"key":"Block Potion"}],"is_trial":false,"path_per_floor":["M","M","M","M","?","R","M","R","T","?","$","M","R","M","R","B"],"character_chosen":"IRONCLAD","items_purchased":["Immolate"],"campfire_rested":0,"item_purchase_floors":[11],"current_hp_per_floor":[70,72,75,75,64,64,43,43,43,43,43,45,45,43,43,7,7],"gold":57,"neow_bonus":"TRANSFORM_CARD","is_daily":false,"chose_seed":false,"campfire_upgraded":4,"win_rate":0.0,"timestamp":1610463440,"path_taken":["M","M","M","M","?","R","M","R","T","?","$","M","R","M","R","BOSS"],"items_purchased_type":["Card"],"build_version":"2020-12-22","purchased_purges":1,"victory":false,"max_hp_per_floor":[75,75,75,75,75,75,75,75,75,75,75,75,75,75,75,75,75],"card_choices":[{"not_picked":["True Grit","Armaments"],"picked":"Metallicize","floor":1.0},{"not_picked":["Perfected Strike","Armaments"],"picked":"Pommel Strike","floor":2},{"not_picked":["Shockwave","Sword Boomerang"],"picked":"Feel No Pain","floor":3},{"not_picked":["Wild Strike","Havoc"],"picked":"Intimidate","floor":4},{"not_picked":["Clash","Uppercut"],"picked":"Ghostly Armor","floor":7},{"not_picked":["Heavy Blade","Offering+1"],"picked":"Searing Blow","floor":12},{"not_picked":["Whirlwind","Iron Wave"],"picked":"Metallicize","floor":14}],"player_experience":655607,"relics_obtained":[{"floor":9,"key":"Toxic Egg 2"}],"event_choices":[{"damage_healed":0,"gold_gain":75,"player_choice":"Gather Gold","damage_taken":11,"max_hp_gain":0,"max_hp_loss":0,"event_name":"World of Goop","floor":5,"gold_loss":0},{"damage_healed":0,"gold_gain":0,"cards_transformed":["Strike_R"],"player_choice":"Change","damage_taken":0,"max_hp_gain":0,"max_hp_loss":0,"event_name":"Living Wall","floor":10,"gold_loss":0,"cards_obtained":["Rupture"]}],"is_beta":false,"boss_relics":[],"items_purged_floors":[11],"is_endless":false,"potions_floor_spawned":[1,4,14],"killed_by":"Slime Boss","ascension_level":19}}