{"host":"qie2g20yrau14p9p","time":1610443888,"event":{"mods":["BaseMod","Downfall","Minty Spire (QoL Compilation)","Replay The Spire","StSLib","The Cursed","The Necromancer","The Runesmith"],"gold_per_floor":[114,114,289,381,20,36,50,11,11,11,25,25,38,50,50,155,155,168,178,196,196,196,216,216,216,251,266,289,289,302,318,330,290,290,290,290],"floor_reached":35,"playtime":2786,"items_purged":[],"score":423,"play_id":"abcd9c55-bd7d-4fbf-a5a8-cbb0389de5be","local_time":"20210112033128","is_ascension_mode":false,"campfire_choices":[{"data":"TheCursedMod:CleanUpWorkshop","floor":10,"key":"SMITH"},{"floor":15,"key":"DIG"},{"floor":25,"key":"REST"},{"floor":34,"key":"REST"}],"circlet_count":0,"master_deck":["TheCursedMod:Strike_TheCursed","TheCursedMod:Strike_TheCursed","TheCursedMod:Strike_TheCursed","TheCursedMod:Strike_TheCursed","TheCursedMod:Defend_TheCursed","TheCursedMod:Defend_TheCursed","TheCursedMod:Defend_TheCursed","TheCursedMod:Defend_TheCursed","TheCursedMod:CursedWand","TheCursedMod:CleanUpWorkshop+1","TheCursedMod:Dregs","TheCursedMod:Hemoplague+1","Clumsy","Doubt","ReplayTheSpireMod:Splinters","Armaments","PiercingWail","TheCursedMod:LuckyCharm","TheCursedMod:Stigma+1","TheCursedMod:VitalStrike","sneckomod:Nope","JustLucky+1","Ball Lightning+1","hexamod:Firestarter+1","Poison Darts","Slimebound:Schlurp","Scare","TheCursedMod:ManaBullet+1","ReplayTheSpireMod:Repulse","Guardian:WalkerClaw+1","Replay:SS_fish_3+1","Languid","hexamod:NightmareStrike+1","champ:ViciousMockery+1"],"relics":["TheCursedMod:BlackMagic101","PrismaticShard","Bronze Scales","Replay:Ringing Soul","Molten Egg 2","FaceOfCleric","TheCursedMod:DemonicMark","Runic Pyramid","MutagenicStrength","Kunai","ReplayFunnel","Pen Nib"],"acts_visited":["Exordium","TheCity"],"potions_floor_usage":[16,16,31,32,32,35],"damage_taken":[{"damage":0,"enemies":"Small Slimes","floor":1,"turns":3},{"damage":0,"enemies":"2 Louse","floor":6,"turns":3},{"damage":0,"enemies":"Jaw Worm","floor":7,"turns":4},{"damage":0,"enemies":"Blue Slaver","floor":11,"turns":5},{"damage":0,"enemies":"2 Fungi Beasts","floor":13,"turns":3},{"damage":11,"enemies":"Red Slaver","floor":14,"turns":3},{"damage":25,"enemies":"Fading Forest","floor":16,"turns":11},{"damage":10,"enemies":"Spheric Guardian","floor":18,"turns":3},{"damage":14,"enemies":"3 Byrds","floor":19,"turns":3},{"damage":8,"enemies":"Snecko","floor":20,"turns":5},{"damage":6,"enemies":"Sentry and Sphere","floor":23,"turns":4},{"damage":51,"enemies":"Book of Stabbing","floor":26,"turns":5},{"damage":38,"enemies":"Centurion and Healer","floor":27,"turns":5},{"damage":29,"enemies":"Cultist and Chosen","floor":30,"turns":6},{"damage":8,"enemies":"3 Cultists","floor":31,"turns":5},{"damage":10,"enemies":"Shelled Parasite and Fungi","floor":32,"turns":7},{"damage":92,"enemies":"Champ","floor":35,"turns":15}],"seed_played":"8648105656654668789","potions_obtained":[{"floor":7,"key":"Adrenaline Potion"},{"floor":11,"key":"Fire Potion"},{"floor":13,"key":"FairyPotion"},{"floor":19,"key":"Languid Potion"},{"floor":26,"key":"AttackPotion"},{"floor":31,"key":"Weak Potion"},{"floor":32,"key":"LiquidMemories"}],"is_trial":false,"path_per_floor":["M","?","?","?","$","M","M","?","T","R","M","?","M","M","R","B",null,"M","M","M","PTL","PTL","M","?","R","E","M","T","?","M","M","M","?","R","B"],"character_chosen":"THE_CURSED","items_purchased":["Replay:Ringing Soul","TheCursedMod:LuckyCharm","TheCursedMod:Stigma"],"campfire_rested":2,"item_purchase_floors":[5,5,5],"current_hp_per_floor":[75,75,75,75,78,81,84,84,84,84,87,87,91,84,84,73,99,93,83,79,79,79,77,77,111,64,30,30,33,8,43,37,37,78,0,0],"gold":290,"neow_bonus":"","is_daily":false,"chose_seed":false,"campfire_upgraded":1,"win_rate":0.0,"timestamp":1610443888,"path_taken":["M","?","?","?","?","M","?","?","T","R","M","?","M","M","R","BOSS","M","M","M","PTL","PTL","M","?","R","E","M","T","?","M","?","M","?","R","BOSS"],"items_purchased_type":["Relic","Card","Card"],"build_version":"2020-12-13","purchased_purges":0,"victory":false,"max_hp_per_floor":[75,75,75,75,78,81,84,84,84,84,87,87,91,95,95,99,99,103,107,111,111,111,115,115,115,119,123,123,126,130,134,138,138,138,138,138],"card_choices":[{"not_picked":["TheCursedMod:TacticalStrike","TheCursedMod:Stretching"],"picked":"TheCursedMod:Hemoplague","floor":1},{"not_picked":["Corrupt","Slimebound:ComboTackle"],"picked":"Armaments","floor":4},{"not_picked":["champ:HeartStrike","Guardian:ConstructionForm"],"picked":"PiercingWail","floor":4},{"not_picked":["Ball Lightning","Guardian:RollAttack"],"picked":"TheCursedMod:VitalStrike","floor":6},{"not_picked":["Guardian:TemporalStrike","sneckomod:UnknownX"],"picked":"sneckomod:Nope","floor":7},{"not_picked":["hexamod:DynamicBlow+1","Slimebound:Gluttony"],"picked":"JustLucky+1","floor":11},{"not_picked":["Replay:BluntJabs+1","ReplayTheSpireMod:Shiv Toss"],"picked":"Ball Lightning+1","floor":13},{"not_picked":["Runesmith:ChaoticBlast+1","sneckomod:UnknownClassTHE_CHAMP_GRAY"],"picked":"hexamod:Firestarter+1","floor":14},{"not_picked":["Hemogenesis+1","Brutality"],"picked":"Poison Darts","floor":16},{"not_picked":["Runesmith:CraftProtectio","Replay:SS_fish_1+1"],"picked":"Slimebound:Schlurp","floor":18},{"not_picked":["Warcry","Leap"],"picked":"Scare","floor":19},{"not_picked":["Slimebound:ProtectTheBoss","Cleave+1"],"picked":"TheCursedMod:ManaBullet+1","floor":20},{"not_picked":["Backflip+1","Bouncing Flask"],"picked":"ReplayTheSpireMod:Repulse","floor":23},{"not_picked":["Jack Of All Trades","Runesmith:Terraform"],"picked":"Guardian:WalkerClaw+1","floor":26},{"not_picked":["FollowUp+1","TheCursedMod:SpreadPlague"],"picked":"Replay:SS_fish_3+1","floor":27},{"not_picked":["TheCursedMod:CircleOfAmplification","Thunder Strike+1"],"picked":"Guardian:Gem_Lightblue","floor":30},{"not_picked":["sneckomod:IronFang+1","Consecrate+1"],"picked":"hexamod:NightmareStrike+1","floor":31},{"not_picked":["expansioncontent:FaceSlap+1","hexamod:SpectralAdrenaline+1"],"picked":"champ:ViciousMockery+1","floor":32}],"player_experience":0,"relics_obtained":[{"floor":4,"key":"Bronze Scales"},{"floor":9,"key":"Molten Egg 2"},{"floor":15,"key":"TheCursedMod:DemonicMark"},{"floor":26,"key":"Kunai"},{"floor":28,"key":"ReplayFunnel"}],"event_choices":[{"damage_healed":0,"gold_gain":175,"player_choice":"AGREE","damage_taken":0,"max_hp_gain":0,"max_hp_loss":0,"event_name":"Liars Game","floor":3,"gold_loss":0,"cards_obtained":["Doubt"]},{"damage_healed":0,"gold_gain":0,"player_choice":"Left Gold","damage_taken":0,"max_hp_gain":0,"max_hp_loss":0,"event_name":"World of Goop","floor":8,"gold_loss":39},{"damage_healed":0,"gold_gain":0,"player_choice":"Trade","damage_taken":0,"relics_obtained":["FaceOfCleric"],"max_hp_gain":0,"max_hp_loss":0,"event_name":"FaceTrader","floor":12,"gold_loss":0},{"damage_healed":0,"gold_gain":0,"player_choice":"Inject Mutagens","damage_taken":0,"relics_obtained":["MutagenicStrength"],"max_hp_gain":0,"max_hp_loss":0,"event_name":"Drug Dealer","floor":24,"gold_loss":0},{"damage_healed":0,"gold_gain":0,"player_choice":"Upgraded Two","damage_taken":0,"max_hp_gain":0,"max_hp_loss":0,"event_name":"Designer","floor":33,"gold_loss":40,"cards_upgraded":["TheCursedMod:Hemoplague","TheCursedMod:Stigma"]}],"is_beta":false,"boss_relics":[{"not_picked":["SlaversCollar","Tiny House"],"picked":"Runic Pyramid"}],"items_purged_floors":[],"is_endless":false,"potions_floor_spawned":[7,11,13,19,26,31,32],"killed_by":"Champ","ascension_level":0}}