{"host":"t57cmx9i4dws44v8","time":1610469151,"event":{"mods":["BaseMod","Hermit","Minty Spire (QoL Compilation)","StSLib","The Servant 0.9.4"],"gold_per_floor":[114,130,130,150,115,142,142,67,67,67,67,96,106,124,124,219,219,229,241,255,162,176,205,70,70,70,70,95,95,95],"floor_reached":29,"playtime":1285,"items_purged":["hermit:Defend_Hermit","hermit:Strike_Hermit"],"score":273,"play_id":"81907cf8-6f3f-497b-b0a5-c7a179137c8a","local_time":"20210113003231","is_ascension_mode":false,"campfire_choices":[{"data":"hermit:Maintenance","floor":7.0,"key":"SMITH"},{"floor":10.0,"key":"REST"},{"data":"hermit:WideOpen","floor":15.0,"key":"SMITH"},{"floor":25,"key":"REST"},{"floor":27,"key":"DIG"}],"circlet_count":0,"master_deck":["hermit:Strike_Hermit+1","hermit:Strike_Hermit","hermit:Defend_Hermit","hermit:Defend_Hermit+1","hermit:Snapshot","hermit:Covet","hermit:Glare+1","hermit:Maintenance+1","hermit:Vantage","hermit:TakeCover","hermit:WideOpen+1","hermit:HighCaliber","hermit:Shortfuse","Bandage Up","hermit:Brawl+1"],"relics":["hermit:Momento","Frozen Egg 2","Happy Flower","Shovel","Empty Cage","MealTicket","Pear","Bottled Lightning","PreservedInsect"],"acts_visited":["Exordium","TheCity"],"potions_floor_usage":[23,23,29],"damage_taken":[{"damage":2.0,"enemies":"2 Louse","floor":1.0,"turns":2.0},{"damage":10.0,"enemies":"Small Slimes","floor":2.0,"turns":3.0},{"damage":0.0,"enemies":"Cultist","floor":4.0,"turns":3.0},{"damage":32.0,"enemies":"Gremlin Nob","floor":6.0,"turns":5.0},{"damage":10.0,"enemies":"3 Sentries","floor":12.0,"turns":9.0},{"damage":10.0,"enemies":"Looter","floor":13.0,"turns":3.0},{"damage":1.0,"enemies":"2 Fungi Beasts","floor":14.0,"turns":4.0},{"damage":13.0,"enemies":"Hexaghost","floor":16.0,"turns":10.0},{"damage":10.0,"enemies":"Spheric Guardian","floor":18.0,"turns":5.0},{"damage":8.0,"enemies":"Shell Parasite","floor":19.0,"turns":5.0},{"damage":10.0,"enemies":"Snecko","floor":20.0,"turns":8.0},{"damage":12.0,"enemies":"Shelled Parasite and Fungi","floor":22.0,"turns":5.0},{"damage":36,"enemies":"Gremlin Leader","floor":23,"turns":6},{"damage":51,"enemies":"Slavers","floor":28,"turns":7},{"damage":5,"enemies":"3 Cultists","floor":29,"turns":4}],"seed_played":"-4715443325469120809","potions_obtained":[{"floor":4.0,"key":"GamblersBrew"},{"floor":12.0,"key":"LiquidMemories"},{"floor":16.0,"key":"hermit:Tonic"},{"floor":22.0,"key":"Dexterity Potion"},{"floor":28,"key":"Weak Potion"}],"is_trial":false,"path_per_floor":["M","M","?","M","?","E","R","$","T","R","?","E","M","M","R","B",null,"M","M","M","$","M","E","$","R","T","R","E","M"],"character_chosen":"HERMIT","items_purchased":["Bandage Up","hermit:Brawl+1"],"campfire_rested":2,"item_purchase_floors":[21,24],"current_hp_per_floor":[73,63,48,48,66,34,34,34,34,56,56,46,36,35,35,22,75,65,57,47,47,39,7,22,44,54,54,7,6,6],"gold":95,"neow_bonus":"THREE_CARDS","is_daily":false,"chose_seed":false,"campfire_upgraded":2,"win_rate":0.0,"timestamp":1610469151,"path_taken":["M","M","?","M","?","E","R","$","T","R","?","E","M","M","R","BOSS","M","M","M","$","M","E","?","R","T","R","E","M"],"items_purchased_type":["Card","Card"],"build_version":"2020-12-22","purchased_purges":2,"victory":false,"max_hp_per_floor":[75,75,75,75,75,75,75,75,75,75,75,75,75,75,75,75,75,75,75,75,75,75,75,75,75,85,85,85,85,85],"card_choices":[{"not_picked":["hermit:Misfire","hermit:Cheat"],"picked":"hermit:Glare","floor":0.0},{"not_picked":["hermit:Dive","hermit:SprayPray"],"picked":"hermit:Maintenance","floor":1.0},{"not_picked":["hermit:Cheat","hermit:Misfire","hermit:Glare"],"picked":"SKIP","floor":2.0},{"not_picked":["hermit:Manifest","hermit:TakeAim"],"picked":"hermit:Vantage","floor":4.0},{"not_picked":["hermit:EyeOfTheStorm","hermit:Vantage","hermit:Snipe"],"picked":"SKIP","floor":6.0},{"not_picked":["hermit:FullyLoaded","hermit:FinalCanter"],"picked":"hermit:TakeCover","floor":12.0},{"not_picked":["hermit:FlashPowder","hermit:Midnight"],"picked":"hermit:WideOpen","floor":13.0},{"not_picked":["hermit:SprayPray","hermit:Quickdraw"],"picked":"hermit:HighCaliber","floor":14.0},{"not_picked":["hermit:Scavenge+1","hermit:Manifest","hermit:Vantage"],"picked":"SKIP","floor":18.0},{"not_picked":["hermit:BodyArmor","hermit:LowProfile+1","hermit:Horror"],"picked":"SKIP","floor":19.0},{"not_picked":["hermit:Ricochet","hermit:TrackingShot+1"],"picked":"hermit:Shortfuse","floor":20.0},{"not_picked":["hermit:Enervate+1","hermit:GhostlyPresence","hermit:Shortfuse"],"picked":"SKIP","floor":22.0},{"not_picked":["hermit:Dissolve","hermit:CalledShot","hermit:HighCaliber"],"picked":"SKIP","floor":23},{"not_picked":["hermit:FlashPowder","hermit:HoleUp","hermit:Headshot+1"],"picked":"SKIP","floor":28}],"player_experience":1024542,"relics_obtained":[{"floor":6.0,"key":"Frozen Egg 2"},{"floor":9.0,"key":"Happy Flower"},{"floor":12.0,"key":"Shovel"},{"floor":23,"key":"MealTicket"},{"floor":26,"key":"Pear"},{"floor":27,"key":"Bottled Lightning"},{"floor":28,"key":"PreservedInsect"}],"event_choices":[{"damage_healed":0.0,"max_hp_gain":0.0,"max_hp_loss":0.0,"gold_gain":0.0,"event_name":"Shining Light","player_choice":"Entered Light","floor":3.0,"gold_loss":0.0,"damage_taken":15.0,"cards_upgraded":["hermit:Defend_Hermit","hermit:Strike_Hermit"]},{"damage_healed":18.0,"max_hp_gain":0.0,"max_hp_loss":0.0,"gold_gain":0.0,"event_name":"The Cleric","player_choice":"Healed","floor":5.0,"gold_loss":35.0,"damage_taken":0.0},{"damage_healed":0.0,"max_hp_gain":0.0,"max_hp_loss":0.0,"gold_gain":0.0,"event_name":"Upgrade Shrine","player_choice":"Upgraded","floor":11.0,"gold_loss":0.0,"damage_taken":0.0,"cards_upgraded":["hermit:Glare"]}],"is_beta":false,"boss_relics":[{"not_picked":["Busted Crown","Coffee Dripper"],"picked":"Empty Cage"}],"items_purged_floors":[8,24],"is_endless":false,"potions_floor_spawned":[4,12,16,22,28],"killed_by":"3 Cultists","ascension_level":0}}