{"host":"1mv6gj0zv8k9e9tz","time":1610482246,"event":{"mods":["AchievementEnabler","BaseMod","Better Third Choice","Colored Map","KOR Keyword Fix","Minty Spire (QoL Compilation)","Permanent Neow","Rare Cards Sparkle","StSLib"],"gold_per_floor":[109,119,138,151,151,151,184,184,184,184,184],"floor_reached":10,"language":"KOR","playtime":362,"items_purged":[],"score":116,"play_id":"91bfd134-df78-4056-bd61-136f5ba46b31","local_time":"20210113051046","is_ascension_mode":true,"campfire_choices":[{"data":"Alpha","floor":6,"key":"SMITH"},{"data":"ThirdEye","floor":8,"key":"SMITH"}],"circlet_count":0,"master_deck":["Strike_P","Strike_P","Strike_P","Defend_P","Defend_P","Defend_P","Defend_P","Eruption","Vigilance","Alpha+1","MentalFortress","ThirdEye+1","Alpha"],"relics":["PureWater","Bag of Marbles"],"acts_visited":["Exordium"],"potions_floor_usage":[7],"damage_taken":[{"damage":0,"enemies":"Cultist","floor":1,"turns":3},{"damage":6,"enemies":"2 Louse","floor":2,"turns":4},{"damage":7,"enemies":"Small Slimes","floor":3,"turns":5},{"damage":2,"enemies":"2 Fungi Beasts","floor":4,"turns":4},{"damage":0,"enemies":"3 Sentries","floor":7,"turns":3},{"damage":25,"enemies":"Gremlin Nob","floor":10,"turns":4}],"seed_played":"3791321189100320542","potions_obtained":[{"floor":1,"key":"Block Potion"},{"floor":2,"key":"Explosive Potion"},{"floor":7,"key":"BottledMiracle"}],"is_trial":false,"path_per_floor":["M","M","M","M","?","R","E","R","T","E"],"character_chosen":"WATCHER","items_purchased":[],"campfire_rested":0,"item_purchase_floors":[],"current_hp_per_floor":[51,45,38,36,29,29,29,29,29,4,4],"gold":184,"neow_bonus":"THREE_RARE_CARDS","is_daily":false,"chose_seed":false,"campfire_upgraded":2,"win_rate":0.0,"timestamp":1610482246,"path_taken":["M","M","?","M","?","R","E","R","T","E"],"items_purchased_type":[],"build_version":"2020-12-22","purchased_purges":0,"victory":false,"max_hp_per_floor":[72,72,72,72,72,72,72,72,72,72,72],"card_choices":[{"not_picked":["Ragnarok","Devotion"],"picked":"Alpha","floor":0},{"not_picked":["Vengeance","Protect"],"picked":"MentalFortress","floor":1},{"not_picked":["Pray","FlurryOfBlows","PathToVictory"],"picked":"SKIP","floor":2},{"not_picked":["Weave","ReachHeaven","Evaluate"],"picked":"SKIP","floor":3},{"not_picked":["FlurryOfBlows","EmptyFist"],"picked":"ThirdEye","floor":4},{"not_picked":["FlurryOfBlows","Consecrate"],"picked":"Alpha","floor":7}],"player_experience":519744,"relics_obtained":[{"floor":7,"key":"Bag of Marbles"}],"event_choices":[{"cards_removed":["Strike_P"],"damage_healed":0,"gold_gain":0,"player_choice":"Card Removal","damage_taken":7,"max_hp_gain":0,"max_hp_loss":0,"event_name":"Golden Wing","floor":5,"gold_loss":0}],"is_beta":false,"boss_relics":[],"items_purged_floors":[],"is_endless":false,"potions_floor_spawned":[1,2,7],"killed_by":"Gremlin Nob","ascension_level":5}}