{"host":"x000krxjblg8jdg4","time":1610484355,"event":{"mods":["BaseMod","Downfall","Hermit","Minty Spire (QoL Compilation)","StSLib","The Runesmith","The Servant 0.9.4"],"gold_per_floor":[99,118,132,143,163,163,189,199,199,213,122,122,157,183,195,195,195],"floor_reached":16,"language":"ENG","playtime":1542,"items_purged":[],"score":114,"play_id":"5854fef7-35c7-42e2-8ee0-07de49231051","local_time":"20210112184555","daily_mods":["Heirloom","Time Dilation","DeadlyEvents"],"is_ascension_mode":false,"campfire_choices":[{"floor":1,"key":"RECALL"},{"floor":9,"key":"REST"}],"circlet_count":0,"master_deck":["hermit:Strike_Hermit","hermit:Strike_Hermit","hermit:Strike_Hermit","hermit:Strike_Hermit","hermit:Defend_Hermit","hermit:Defend_Hermit","hermit:Defend_Hermit","hermit:Defend_Hermit","hermit:Snapshot","hermit:Covet","hermit:GoldenBullet","hermit:Vantage","hermit:Determination","hermit:Ricochet","hermit:Quickdraw","hermit:ItchyTrigger","hermit:PistolWhip","hermit:GoldenBullet","hermit:Quickdraw","hermit:Snipe"],"relics":["hermit:Momento","Mango","downfall:BrokenWingStatue","Oddly Smooth Stone","PreservedInsect","Omamori"],"acts_visited":["Exordium"],"potions_floor_usage":[16,16,16],"damage_taken":[{"damage":3,"enemies":"Jaw Worm","floor":2,"turns":4},{"damage":10,"enemies":"Small Slimes","floor":3,"turns":3},{"damage":0,"enemies":"Cultist","floor":4,"turns":3},{"damage":9,"enemies":"Large Slime","floor":5,"turns":5},{"damage":12,"enemies":"Exordium Thugs","floor":8,"turns":5},{"damage":14,"enemies":"3 Louse","floor":10,"turns":3},{"damage":2,"enemies":"downfall:FleeingMerchant","floor":11,"turns":4},{"damage":7,"enemies":"Lagavulin","floor":13,"turns":5},{"damage":6,"enemies":"Gremlin Nob","floor":14,"turns":3},{"damage":11,"enemies":"Large Slime","floor":15,"turns":3},{"damage":56,"enemies":"downfall:Defect","floor":16,"turns":5}],"seed_played":"-1429630946263702060","potions_obtained":[{"floor":2,"key":"Swift Potion"},{"floor":3,"key":"SteroidPotion"},{"floor":13,"key":"Energy Potion"},{"floor":14,"key":"LiquidBronze"}],"is_trial":true,"path_per_floor":["R","M","M","M","M","?","T","M","R","M","$","?","E","E","M","B"],"character_chosen":"HERMIT","items_purchased":["hermit:PistolWhip"],"campfire_rested":1,"item_purchase_floors":[11],"current_hp_per_floor":[89,86,76,76,67,67,67,55,81,67,65,65,58,52,41,0,0],"gold":195,"neow_bonus":"","is_daily":false,"chose_seed":false,"campfire_upgraded":0,"win_rate":0.0,"timestamp":1610484355,"path_taken":["R","M","M","M","M","?","T","M","R","M","$","?","?","E","M","BOSS"],"items_purchased_type":["Card"],"build_version":"2020-12-22","purchased_purges":0,"victory":false,"max_hp_per_floor":[89,89,89,89,89,89,89,89,89,89,89,89,89,89,89,89,89],"card_choices":[{"not_picked":["hermit:Grudge","hermit:LowProfile"],"picked":"hermit:GoldenBullet","floor":2},{"not_picked":["hermit:Misfire","hermit:Feint"],"picked":"hermit:Vantage","floor":3},{"not_picked":["hermit:GhostlyPresence","hermit:Misfire"],"picked":"hermit:Determination","floor":4},{"not_picked":["hermit:Roulette","hermit:LowProfile","hermit:HoleUp"],"picked":"SKIP","floor":5},{"not_picked":["hermit:Dive","hermit:Quickdraw"],"picked":"hermit:Ricochet","floor":8},{"not_picked":["hermit:ItchyTrigger","hermit:HighCaliber"],"picked":"hermit:Quickdraw","floor":10},{"not_picked":["hermit:Dissolve","hermit:Roulette"],"picked":"hermit:ItchyTrigger","floor":11},{"not_picked":["hermit:Brawl","hermit:LoneWolf"],"picked":"hermit:GoldenBullet","floor":13},{"not_picked":["hermit:Maintenance","hermit:HighCaliber"],"picked":"hermit:Quickdraw","floor":14},{"not_picked":["hermit:Dive","hermit:Deadeye"],"picked":"hermit:Snipe","floor":15}],"player_experience":11985,"relics_obtained":[{"floor":7,"key":"Oddly Smooth Stone"},{"floor":13,"key":"PreservedInsect"},{"floor":14,"key":"Omamori"}],"event_choices":[{"damage_healed":0,"gold_gain":0,"player_choice":"Ignored","damage_taken":0,"max_hp_gain":0,"max_hp_loss":0,"event_name":"Purifier","floor":12,"gold_loss":0}],"is_beta":false,"boss_relics":[],"items_purged_floors":[],"is_endless":false,"potions_floor_spawned":[2,3,13,14],"killed_by":"downfall:Defect","ascension_level":0}}