{"host":"1a3cjta80tad0aqj","time":1610421005,"event":{"mods":["2.2 Compatiblity","AchievementEnabler","BaseMod","Colored Map","DeckTracker","KOR Keyword Fix","Keyboard Shortcuts","Minty Spire (QoL Compilation)","Permanent Neow","Quick Restart","Random Character Button","StSLib","SuperFastMode","everything is the same but u backflip on backflip"],"gold_per_floor":[114,129,144,159,9,9,39,39,39,54,54,84,114,129,129,229,279,294,344,374,284,134,134,164,164,189,204,234,234,264,279,279,379,379,394,394,409,424,454,481,508,520,532,544,556,18,33,48,48,48],"floor_reached":51,"playtime":2401,"items_purged":[],"score":1276,"play_id":"213d65d1-581b-4f5e-a3b4-0877aec9798a","local_time":"20210112121005","daily_mods":["Cursed Run","Hoarder","DeadlyEvents"],"is_ascension_mode":false,"campfire_choices":[{"data":"Eruption","floor":6.0,"key":"SMITH"},{"data":"Adaptation","floor":8.0,"key":"SMITH"},{"data":"Adaptation","floor":15.0,"key":"SMITH"},{"data":"Adaptation","floor":23.0,"key":"SMITH"},{"data":"FearNoEvil","floor":25.0,"key":"SMITH"},{"data":"FearNoEvil","floor":29.0,"key":"SMITH"},{"data":"FearNoEvil","floor":32.0,"key":"SMITH"},{"data":"Blasphemy","floor":42,"key":"SMITH"},{"data":"Blasphemy","floor":44,"key":"SMITH"},{"data":"Mind Blast","floor":49,"key":"SMITH"}],"circlet_count":0,"master_deck":["Eruption+1","Vigilance","TalkToTheHand","TalkToTheHand","TalkToTheHand","Consecrate","Consecrate","Consecrate","Adaptation+1","Adaptation+1","Adaptation+1","FollowUp","FollowUp+1","FollowUp","Injury","Injury","Injury","FlurryOfBlows","FlurryOfBlows","FlurryOfBlows","BowlingBash","BowlingBash","BowlingBash","FearNoEvil+1","FearNoEvil+1","FearNoEvil+1","DeusExMachina","DeusExMachina","DeusExMachina","Doubt","Doubt","SpiritShield","SpiritShield+1","SpiritShield","Halt","Halt","Halt","CutThroughFate","CutThroughFate","CutThroughFate","EmptyBody","EmptyBody+1","EmptyBody","Writhe","Writhe","Crescendo+1","Crescendo+1","Crescendo+1","Clumsy","Clumsy","Clumsy","Blasphemy+1","Blasphemy+1","Blasphemy","Brilliance","Brilliance","Brilliance","ClearTheMind","ClearTheMind","ClearTheMind","FollowUp","FollowUp","FollowUp","FearNoEvil","FearNoEvil","FearNoEvil","Halt","Halt","Halt","EmptyFist","EmptyFist","EmptyFist","PathToVictory","PathToVictory","PathToVictory","Pray","Pray","Pray","Adaptation+1","Adaptation+1","Adaptation+1","Writhe","Writhe","Writhe","Mind Blast+1","Mind Blast","Mind Blast","Doubt","Doubt","Doubt"],"relics":["Cursed Key","Darkstone Periapt","Du-Vu Doll","Toolbox","Frozen Egg 2","Orichalcum","GoldenEye","Calipers","Pen Nib","Tiny House","Ornamental Fan","Happy Flower","Akabeko","War Paint","Vajra","Centennial Puzzle","Pandora\u0027s Box","Spirit Poop","MawBank","Strawberry","Nunchaku","Eternal Feather","Cauldron"],"acts_visited":["Exordium","TheCity","TheBeyond"],"potions_floor_usage":[39,50],"damage_taken":[{"damage":0.0,"enemies":"Cultist","floor":1.0,"turns":2.0},{"damage":0.0,"enemies":"2 Louse","floor":2.0,"turns":2.0},{"damage":0.0,"enemies":"Jaw Worm","floor":3.0,"turns":4.0},{"damage":1.0,"enemies":"Looter","floor":4.0,"turns":3.0},{"damage":7.0,"enemies":"Lagavulin","floor":7.0,"turns":5.0},{"damage":0.0,"enemies":"Gremlin Gang","floor":10.0,"turns":1.0},{"damage":0.0,"enemies":"Gremlin Nob","floor":12.0,"turns":2.0},{"damage":0.0,"enemies":"Lagavulin","floor":13.0,"turns":3.0},{"damage":0.0,"enemies":"Large Slime","floor":14.0,"turns":2.0},{"damage":28.0,"enemies":"Hexaghost","floor":16.0,"turns":5.0},{"damage":15.0,"enemies":"2 Thieves","floor":18.0,"turns":3.0},{"damage":2.0,"enemies":"Gremlin Leader","floor":20.0,"turns":2.0},{"damage":0.0,"enemies":"Book of Stabbing","floor":24.0,"turns":3.0},{"damage":2.0,"enemies":"Chosen","floor":27.0,"turns":3.0},{"damage":11.0,"enemies":"Slavers","floor":28.0,"turns":4.0},{"damage":0.0,"enemies":"Gremlin Leader","floor":30.0,"turns":1.0},{"damage":0.0,"enemies":"3 Cultists","floor":31.0,"turns":3.0},{"damage":5.0,"enemies":"Champ","floor":33.0,"turns":3.0},{"damage":0,"enemies":"3 Darklings","floor":35,"turns":2},{"damage":9,"enemies":"3 Shapes","floor":37,"turns":3},{"damage":0,"enemies":"Jaw Worm Horde","floor":38,"turns":3},{"damage":6,"enemies":"Giant Head","floor":39,"turns":4},{"damage":15,"enemies":"4 Shapes","floor":40,"turns":2},{"damage":3,"enemies":"3 Darklings","floor":41,"turns":2},{"damage":0,"enemies":"Sphere and 2 Shapes","floor":47,"turns":2},{"damage":0,"enemies":"Writhing Mass","floor":48,"turns":1},{"damage":60,"enemies":"Time Eater","floor":50,"turns":3}],"seed_played":"-5514344210177769252","potions_obtained":[{"floor":1.0,"key":"GamblersBrew"},{"floor":3.0,"key":"Block Potion"},{"floor":7.0,"key":"GamblersBrew"},{"floor":12.0,"key":"Swift Potion"},{"floor":17.0,"key":"FairyPotion"},{"floor":18.0,"key":"SkillPotion"},{"floor":27.0,"key":"SkillPotion"},{"floor":28.0,"key":"Swift Potion"},{"floor":33.0,"key":"BottledMiracle"},{"floor":37,"key":"EntropicBrew"},{"floor":39,"key":"SmokeBomb"},{"floor":46,"key":"Block Potion"}],"is_trial":false,"path_per_floor":["M","M","M","M","$","R","E","R","T","M","?","E","E","M","R","B",null,"M","?","E","?","$","R","E","R","T","M","E","R","E","M","R","B",null,"M","?","M","M","E","M","M","R","T","R","?","$","M","M","R","B",null],"character_chosen":"WATCHER","items_purchased":["Toolbox","Happy Flower","Nunchaku","Eternal Feather","Cauldron"],"campfire_rested":0,"item_purchase_floors":[5,22,46,46,46],"current_hp_per_floor":[72,72,72,71,71,71,64,64,82,82,70,70,70,70,70,60,113,98,98,96,96,96,96,96,96,114,112,101,101,101,101,101,114,149,149,149,140,140,134,119,116,116,141,141,141,141,141,141,174,132],"gold":48,"neow_bonus":"","is_daily":true,"chose_seed":false,"campfire_upgraded":10,"win_rate":0.0,"timestamp":1610421005,"path_taken":["M","?","M","M","$","R","E","R","T","M","?","?","E","M","R","BOSS","M","?","?","?","$","R","?","R","T","M","E","R","E","M","R","BOSS","M","?","M","?","?","M","M","R","T","R","?","$","?","M","R","BOSS"],"items_purchased_type":["Relic","Relic","Relic","Relic","Relic"],"build_version":"2020-12-22","purchased_purges":0,"victory":true,"max_hp_per_floor":[72,72,72,72,72,72,72,72,90,90,90,90,90,90,90,108,113,113,113,113,113,113,113,113,113,131,131,131,131,131,131,131,149,149,149,149,149,149,149,149,149,149,174,174,174,174,174,174,174,192],"card_choices":[{"not_picked":["Evaluate","DeceiveReality"],"picked":"TalkToTheHand","floor":1.0},{"not_picked":["FlyingSleeves","ReachHeaven","Fasting2"],"picked":"SKIP","floor":2.0},{"not_picked":["Study","Protect"],"picked":"Consecrate","floor":3.0},{"not_picked":["BowlingBash","CutThroughFate"],"picked":"Adaptation","floor":4.0},{"not_picked":["Wireheading+1","SignatureMove"],"picked":"FollowUp","floor":7.0},{"not_picked":["Nirvana+1","ThirdEye"],"picked":"FlurryOfBlows","floor":10.0},{"not_picked":["Prostrate","JustLucky"],"picked":"BowlingBash","floor":12.0},{"not_picked":["Halt","PathToVictory"],"picked":"FearNoEvil","floor":13.0},{"not_picked":["EmptyFist","Prostrate"],"picked":"DeusExMachina","floor":14.0},{"not_picked":["Establishment+1","DeusExMachina"],"picked":"SpiritShield","floor":16.0},{"not_picked":["CrushJoints","TalkToTheHand"],"picked":"Halt","floor":17.0},{"not_picked":["Consecrate+1","Prostrate"],"picked":"CutThroughFate","floor":18.0},{"not_picked":["Conclude","Weave"],"picked":"EmptyBody","floor":20.0},{"not_picked":["Indignation+1","Halt","PathToVictory"],"picked":"SKIP","floor":24.0},{"not_picked":["Indignation+1","Halt","PathToVictory"],"picked":"SKIP","floor":24.0},{"not_picked":["Indignation+1","Halt","PathToVictory"],"picked":"SKIP","floor":24.0},{"not_picked":["Prostrate+1","FlyingSleeves","PathToVictory"],"picked":"SKIP","floor":27.0},{"not_picked":["PathToVictory","LikeWater+1","Nirvana+1"],"picked":"SKIP","floor":28.0},{"not_picked":["WreathOfFlame","ForeignInfluence","JustLucky"],"picked":"SKIP","floor":30.0},{"not_picked":["ThirdEye","Omniscience"],"picked":"Crescendo+1","floor":31.0},{"not_picked":["DevaForm+1","Omniscience"],"picked":"Blasphemy","floor":33.0},{"not_picked":["ClearTheMind+1","Prostrate+1","BattleHymn+1"],"picked":"SKIP","floor":35},{"not_picked":["Evaluate","BattleHymn+1"],"picked":"Adaptation+1","floor":37},{"not_picked":["FlurryOfBlows+1","Evaluate","CutThroughFate+1"],"picked":"SKIP","floor":38},{"not_picked":["Collect","Conclude+1","EmptyFist"],"picked":"SKIP","floor":39},{"not_picked":["FollowUp+1","CutThroughFate","BattleHymn+1"],"picked":"SKIP","floor":40},{"not_picked":["ForeignInfluence+1","ClearTheMind+1","CutThroughFate+1"],"picked":"SKIP","floor":41},{"not_picked":["Discovery","Flash of Steel"],"picked":"Mind Blast","floor":45},{"not_picked":["BowlingBash+1","CutThroughFate","EmptyFist+1"],"picked":"SKIP","floor":47},{"not_picked":["FlyingSleeves","SashWhip","Wireheading+1"],"picked":"SKIP","floor":48}],"player_experience":305420,"relics_obtained":[{"floor":7.0,"key":"Frozen Egg 2"},{"floor":9.0,"key":"Orichalcum"},{"floor":12.0,"key":"Calipers"},{"floor":13.0,"key":"Pen Nib"},{"floor":20.0,"key":"Ornamental Fan"},{"floor":24.0,"key":"Akabeko"},{"floor":26.0,"key":"War Paint"},{"floor":28.0,"key":"Vajra"},{"floor":30.0,"key":"Centennial Puzzle"},{"floor":39,"key":"MawBank"},{"floor":43,"key":"Strawberry"}],"event_choices":[{"damage_healed":0.0,"max_hp_gain":0.0,"max_hp_loss":0.0,"gold_gain":0.0,"event_name":"Scrap Ooze","player_choice":"Success","floor":11.0,"gold_loss":0.0,"damage_taken":12.0,"relics_obtained":["GoldenEye"]},{"damage_healed":0.0,"max_hp_gain":0.0,"max_hp_loss":0.0,"gold_gain":100.0,"event_name":"The Joust","player_choice":"Bet on Murderer","floor":19.0,"gold_loss":50.0,"damage_taken":0.0},{"cards_removed":["Doubt"],"damage_healed":0.0,"max_hp_gain":0.0,"max_hp_loss":0.0,"gold_gain":0.0,"event_name":"Designer","player_choice":"Upgrade and Remove","floor":21.0,"gold_loss":90.0,"damage_taken":0.0,"cards_upgraded":["SpiritShield"]},{"cards_removed":["Writhe"],"damage_healed":0,"gold_gain":0,"player_choice":"Offered Curse","damage_taken":0,"relics_obtained":["Spirit Poop"],"max_hp_gain":0,"max_hp_loss":0,"event_name":"Bonfire Elementals","floor":36,"gold_loss":0},{"damage_healed":0,"gold_gain":0,"player_choice":"Memory 1","damage_taken":0,"max_hp_gain":0,"max_hp_loss":0,"event_name":"SensoryStone","floor":45,"gold_loss":0}],"is_beta":false,"boss_relics":[{"not_picked":["Sozu","Black Star"],"picked":"Tiny House"},{"not_picked":["SacredBark","Calling Bell"],"picked":"Pandora\u0027s Box"}],"items_purged_floors":[],"is_endless":false,"potions_floor_spawned":[1,3,7,12,18,27,28,30,33,37,39,47,48],"ascension_level":0}}