{"host":"ekha54jsiuuqgn65","time":1610433473,"event":{"mods":["BaseMod","Colored Map","Conspire","Minty Spire (QoL Compilation)","Replay The Spire","StSLib","The Marked","[IsaacMod]ÒÔÈö¼âËþ"],"gold_per_floor":[113,113,129,142,142,177,191,91,91,16,16,34,47,62,62,162,162,173,273,273,283,283,283,299,299,299,311,65,85,85],"floor_reached":29,"playtime":1197,"items_purged":["Defend_R"],"score":227,"play_id":"ccbce34b-3d98-4020-aa2c-c913d995c1f7","local_time":"20210112143753","is_ascension_mode":false,"campfire_choices":[{"floor":11,"key":"REST"},{"floor":15,"key":"REST"},{"floor":23,"key":"RECALL"}],"circlet_count":0,"master_deck":["Strike_R","Strike_R","Strike_R","Strike_R","Strike_R","Defend_R","Defend_R","Bash+1","DoctorFetus","Pommel Strike+1","Hemogenesis+1","Ghostly Armor","Warcry","Shrug It Off","Hemokinesis","conspire:SpireCoStock","conspire:SpireCoStock","Flex","Twin Strike","Iron Wave","conspire:Purge","Headbutt","RitualDagger","Armaments","Normality","Clash+1","ReplayTheSpireMod:Faulty Equipment","Rupture","Replay:Parry"],"relics":["Burning Blood","HushsDoor","NeowsBlessing","D6","Centennial Puzzle","Juzu Bracelet","Cursed Key","Ring of Misfortune","ReplayTheSpireMod:Ring of Exchange","Shuriken","Blue Doll"],"acts_visited":["Exordium","TheCity"],"potions_floor_usage":[16,16,21,24,27,27,29],"damage_taken":[{"damage":0,"enemies":"Small Slimes","floor":1,"turns":1},{"damage":0,"enemies":"Cultist","floor":3,"turns":1},{"damage":0,"enemies":"Jaw Worm","floor":4,"turns":1},{"damage":38,"enemies":"3 Sentries","floor":6,"turns":9},{"damage":7,"enemies":"2 Fungi Beasts","floor":7,"turns":3},{"damage":20,"enemies":"Exordium Wildlife","floor":12,"turns":5},{"damage":8,"enemies":"Gremlin Gang","floor":13,"turns":3},{"damage":15,"enemies":"Large Slime","floor":14,"turns":5},{"damage":87,"enemies":"The Guardian","floor":16,"turns":11},{"damage":0,"enemies":"2 Thieves","floor":18,"turns":2},{"damage":25,"enemies":"Shell Parasite","floor":21,"turns":4},{"damage":21,"enemies":"conspire:HollyBat","floor":24,"turns":10},{"damage":40,"enemies":"Centurion and Healer","floor":27,"turns":5},{"damage":24,"enemies":"Hiden Room Battle","floor":29,"turns":4}],"seed_played":"-31253648208486440","potions_obtained":[{"floor":6,"key":"SpeedPotion"},{"floor":12,"key":"Swift Potion"},{"floor":13,"key":"Regen Potion"},{"floor":14,"key":"Languid Potion"},{"floor":16,"key":"Swift Potion"},{"floor":18,"key":"LiquidBronze"},{"floor":24,"key":"Dexterity Potion"},{"floor":27,"key":"ColorlessPotion"}],"is_trial":false,"path_per_floor":["M","?","M","M","?","E","M","?","T","$","R","M","M","M","R","B",null,"M","?","?","M","?","R","M","T","T","M","$","?"],"character_chosen":"IRONCLAD","items_purchased":["Blue Doll","Replay:Parry"],"campfire_rested":2,"item_purchase_floors":[28,28],"current_hp_per_floor":[80,80,80,80,64,40,47,47,47,47,71,65,63,54,78,20,80,80,80,74,55,55,55,40,40,40,14,14,0,0],"gold":85,"neow_bonus":"THREE_ENEMY_KILL","is_daily":false,"chose_seed":false,"campfire_upgraded":0,"win_rate":0.0,"timestamp":1610433473,"path_taken":["M","?","?","M","?","E","M","?","T","$","R","M","M","M","R","BOSS","M","?","?","M","?","R","M","?","T","M","$","?"],"items_purchased_type":["Relic","Card"],"build_version":"2020-12-22","purchased_purges":1,"victory":false,"max_hp_per_floor":[80,80,80,80,80,80,80,80,80,80,80,80,80,80,80,80,80,80,80,80,80,80,80,80,80,80,80,80,80,80],"card_choices":[{"not_picked":[],"picked":"DoctorFetus","floor":0},{"not_picked":["Rupture","True Grit"],"picked":"Pommel Strike","floor":1},{"not_picked":["conspire:Charge","Cleave"],"picked":"Ghostly Armor","floor":3},{"not_picked":["Fiend Fire","Bomb"],"picked":"Warcry","floor":4},{"not_picked":["ReplayTheSpireMod:Stacked","Replay:Undeath\u0027s Touch"],"picked":"Shrug It Off","floor":6},{"not_picked":["Perfected Strike","Twin Strike"],"picked":"Hemokinesis","floor":7},{"not_picked":["Warcry","Rage"],"picked":"Flex","floor":12},{"not_picked":["Flex","Run Through"],"picked":"Twin Strike","floor":13},{"not_picked":["Impervious","Cleave"],"picked":"Iron Wave","floor":14},{"not_picked":["Replay:Many Hands","Bludgeon"],"picked":"conspire:Purge","floor":16},{"not_picked":["Disarm+1","Power Through","ReplayTheSpireMod:Strike From Hell"],"picked":"SKIP","floor":18},{"not_picked":["Reckless Charge","Cleave"],"picked":"Headbutt","floor":19},{"not_picked":["Headbutt","Body Slam+1"],"picked":"Armaments","floor":21},{"not_picked":["Thunderclap","Iron Wave"],"picked":"Clash+1","floor":24},{"not_picked":["Thunderclap","Armaments"],"picked":"Rupture","floor":27}],"player_experience":49,"relics_obtained":[{"floor":6,"key":"Centennial Puzzle"},{"floor":9,"key":"Juzu Bracelet"},{"floor":22,"key":"Ring of Misfortune"},{"floor":22,"key":"ReplayTheSpireMod:Ring of Exchange"},{"floor":25,"key":"Shuriken"}],"event_choices":[{"damage_healed":0,"gold_gain":0,"player_choice":"Entered Light","damage_taken":16,"max_hp_gain":0,"max_hp_loss":0,"event_name":"Shining Light","floor":5,"gold_loss":0,"cards_upgraded":["Pommel Strike","Bash"]},{"damage_healed":0,"gold_gain":0,"player_choice":"Invest 2","damage_taken":0,"max_hp_gain":0,"max_hp_loss":0,"event_name":"conspire:Investor","floor":8,"gold_loss":0},{"damage_healed":0,"gold_gain":0,"player_choice":"Joined the Cult","damage_taken":6,"max_hp_gain":0,"max_hp_loss":0,"event_name":"Nest","floor":20,"gold_loss":0,"cards_obtained":["RitualDagger"]},{"damage_healed":0,"gold_gain":0,"player_choice":"Fight","damage_taken":0,"max_hp_gain":0,"max_hp_loss":0,"event_name":"HidenRoomEvent","floor":29,"gold_loss":0}],"is_beta":false,"boss_relics":[{"not_picked":["Coffee Dripper","Astrolabe"],"picked":"Cursed Key"},{"not_picked":[]}],"items_purged_floors":[10],"is_endless":false,"potions_floor_spawned":[6,12,13,14,16,18,24,27],"killed_by":"Hiden Room Battle","ascension_level":0}}