{"host":"vh84ep2bvzg72dp7","time":1610466107,"event":{"mods":["2.2 Compatiblity","AchievementEnabler","Act Like it!","Aspiration","Astrologer","Bard","BaseMod","Beaked The Cultist","Better Altar","Better Match","Better Note","Better Sensory Stone","Better Skull","Better Third Choice","BetterRewards","Conspire","Downfall","Halation","Hallownest","Hermit","Hubris","Infinite Spire","Jorbs\u0027s Wanderer Trilogy","Marisa（霧雨　魔理沙）","Minty Spire (QoL Compilation)","MostiFishMod","Replay The Spire","Shop Mod","Spicy Shops","StSLib","The Alterego","The Animator","The Bug Knight","The Construct","The Cursed","The Hierophant","The Poker Player","The Runesmith","The Servant 0.9.4","The Wild Card","TheArtist","WarShipGirlsR/战舰少女R mod","vexMod"],"gold_per_floor":[117,117,134,149,74,107,107,135,186,204,204,204,242,242,242,339,339,349,349,349,349,374,402,422,422,422,454,454,454],"floor_reached":28,"playtime":1452,"items_purged":[],"score":427,"play_id":"b01b2f32-37be-4c43-b0d8-875ff422fb5a","local_time":"20210112224147","is_ascension_mode":true,"campfire_choices":[{"floor":7,"key":"REST"},{"data":"HollowMod:WraithStrike","floor":11,"key":"SMITH"},{"floor":15,"key":"REST"},{"data":"HollowMod:SlysStrikes","floor":25,"key":"SMITH"}],"circlet_count":0,"master_deck":["HollowMod:NailStrikeStart","HollowMod:NailStrikeStart","HollowMod:NailStrikeStart","HollowMod:NailStrikeStart","HollowMod:QuickDashStart","HollowMod:QuickDashStart","HollowMod:QuickDashStart","HollowMod:QuickDashStart","HollowMod:FocusHealStart","HollowMod:PogoStrike","expansioncontent:QuickStudy","Dramatic Entrance","Replay:Sssssssssstrike+1","HollowMod:DesolateDive","HollowMod:HornetsHelp+1","HollowMod:VengefulVoid","HollowMod:VengefulVoid+1","HollowMod:SoulMaster+1","HollowMod:DashSlash","HollowMod:SoulStrike","HollowMod:WraithStrike+1","HollowMod:SharpenedNail","HollowMod:DashSlash","HollowMod:SlysStrikes+1","HollowMod:GreatSlash","HollowMod:InfectedCysts+1","HollowMod:BlackTendrils+1","HollowMod:CloakDash+1"],"relics":["HollowMod:VesselMask","DaveBox","Lizard Tail","vexMod:RedPlottingStone","hubris:64BitClover","ReplayTheSpireMod:ShopPack","Pocketwatch","DianPoetry","SynthV:TestCard","Hallownest:DreamNailRelic","Replay:Baseball","Whetstone","Art of War","Replay:Bottled Snecko","halation:PinkSoulGem","hubris:Backtick","ChiLing","Chi","Ling","Red Mask","hubris:Icosahedron","Boot","HollowMod:StagPassRelic","hubris:GlazedTorus","Ice Cream"],"acts_visited":["Hallownest:Greenpath","Hallownest:CityofTears"],"potions_floor_usage":[16,16],"damage_taken":[{"damage":0,"enemies":"Hallownest:2_Tiktiks_and_1_Crawlid","floor":1,"turns":2},{"damage":3,"enemies":"Hallownest:monsterHuskWarrior","floor":3,"turns":2},{"damage":4,"enemies":"Hallownest:2_Baldur","floor":4,"turns":2},{"damage":4,"enemies":"Hallownest:eliteVengeflyKing","floor":6,"turns":4},{"damage":4,"enemies":"Hallownest:eliteCrystalGuardian","floor":8,"turns":5},{"damage":14,"enemies":"Hallownest:1_Ooma_and_2_Uuma","floor":10,"turns":2},{"damage":46,"enemies":"Hallownest:BossHornet","floor":16,"turns":6},{"damage":20,"enemies":"Hallownest:2_Mistakes","floor":18,"turns":3},{"damage":8,"enemies":"Hallownest:2_Mistakes","floor":20,"turns":2},{"damage":8,"enemies":"Hallownest:Nosk","floor":23,"turns":7},{"damage":8,"enemies":"Hallownest:Guard_and_Sentry","floor":24,"turns":2},{"damage":19,"enemies":"Hallownest:eliteSoulWarrior","floor":27,"turns":5},{"damage":0,"enemies":"Hallownest:Warrior_and_Youth","floor":28,"turns":1}],"seed_played":"655845689949797798","potions_obtained":[{"floor":3,"key":"ColorlessPotion"},{"floor":6,"key":"Fire Potion"},{"floor":16,"key":"Explosive Potion"},{"floor":18,"key":"Strength Potion"}],"is_trial":false,"path_per_floor":["M","?","M","M","?","E","R","E","T","M","R","$","?","?","R","B",null,"M","?","?","?","T","E","M","R","T","E","M"],"character_chosen":"THE_BUGKNIGHT","items_purchased":["vexMod:RedPlottingStone","ReplayTheSpireMod:ShopPack","DianPoetry"],"campfire_rested":2,"item_purchase_floors":[0,0,0],"current_hp_per_floor":[37,37,34,36,36,38,59,61,61,53,53,53,25,25,46,35,70,56,56,48,48,48,40,32,32,32,21,21,21],"gold":454,"neow_bonus":"","is_daily":false,"chose_seed":false,"campfire_upgraded":2,"win_rate":0.0,"timestamp":1610466107,"path_taken":["M","?","M","?","?","E","R","E","T","M","R","?","?","?","R","BOSS","M","?","?","?","?","E","M","R","T","E","M"],"items_purchased_type":["Relic","Relic","Relic"],"build_version":"2020-12-22","purchased_purges":0,"victory":false,"max_hp_per_floor":[70,70,70,70,70,70,70,70,70,70,70,70,70,70,70,70,70,70,70,70,70,70,70,70,70,70,70,70,70],"card_choices":[{"not_picked":["expansioncontent:Corrupt","Secret Technique"],"picked":"expansioncontent:QuickStudy","floor":0},{"not_picked":["expansioncontent:YouAreMine","Purity"],"picked":"Dramatic Entrance","floor":0},{"not_picked":["Replay:Bootleg Shield Generator","expansioncontent:AwakenDeath"],"picked":"Replay:Sssssssssstrike","floor":0},{"not_picked":["HollowMod:MawleksShell","HollowMod:HowlingWraiths"],"picked":"HollowMod:DesolateDive","floor":1},{"not_picked":["HollowMod:DescendingDark","HollowMod:TaintedHusks","HollowMod:ShadowDash","HollowMod:DashSlash"],"picked":"HollowMod:HornetsHelp","floor":3},{"not_picked":["HollowMod:DescendingDark","HollowMod:GoodIntentions","HollowMod:MothsMistake","HollowMod:HeavyBlow"],"picked":"HollowMod:VengefulVoid","floor":4},{"not_picked":["HollowMod:CloakDash+1","HollowMod:TaintedHusks+1","HollowMod:SiblingsSouls+1","HollowMod:CycloneSlash+1"],"picked":"HollowMod:VengefulVoid+1","floor":5},{"not_picked":["HollowMod:LifebloodCore+1","HollowMod:LordofShades+1","HollowMod:ElderbugsWisdom+1","HollowMod:HornetsHelp+1"],"picked":"HollowMod:SoulMaster+1","floor":5},{"not_picked":["HollowMod:NewInfectedGuardian","HollowMod:HuntersJournal","HollowMod:CoiledNail","HollowMod:CrystalDash"],"picked":"HollowMod:DashSlash","floor":6},{"not_picked":["HollowMod:NewInfectedGuardian","HollowMod:DreamGate","HollowMod:LordofShades","HollowMod:NewGlowingWomb"],"picked":"HollowMod:SoulStrike","floor":8},{"not_picked":["HollowMod:ChannelNail","HollowMod:HuntersJournal","HollowMod:DoubleDash","HollowMod:HeavyBlow"],"picked":"HollowMod:WraithStrike","floor":10},{"not_picked":["HollowMod:HeavyBlow","HollowMod:NewLittleFool","HollowMod:InfectionAssault","HollowMod:HuntersJournal"],"picked":"HollowMod:SharpenedNail","floor":13},{"not_picked":["HollowMod:InfectedCysts","HollowMod:CloakDash","HollowMod:NewJinnsSoul","HollowMod:SoulStrike"],"picked":"HollowMod:DashSlash","floor":13},{"not_picked":["HollowMod:ElderbugsWisdom","HollowMod:theNailsmith","HollowMod:NewInfectedGuardian","HollowMod:VoidDash"],"picked":"HollowMod:SlysStrikes","floor":16},{"not_picked":["HollowMod:NewLittleFool","HollowMod:GrimmsGift","HollowMod:InfectedCysts","HollowMod:ShadowDash"],"picked":"HollowMod:GreatSlash","floor":18},{"not_picked":["HollowMod:TaintedHusks+1","HollowMod:SoulSplash","HollowMod:SoulStrike+1","HollowMod:CoiledNail+1"],"picked":"HollowMod:InfectedCysts+1","floor":23},{"not_picked":["HollowMod:BaldurShell","HollowMod:SoulEater","HollowMod:NewLittleFool","HollowMod:CoiledNail"],"picked":"HollowMod:BlackTendrils+1","floor":24},{"not_picked":["HollowMod:CoiledNail","HollowMod:InfectedCysts","HollowMod:SharpenedShadows","HollowMod:Hiveblood"],"picked":"HollowMod:CloakDash+1","floor":27}],"player_experience":347185,"relics_obtained":[{"floor":1,"key":"SynthV:TestCard"},{"floor":6,"key":"Replay:Baseball"},{"floor":8,"key":"Whetstone"},{"floor":9,"key":"Art of War"},{"floor":13,"key":"Replay:Bottled Snecko"},{"floor":22,"key":"Boot"},{"floor":24,"key":"HollowMod:StagPassRelic"},{"floor":26,"key":"hubris:GlazedTorus"},{"floor":27,"key":"Ice Cream"}],"event_choices":[{"damage_healed":0,"gold_gain":0,"player_choice":"2","damage_taken":0,"max_hp_gain":0,"max_hp_loss":0,"event_name":"betterMatch:BetterMatch","floor":5,"gold_loss":0,"cards_obtained":["betterMatch:CommonCard","betterMatch:RareCard"]}],"is_beta":false,"boss_relics":[{"not_picked":["vexMod:MysteryBossChallenge","Painkiller Herb"],"picked":"hubris:Backtick"}],"items_purged_floors":[],"is_endless":false,"potions_floor_spawned":[3,6,16,18,23],"killed_by":"Hallownest:Warrior_and_Youth","ascension_level":1}}