{"host":"isy2gwbfe91wqj1j","time":1610420045,"event":{"mods":["AchievementEnabler","BaseMod","Better Altar","Better Match","Better Note","Better Sensory Stone","Better Skull","Better Third Choice","BetterRewards","Minty Spire (QoL Compilation)","StSLib"],"gold_per_floor":[116,66,66,77,77,107,107,139,139,152,152,27,27,44,44,142,142,152,152,172,22,46,58,30,17,17,17,17,31,50,0,0,95,95,108,158,171,171,271,271,296,0,24,24,24,50,0,19,19,19],"floor_reached":51,"playtime":3112,"items_purged":["Strike_G","Strike_G","Defend_G","Defend_G","Writhe"],"score":773,"play_id":"a4cbca2f-81cd-464d-adb0-0a9541a50048","local_time":"20210111195405","is_ascension_mode":true,"campfire_choices":[{"floor":7,"key":"REST"},{"floor":15,"key":"REST"},{"floor":23,"key":"REST"},{"floor":27,"key":"REST"},{"floor":32,"key":"REST"},{"floor":40,"key":"REST"},{"floor":49,"key":"REST"}],"circlet_count":0,"master_deck":["Strike_G","Defend_G","Defend_G","Defend_G","Survivor","Neutralize","Noxious Fumes+1","Poisoned Stab","Caltrops","Backflip","Blur","A Thousand Cuts+1","Backflip+1","Acrobatics","Noxious Fumes+1","Deadly Poison+1","Malaise","Backflip+1","Parasite"],"relics":["Ring of the Snake","Du-Vu Doll","Juzu Bracelet","Vajra","Lizard Tail","Sundial","Ginger","Fusion Hammer","MawBank","Darkstone Periapt","Cursed Key","Pocketwatch","Art of War","Red Mask","Happy Flower","Bottled Lightning","Smiling Mask"],"acts_visited":["Exordium","TheCity","TheBeyond"],"potions_floor_usage":[6,8,20,37,37,37,50],"damage_taken":[{"damage":0,"enemies":"2 Louse","floor":1,"turns":4},{"damage":2,"enemies":"Jaw Worm","floor":4,"turns":4},{"damage":17,"enemies":"Gremlin Nob","floor":6,"turns":4},{"damage":27,"enemies":"3 Sentries","floor":8,"turns":8},{"damage":0,"enemies":"Cultist","floor":10,"turns":4},{"damage":1,"enemies":"Looter","floor":14,"turns":4},{"damage":22,"enemies":"The Guardian","floor":16,"turns":10},{"damage":20,"enemies":"Chosen","floor":18,"turns":7},{"damage":5,"enemies":"Spheric Guardian","floor":20,"turns":4},{"damage":0,"enemies":"Snecko","floor":29,"turns":5},{"damage":12,"enemies":"Snake Plant","floor":30,"turns":4},{"damage":13,"enemies":"Automaton","floor":33,"turns":9},{"damage":2,"enemies":"3 Shapes","floor":35,"turns":4},{"damage":12,"enemies":"Mind Bloom Boss Battle","floor":36,"turns":6},{"damage":9,"enemies":"3 Darklings","floor":37,"turns":4},{"damage":19,"enemies":"Reptomancer","floor":41,"turns":7},{"damage":24,"enemies":"Nemesis","floor":46,"turns":9},{"damage":55,"enemies":"4 Shapes","floor":48,"turns":4},{"damage":48,"enemies":"Awakened One","floor":50,"turns":15}],"seed_played":"5300784244779956239","potions_obtained":[{"floor":1,"key":"EssenceOfSteel"},{"floor":4,"key":"CultistPotion"},{"floor":10,"key":"SpeedPotion"},{"floor":24,"key":"DuplicationPotion"},{"floor":24,"key":"PowerPotion"},{"floor":24,"key":"GhostInAJar"},{"floor":41,"key":"PowerPotion"}],"is_trial":false,"path_per_floor":["M","?","?","M","$","E","R","E","T","M","?","$","?","M","R","B",null,"M","?","M","$","T","R","?","$","T","R","?","M","M","?","R","B",null,"M","?","M","$","?","R","E","?","T","?","T","E","$","M","R","B",null],"character_chosen":"THE_SILENT","items_purchased":["Juzu Bracelet","Vajra","Noxious Fumes","Acrobatics"],"campfire_rested":7,"item_purchase_floors":[0,0,0,25],"current_hp_per_floor":[70,70,70,68,68,51,70,43,43,43,36,36,36,35,56,34,70,50,50,45,45,45,66,66,66,66,70,70,70,58,58,70,57,70,68,56,47,47,47,68,49,49,55,55,61,37,37,26,50,2],"gold":19,"neow_bonus":"","is_daily":false,"chose_seed":false,"campfire_upgraded":0,"win_rate":0.0,"timestamp":1610420045,"path_taken":["M","?","?","M","?","E","R","E","T","M","?","$","?","M","R","BOSS","M","?","M","$","?","R","?","?","T","R","?","M","M","?","R","BOSS","M","?","M","$","?","R","E","?","T","?","?","E","$","M","R","BOSS"],"items_purchased_type":["Relic","Relic","Card","Card"],"build_version":"2020-12-22","purchased_purges":5,"victory":true,"max_hp_per_floor":[70,70,70,70,70,70,70,70,70,70,70,70,70,70,70,70,70,70,70,70,70,70,70,70,70,70,70,70,70,70,70,70,70,70,70,70,70,70,70,70,70,70,76,76,82,82,82,82,82,82],"card_choices":[{"not_picked":["Terror","Skewer"],"picked":"Poisoned Stab","floor":1},{"not_picked":["Masterful Stab","Escape Plan","Quick Slash"],"picked":"SKIP","floor":4},{"not_picked":["Skewer","Riddle With Holes","Endless Agony"],"picked":"SKIP","floor":6},{"not_picked":["Underhanded Strike","Dagger Throw"],"picked":"Caltrops","floor":8},{"not_picked":["Outmaneuver","Prepared"],"picked":"Backflip","floor":10},{"not_picked":["Dagger Spray","Quick Slash"],"picked":"Blur","floor":14},{"not_picked":["Glass Knife","Night Terror"],"picked":"A Thousand Cuts","floor":16},{"not_picked":["Bane","Slice"],"picked":"Backflip+1","floor":18},{"not_picked":["Choke+1","Cloak And Dagger","Bane"],"picked":"SKIP","floor":20},{"not_picked":["Expertise+1","Acrobatics","Dodge and Roll+1"],"picked":"SKIP","floor":29},{"not_picked":["Skewer","Cloak And Dagger"],"picked":"Deadly Poison+1","floor":30},{"not_picked":["Night Terror","Unload"],"picked":"Malaise","floor":33},{"not_picked":["Finisher","Bane+1","Prepared+1"],"picked":"SKIP","floor":35},{"not_picked":["Terror","Concentrate","Deflect"],"picked":"SKIP","floor":37},{"not_picked":["Flechettes+1","Blade Dance"],"picked":"Backflip+1","floor":41},{"not_picked":["Poisoned Stab+1","Finisher+1","Expertise+1"],"picked":"SKIP","floor":46},{"not_picked":["Quick Slash","Cloak And Dagger+1","Dash"],"picked":"SKIP","floor":48}],"player_experience":156726,"relics_obtained":[{"floor":6,"key":"Lizard Tail"},{"floor":8,"key":"Sundial"},{"floor":9,"key":"Ginger"},{"floor":22,"key":"MawBank"},{"floor":26,"key":"Darkstone Periapt"},{"floor":36,"key":"Pocketwatch"},{"floor":41,"key":"Art of War"},{"floor":43,"key":"Happy Flower"},{"floor":45,"key":"Bottled Lightning"},{"floor":46,"key":"Smiling Mask"}],"event_choices":[{"cards_removed":["Strike_G"],"damage_healed":0,"gold_gain":0,"player_choice":"Card Removal","damage_taken":0,"max_hp_gain":0,"max_hp_loss":0,"event_name":"The Cleric","floor":2,"gold_loss":50},{"damage_healed":0,"gold_gain":0,"player_choice":"Grow","damage_taken":0,"max_hp_gain":0,"max_hp_loss":0,"event_name":"Living Wall","floor":3,"gold_loss":0,"cards_upgraded":["Noxious Fumes"]},{"cards_removed":["Strike_G"],"damage_healed":0,"gold_gain":0,"player_choice":"Card Removal","damage_taken":7,"max_hp_gain":0,"max_hp_loss":0,"event_name":"Golden Wing","floor":11,"gold_loss":0},{"damage_healed":36,"gold_gain":0,"player_choice":"Leave","damage_taken":0,"max_hp_gain":0,"max_hp_loss":70,"event_name":"betterThird:BetterShining","floor":13,"gold_loss":0},{"damage_healed":0,"gold_gain":0,"player_choice":"Forge","damage_taken":0,"max_hp_gain":0,"max_hp_loss":0,"event_name":"Accursed Blacksmith","floor":19,"gold_loss":0,"cards_upgraded":["A Thousand Cuts"]},{"damage_healed":0,"gold_gain":0,"player_choice":"Bought 3 Potions","damage_taken":0,"max_hp_gain":0,"max_hp_loss":0,"event_name":"The Woman in Blue","floor":24,"gold_loss":0},{"damage_healed":0,"gold_gain":0,"player_choice":"Copied","damage_taken":0,"max_hp_gain":0,"max_hp_loss":0,"event_name":"Duplicator","floor":28,"gold_loss":0,"cards_obtained":["Noxious Fumes"]},{"damage_healed":0,"gold_gain":0,"player_choice":"Paid Fearfully","damage_taken":0,"max_hp_gain":0,"max_hp_loss":0,"event_name":"Masked Bandits","floor":31,"gold_loss":50},{"damage_healed":0,"gold_gain":0,"player_choice":"Fight","damage_taken":0,"max_hp_gain":0,"max_hp_loss":0,"event_name":"MindBloom","floor":36,"gold_loss":0},{"damage_healed":0,"gold_gain":100,"player_choice":"Pray","damage_taken":0,"max_hp_gain":0,"max_hp_loss":0,"event_name":"Golden Shrine","floor":39,"gold_loss":0},{"damage_healed":0,"gold_gain":0,"player_choice":"Paid","damage_taken":0,"relics_obtained":["Red Mask"],"max_hp_gain":0,"max_hp_loss":0,"event_name":"Tomb of Lord Red Mask","floor":42,"gold_loss":296},{"damage_healed":0,"gold_gain":3,"player_choice":"1","damage_taken":0,"max_hp_gain":0,"max_hp_loss":0,"event_name":"betterStone:BetterStone","floor":44,"gold_loss":0}],"is_beta":false,"boss_relics":[{"not_picked":["Black Star","Astrolabe"],"picked":"Fusion Hammer"},{"not_picked":["WristBlade","Runic Pyramid"],"picked":"Cursed Key"}],"items_purged_floors":[0,0,12,21,47],"is_endless":false,"potions_floor_spawned":[1,4,10,29,33,36,41],"ascension_level":2}}