{"host":"dbkc9h3etq50r1dq","time":1610426672,"event":{"mods":["AchievementEnabler","BaseMod","Block Reminder","Colored Powertips","Curses Come First","Custom Start","Dark Map","Minty Spire (QoL Compilation)","Permanent Neow","Potion Indicator Mod","Rare Cards Sparkle","StSLib","SuperFastMode"],"gold_per_floor":[109,127,227,45,61,61,76,106,131,131,150,150,175,188,188,285,285,296,296,221,221,241,241,251,279,279,313,313,346,346,261,261,374,374,398,453,0,27,37,37,73,73,73,108,108,108,137,137,137,137],"floor_reached":51,"playtime":2317,"items_purged":["Strike_P","Defend_P"],"score":915,"play_id":"7ebdee6a-ebea-4f69-ac1a-a7ae76bb3a2a","local_time":"20210112124432","is_ascension_mode":true,"campfire_choices":[{"data":"TalkToTheHand","floor":6.0,"key":"SMITH"},{"data":"WaveOfTheHand","floor":10.0,"key":"SMITH"},{"floor":12.0,"key":"REST"},{"floor":15.0,"key":"REST"},{"floor":23.0,"key":"REST"},{"data":"1","floor":30.0,"key":"LIFT"},{"floor":32.0,"key":"REST"},{"data":"2","floor":40.0,"key":"LIFT"},{"data":"3","floor":42.0,"key":"LIFT"},{"data":"TalkToTheHand","floor":46,"key":"SMITH"},{"floor":49,"key":"REST"}],"circlet_count":0,"master_deck":["Strike_P+1","Eruption+1","Vigilance","WaveOfTheHand+1","FearNoEvil","TalkToTheHand+1","Sanctity","FlurryOfBlows","FlurryOfBlows","Evaluate","TalkToTheHand+1","TalkToTheHand+1","Study+1","Prostrate+1","Conclude","Weave","Evaluate+1","FlurryOfBlows+1","CutThroughFate+1","FlurryOfBlows+1","Prostrate+1","ClearTheMind+1","EmptyBody","Parasite","FearNoEvil","FlurryOfBlows"],"relics":["PureWater","Happy Flower","Bag of Marbles","Tiny Chest","Astrolabe","Girya","Yang","Whetstone","Bottled Flame","Vajra","CeramicFish","SlaversCollar","Ginger","Shuriken","Toy Ornithopter","Regal Pillow","Letter Opener"],"acts_visited":["Exordium","TheCity","TheBeyond"],"potions_floor_usage":[44],"damage_taken":[{"damage":1.0,"enemies":"Small Slimes","floor":1.0,"turns":2.0},{"damage":0.0,"enemies":"Cultist","floor":2.0,"turns":2.0},{"damage":0.0,"enemies":"Jaw Worm","floor":5.0,"turns":2.0},{"damage":0.0,"enemies":"Blue Slaver","floor":7.0,"turns":3.0},{"damage":25.0,"enemies":"Lagavulin","floor":8.0,"turns":6.0},{"damage":9.0,"enemies":"Large Slime","floor":11.0,"turns":8.0},{"damage":31.0,"enemies":"Gremlin Nob","floor":13.0,"turns":7.0},{"damage":0.0,"enemies":"2 Fungi Beasts","floor":14.0,"turns":3.0},{"damage":1.0,"enemies":"The Guardian","floor":16.0,"turns":7.0},{"damage":30.0,"enemies":"Spheric Guardian","floor":18.0,"turns":6.0},{"damage":0.0,"enemies":"Shell Parasite","floor":22.0,"turns":7.0},{"damage":4.0,"enemies":"Centurion and Healer","floor":24.0,"turns":7.0},{"damage":11.0,"enemies":"Book of Stabbing","floor":25.0,"turns":9.0},{"damage":11.0,"enemies":"Gremlin Leader","floor":27.0,"turns":5.0},{"damage":20.0,"enemies":"Slavers","floor":29.0,"turns":6.0},{"damage":3.0,"enemies":"Champ","floor":33.0,"turns":6.0},{"damage":3.0,"enemies":"3 Darklings","floor":35.0,"turns":3.0},{"damage":16.0,"enemies":"2 Orb Walkers","floor":36.0,"turns":4.0},{"damage":0.0,"enemies":"Orb Walker","floor":38.0,"turns":3.0},{"damage":0.0,"enemies":"Spire Growth","floor":39.0,"turns":4.0},{"damage":0.0,"enemies":"Giant Head","floor":41.0,"turns":4.0},{"damage":5,"enemies":"Writhing Mass","floor":44,"turns":5},{"damage":20,"enemies":"3 Darklings","floor":47,"turns":4},{"damage":43,"enemies":"Awakened One","floor":50,"turns":8}],"seed_played":"-4802357293502797369","potions_obtained":[{"floor":7.0,"key":"Regen Potion"},{"floor":11.0,"key":"AttackPotion"},{"floor":24.0,"key":"CultistPotion"},{"floor":33.0,"key":"Energy Potion"},{"floor":38.0,"key":"Regen Potion"}],"is_trial":false,"path_per_floor":["M","M","?","$","M","R","M","E","T","R","M","R","E","M","R","B",null,"M","?","?","?","M","R","M","E","T","E","T","E","R","?","R","B",null,"M","?","$","M","M","R","E","R","T","M","?","R","M","T","R","B",null],"character_chosen":"WATCHER","items_purchased":["TalkToTheHand","Sanctity","Shuriken","FairyPotion"],"campfire_rested":5,"item_purchase_floors":[4,4,37,37],"current_hp_per_floor":[71,71,71,71,71,71,71,51,51,51,42,63,32,32,53,52,72,42,42,42,42,42,63,59,48,48,37,37,17,17,17,38,35,72,69,53,53,53,53,53,53,53,53,65,65,65,45,45,72,29],"gold":137,"neow_bonus":"UPGRADE_CARD","is_daily":false,"chose_seed":false,"campfire_upgraded":3,"win_rate":0.0,"timestamp":1610426672,"path_taken":["M","M","?","?","M","R","M","E","T","R","M","R","E","M","R","BOSS","M","?","?","?","M","R","M","E","T","E","?","E","R","?","R","BOSS","M","?","$","M","M","R","E","R","T","M","?","R","M","?","R","BOSS"],"items_purchased_type":["Card","Card","Relic","Potion"],"build_version":"2020-12-22","purchased_purges":2,"victory":true,"max_hp_per_floor":[72,72,72,72,72,72,72,72,72,72,72,72,72,72,72,72,72,72,72,72,72,72,72,72,72,72,72,72,72,72,72,72,72,72,72,72,72,72,72,72,72,72,72,72,72,72,72,72,72,72],"card_choices":[{"not_picked":["FollowUp","FlurryOfBlows"],"picked":"WaveOfTheHand","floor":1.0},{"not_picked":["Sanctity","Fasting2"],"picked":"FearNoEvil","floor":2.0},{"not_picked":["CrushJoints","EmptyFist"],"picked":"FlurryOfBlows","floor":5.0},{"not_picked":["Wish","WreathOfFlame"],"picked":"FlurryOfBlows","floor":7.0},{"not_picked":["Adaptation","CrushJoints"],"picked":"Evaluate","floor":8.0},{"not_picked":["Halt","Evaluate"],"picked":"TalkToTheHand","floor":11.0},{"not_picked":["SashWhip","Vault","MasterReality"],"picked":"SKIP","floor":13.0},{"not_picked":["Crescendo","SashWhip"],"picked":"ForeignInfluence","floor":14.0},{"not_picked":["SashWhip+1","Swivel+1"],"picked":"Prostrate+1","floor":18.0},{"not_picked":["MentalFortress","Tantrum"],"picked":"Evaluate+1","floor":22.0},{"not_picked":["BowlingBash+1","CrushJoints"],"picked":"FlurryOfBlows","floor":24.0},{"not_picked":["Meditate","InnerPeace"],"picked":"CutThroughFate+1","floor":25.0},{"not_picked":["LessonLearned","SashWhip+1","Protect"],"picked":"SKIP","floor":27.0},{"not_picked":["Establishment","PathToVictory","Wish"],"picked":"SKIP","floor":29.0},{"not_picked":["Vault","ConjureBlade"],"picked":"Devotion","floor":33.0},{"not_picked":["EmptyBody+1","CrushJoints"],"picked":"FlurryOfBlows+1","floor":35.0},{"not_picked":["Indignation+1","Scrawl"],"picked":"Prostrate+1","floor":36.0},{"not_picked":["CrushJoints","BattleHymn+1"],"picked":"ClearTheMind+1","floor":38.0},{"not_picked":["Worship","BowlingBash+1","EmptyBody+1"],"picked":"SKIP","floor":39.0},{"not_picked":["CutThroughFate+1","SignatureMove"],"picked":"EmptyBody","floor":41.0},{"not_picked":["Prostrate+1","ThirdEye+1"],"picked":"FearNoEvil","floor":44},{"not_picked":["LikeWater+1","Consecrate+1"],"picked":"FlurryOfBlows","floor":47}],"player_experience":128966,"relics_obtained":[{"floor":8.0,"key":"Happy Flower"},{"floor":9.0,"key":"Bag of Marbles"},{"floor":13.0,"key":"Tiny Chest"},{"floor":25.0,"key":"Girya"},{"floor":26.0,"key":"Yang"},{"floor":27.0,"key":"Whetstone"},{"floor":28.0,"key":"Bottled Flame"},{"floor":29.0,"key":"Vajra"},{"floor":36.0,"key":"Ginger"},{"floor":41.0,"key":"Toy Ornithopter"},{"floor":43.0,"key":"Regal Pillow"},{"floor":48,"key":"Letter Opener"}],"event_choices":[{"damage_healed":0.0,"max_hp_gain":0.0,"max_hp_loss":0.0,"gold_gain":100.0,"event_name":"Wheel of Change","player_choice":"Gold","floor":3.0,"gold_loss":0.0,"damage_taken":0.0},{"damage_healed":0.0,"max_hp_gain":0.0,"max_hp_loss":0.0,"gold_gain":0.0,"cards_transformed":["WindmillStrike","Strike_P"],"event_name":"Drug Dealer","player_choice":"Became Test Subject","floor":19.0,"gold_loss":0.0,"damage_taken":0.0,"cards_obtained":["Conclude","Weave"]},{"cards_removed":["Defend_P"],"damage_healed":0.0,"max_hp_gain":0.0,"max_hp_loss":0.0,"gold_gain":0.0,"event_name":"Beggar","player_choice":"Gave Gold","floor":20.0,"gold_loss":75.0,"damage_taken":0.0},{"cards_removed":["Defend_P"],"damage_healed":0.0,"max_hp_gain":0.0,"max_hp_loss":0.0,"gold_gain":0.0,"event_name":"Back to Basics","player_choice":"Elegance","floor":21.0,"gold_loss":0.0,"damage_taken":0.0},{"damage_healed":0.0,"max_hp_gain":0.0,"max_hp_loss":0.0,"gold_gain":0.0,"event_name":"Addict","player_choice":"Obtained Relic","floor":31.0,"gold_loss":85.0,"damage_taken":0.0,"relics_obtained":["CeramicFish"]},{"damage_healed":0.0,"max_hp_gain":0.0,"max_hp_loss":0.0,"gold_gain":0.0,"event_name":"Mysterious Sphere","player_choice":"Fight","floor":36.0,"gold_loss":0.0,"damage_taken":0.0},{"cards_removed":["Devotion"],"damage_healed":0,"gold_gain":0,"player_choice":"Removed Power","damage_taken":0,"max_hp_gain":0,"max_hp_loss":0,"event_name":"Falling","floor":45,"gold_loss":0}],"is_beta":false,"boss_relics":[{"not_picked":["HolyWater","Busted Crown"],"picked":"Astrolabe"},{"not_picked":["Fusion Hammer","Pandora\u0027s Box"],"picked":"SlaversCollar"}],"items_purged_floors":[4,37],"is_endless":false,"potions_floor_spawned":[7,11,24,33,38,39],"ascension_level":2}}