{"host":"d4km6p8r92tm3vpl","time":1610435909,"event":{"mods":["AchievementEnabler","BaseMod","Colored Map","Colored Powertips","DeckTracker","Minty Spire (QoL Compilation)","Relic Stats","StSLib"],"gold_per_floor":[115,126,140,140,157,157,174,207,207,275,291,291,291],"floor_reached":12,"playtime":296,"items_purged":[],"score":123,"play_id":"40df915e-cd19-4227-a2d0-c7e46d87f54b","local_time":"20210112021829","is_ascension_mode":true,"campfire_choices":[{"data":"WindmillStrike","floor":6,"key":"SMITH"}],"circlet_count":0,"master_deck":["AscendersBane","Strike_P","Strike_P","Strike_P","Strike_P","Defend_P","Defend_P","Defend_P","Defend_P","Eruption","Vigilance","WaveOfTheHand","WindmillStrike+1","SpiritShield"],"relics":["Busted Crown","Juzu Bracelet","Happy Flower"],"acts_visited":["Exordium"],"potions_floor_usage":[8],"damage_taken":[{"damage":0,"enemies":"2 Louse","floor":1,"turns":3},{"damage":0,"enemies":"Small Slimes","floor":2,"turns":2},{"damage":0,"enemies":"Jaw Worm","floor":3,"turns":6},{"damage":11,"enemies":"Looter","floor":5,"turns":4},{"damage":10,"enemies":"3 Louse","floor":7,"turns":4},{"damage":17,"enemies":"Lagavulin","floor":8,"turns":7},{"damage":10,"enemies":"Exordium Wildlife","floor":11,"turns":6},{"damage":0,"enemies":"3 Sentries","floor":12,"turns":1}],"seed_played":"-149909641696994600","potions_obtained":[{"floor":1,"key":"SneckoOil"},{"floor":3,"key":"Swift Potion"},{"floor":7,"key":"Strength Potion"}],"is_trial":false,"path_per_floor":["M","M","M","?","M","R","M","E","T","?","M","E"],"character_chosen":"WATCHER","items_purchased":[],"campfire_rested":0,"item_purchase_floors":[],"current_hp_per_floor":[65,65,65,58,47,47,37,20,20,20,10,10,10],"gold":291,"neow_bonus":"BOSS_RELIC","is_daily":false,"chose_seed":false,"campfire_upgraded":1,"win_rate":0.0,"timestamp":1610435909,"path_taken":["M","M","M","?","M","R","M","E","T","?","M","E"],"items_purchased_type":[],"build_version":"2020-12-22","purchased_purges":0,"victory":false,"max_hp_per_floor":[72,72,72,72,72,72,72,72,72,72,72,72,72],"relic_stats":{"Busted Crown":14,"Happy Flower":[2],"counters":[8,33],"Juzu Bracelet":0,"obtain_stats":[{"Busted Crown":0,"Happy Flower":8,"Juzu Bracelet":4,"PureWater":0},{"Busted Crown":0,"Happy Flower":6,"Juzu Bracelet":3,"PureWater":0},{"Busted Crown":0,"Happy Flower":26,"Juzu Bracelet":11,"PureWater":0}]},"card_choices":[{"not_picked":[],"picked":"WaveOfTheHand","floor":1},{"not_picked":["EmptyBody"],"picked":"SKIP","floor":2},{"not_picked":[],"picked":"WindmillStrike","floor":3},{"not_picked":["Pray"],"picked":"SKIP","floor":5},{"not_picked":["EmptyFist"],"picked":"SKIP","floor":7},{"not_picked":[],"picked":"SpiritShield","floor":8},{"not_picked":["JustLucky"],"picked":"SKIP","floor":11}],"player_experience":820362,"relics_obtained":[{"floor":8,"key":"Happy Flower"}],"event_choices":[{"damage_healed":0,"gold_gain":0,"player_choice":"Success","damage_taken":7,"relics_obtained":["Juzu Bracelet"],"max_hp_gain":0,"max_hp_loss":0,"event_name":"Scrap Ooze","floor":4,"gold_loss":0},{"damage_healed":0,"gold_gain":68,"player_choice":"Gained Gold","damage_taken":0,"max_hp_gain":0,"max_hp_loss":0,"event_name":"Golden Wing","floor":10,"gold_loss":0}],"is_beta":false,"boss_relics":[],"items_purged_floors":[],"is_endless":false,"potions_floor_spawned":[1,3,7],"killed_by":"3 Sentries","ascension_level":10}}