{"host":"0vlubjftylzdr3ny","time":1610464323,"event":{"mods":["Always Whale","BaseMod","GifTheSpireLib","Minty Spire (QoL Compilation)","Relic Filter","StSLib","Stuff the Spire"],"gold_per_floor":[110,127,145,145,163,163,195,213,268,282,312,312,338,144,144,240,240,258,83,83,100,100,100,113,143,143,153,180,280,280,299,299,396,396,415,415,352,352,352,382,397,408,408,427,455,471,471,297,297,297],"floor_reached":51,"playtime":1836,"items_purged":["Strike_G","Strike_G","Strike_G","Parasite"],"score":999,"play_id":"1639bd02-8df4-4322-bbe1-f83937a77a9a","local_time":"20210112161203","is_ascension_mode":true,"campfire_choices":[{"data":"Neutralize","floor":6,"key":"SMITH"},{"data":"StuffTheSpire:BumpUp","floor":12,"key":"SMITH"},{"data":"StuffTheSpire:BumpUp","floor":15,"key":"SMITH"},{"data":"StuffTheSpire:Ambrosia","floor":23,"key":"SMITH"},{"data":"Malaise","floor":30,"key":"SMITH"},{"data":"StuffTheSpire:BumpUp","floor":32,"key":"SMITH"},{"data":"Cloak And Dagger","floor":47,"key":"SMITH"},{"data":"Thinking Ahead","floor":49,"key":"SMITH"}],"circlet_count":0,"master_deck":["Strike_G+1","Strike_G+1","Defend_G","Defend_G","Defend_G","Defend_G+1","Survivor","Neutralize+1","Cloak And Dagger+1","Dash+1","Backstab","StuffTheSpire:BumpUp+1","StuffTheSpire:BumpUp+1","After Image","StuffTheSpire:Ambrosia+1","StuffTheSpire:BumpUp+1","Necronomicurse","Malaise+1","StuffTheSpire:BumpUp+1","StuffTheSpire:Rapture","Thinking Ahead+1"],"relics":["Ring of the Snake","Pocketwatch","Bag of Marbles","Gremlin Horn","Meat on the Bone","Membership Card","Cursed Key","Mummified Hand","Necronomicon","White Beast Statue","StuffTheSpire:RubySignet","Whetstone","CaptainsWheel","Mercury Hourglass","Empty Cage","Matryoshka","Bottled Flame","Art of War","Regal Pillow"],"acts_visited":["Exordium","TheCity","TheBeyond"],"potions_floor_usage":[7,11,28,29,35,40,44,50,50],"damage_taken":[{"damage":1,"enemies":"2 Louse","floor":1,"turns":3},{"damage":1,"enemies":"Small Slimes","floor":2,"turns":5},{"damage":0,"enemies":"Jaw Worm","floor":3,"turns":5},{"damage":0,"enemies":"Blue Slaver","floor":5,"turns":3},{"damage":9,"enemies":"Gremlin Nob","floor":7,"turns":4},{"damage":0,"enemies":"2 Fungi Beasts","floor":8,"turns":2},{"damage":0,"enemies":"Exordium Thugs","floor":10,"turns":4},{"damage":12,"enemies":"Lagavulin","floor":11,"turns":4},{"damage":1,"enemies":"Gremlin Nob","floor":13,"turns":3},{"damage":8,"enemies":"The Guardian","floor":16,"turns":10},{"damage":0,"enemies":"3 Byrds","floor":18,"turns":5},{"damage":0,"enemies":"Shell Parasite","floor":21,"turns":6},{"damage":0,"enemies":"Snake Plant","floor":24,"turns":1},{"damage":0,"enemies":"Gremlin Leader","floor":25,"turns":3},{"damage":0,"enemies":"Sentry and Sphere","floor":27,"turns":3},{"damage":2,"enemies":"Book of Stabbing","floor":28,"turns":4},{"damage":0,"enemies":"Colosseum Slavers","floor":29,"turns":2},{"damage":0,"enemies":"Colosseum Nobs","floor":29,"turns":2},{"damage":0,"enemies":"Centurion and Healer","floor":31,"turns":3},{"damage":6,"enemies":"Champ","floor":33,"turns":5},{"damage":0,"enemies":"3 Darklings","floor":35,"turns":2},{"damage":0,"enemies":"Giant Head","floor":40,"turns":5},{"damage":0,"enemies":"3 Shapes","floor":41,"turns":1},{"damage":4,"enemies":"Spire Growth","floor":42,"turns":3},{"damage":0,"enemies":"Jaw Worm Horde","floor":44,"turns":3},{"damage":0,"enemies":"Reptomancer","floor":45,"turns":2},{"damage":0,"enemies":"Transient","floor":46,"turns":5},{"damage":12,"enemies":"Donu and Deca","floor":50,"turns":4}],"seed_played":"-2957971202238263823","potions_obtained":[{"floor":1,"key":"DuplicationPotion"},{"floor":3,"key":"AttackPotion"},{"floor":8,"key":"Explosive Potion"},{"floor":13,"key":"Energy Potion"},{"floor":16,"key":"FearPotion"},{"floor":28,"key":"Fire Potion"},{"floor":29,"key":"Block Potion"},{"floor":35,"key":"Fruit Juice"},{"floor":40,"key":"PowerPotion"},{"floor":42,"key":"Strength Potion"},{"floor":44,"key":"LiquidBronze"},{"floor":45,"key":"FearPotion"}],"is_trial":false,"path_per_floor":["M","M","M","?","M","R","E","M","T","M","E","R","E","$","R","B",null,"M","$","?","M","?","R","M","E","T","M","E","?","R","M","R","B",null,"M","?","$","?","?","E","M","M","T","M","E","M","R","$","R","B",null],"character_chosen":"THE_SILENT","items_purchased":["Membership Card","Mummified Hand","Thinking Ahead"],"campfire_rested":0,"item_purchase_floors":[14,19,48],"current_hp_per_floor":[62,61,61,48,48,48,39,39,39,39,27,27,26,26,26,30,63,63,63,48,49,33,33,35,37,37,39,39,43,43,45,45,45,80,82,82,82,82,82,89,91,89,89,91,93,95,95,95,95,85],"gold":297,"neow_bonus":"ONE_RARE_RELIC","is_daily":false,"chose_seed":false,"campfire_upgraded":8,"win_rate":0.0,"timestamp":1610464323,"path_taken":["M","M","M","?","M","R","E","M","T","M","E","R","E","$","R","BOSS","M","$","?","M","?","R","M","E","T","M","E","?","R","M","R","BOSS","M","?","$","?","?","E","M","M","T","M","E","M","R","$","R","BOSS"],"items_purchased_type":["Relic","Relic","Card"],"build_version":"2020-12-22","purchased_purges":4,"victory":true,"max_hp_per_floor":[63,63,63,63,63,63,63,63,63,63,63,63,63,63,63,63,63,63,63,63,64,64,64,66,68,68,70,72,76,76,78,78,80,80,82,82,82,82,82,89,91,93,93,95,97,99,99,96,96,98],"card_choices":[{"not_picked":["Setup","Blade Dance"],"picked":"Cloak And Dagger","floor":1},{"not_picked":["Expertise","Slice","Sucker Punch"],"picked":"SKIP","floor":2},{"not_picked":["Prepared","Backflip"],"picked":"Dash","floor":3},{"not_picked":["Acrobatics","Dodge and Roll"],"picked":"Backstab","floor":5},{"not_picked":["Blade Dance","Deadly Poison","Dodge and Roll"],"picked":"SKIP","floor":7},{"not_picked":["StuffTheSpire:MirrorStance","Poisoned Stab"],"picked":"StuffTheSpire:BumpUp","floor":8},{"not_picked":["Bouncing Flask","Outmaneuver"],"picked":"StuffTheSpire:BumpUp","floor":10},{"not_picked":["Underhanded Strike","Escape Plan","StuffTheSpire:Incantation"],"picked":"SKIP","floor":11},{"not_picked":["Slice","Grand Finale","Deflect"],"picked":"SKIP","floor":13},{"not_picked":["Phantasmal Killer","Storm of Steel"],"picked":"After Image","floor":16},{"not_picked":["Deflect","StuffTheSpire:ClusterCrunch","Escape Plan"],"picked":"SKIP","floor":18},{"not_picked":["Reflex","StuffTheSpire:BrimstoneBlast"],"picked":"StuffTheSpire:BumpUp","floor":21},{"not_picked":["Eviscerate","Bane+1","Backstab"],"picked":"SKIP","floor":24},{"not_picked":["Deflect+1","Skewer+1","Dash"],"picked":"SKIP","floor":25},{"not_picked":["Backflip","Terror","Riddle With Holes"],"picked":"SKIP","floor":27},{"not_picked":["Acrobatics","Unload"],"picked":"Malaise","floor":28},{"not_picked":["Heel Hook","StuffTheSpire:BumpUp","Acrobatics"],"picked":"SKIP","floor":31},{"not_picked":["Riddle With Holes+1","Poisoned Stab"],"picked":"StuffTheSpire:BumpUp+1","floor":35},{"not_picked":["StuffTheSpire:Vigor","StuffTheSpire:Perfection"],"picked":"StuffTheSpire:Rapture","floor":36},{"not_picked":["Deflect+1","Dagger Spray+1","Calculated Gamble"],"picked":"SKIP","floor":40},{"not_picked":["Acrobatics","Deadly Poison+1","StuffTheSpire:BumpUp+1"],"picked":"SKIP","floor":41},{"not_picked":["Underhanded Strike+1","StuffTheSpire:Python","Concentrate"],"picked":"SKIP","floor":42},{"not_picked":["Dagger Spray","Catalyst+1","Outmaneuver"],"picked":"SKIP","floor":44},{"not_picked":["Calculated Gamble","Grand Finale","Sucker Punch+1"],"picked":"SKIP","floor":45},{"not_picked":["Dodge and Roll+1","Deadly Poison+1","Dash+1"],"picked":"SKIP","floor":46}],"player_experience":826176,"relics_obtained":[{"floor":7,"key":"Bag of Marbles"},{"floor":9,"key":"Ancient Tea Set"},{"floor":11,"key":"Gremlin Horn"},{"floor":13,"key":"Meat on the Bone"},{"floor":22,"key":"Necronomicon"},{"floor":25,"key":"White Beast Statue"},{"floor":26,"key":"StuffTheSpire:RubySignet"},{"floor":28,"key":"Whetstone"},{"floor":29,"key":"CaptainsWheel"},{"floor":29,"key":"Mercury Hourglass"},{"floor":40,"key":"Matryoshka"},{"floor":43,"key":"Bottled Flame"},{"floor":43,"key":"Art of War"},{"floor":45,"key":"Regal Pillow"}],"event_choices":[{"damage_healed":0,"gold_gain":0,"player_choice":"Entered Light","damage_taken":13,"max_hp_gain":0,"max_hp_loss":0,"event_name":"Shining Light","floor":4,"gold_loss":0,"cards_upgraded":["Defend_G","Dash"]},{"damage_healed":0,"gold_gain":0,"player_choice":"Obtained Book","damage_taken":16,"max_hp_gain":0,"max_hp_loss":0,"event_name":"Cursed Tome","floor":22,"gold_loss":0},{"damage_healed":0,"gold_gain":0,"player_choice":"Fight","damage_taken":0,"max_hp_gain":0,"max_hp_loss":0,"event_name":"Colosseum","floor":29,"gold_loss":0},{"damage_healed":0,"gold_gain":0,"player_choice":"Fought Nobs","damage_taken":0,"max_hp_gain":0,"max_hp_loss":0,"event_name":"Colosseum","floor":29,"gold_loss":0},{"damage_healed":0,"gold_gain":0,"player_choice":"Memory 1","damage_taken":0,"max_hp_gain":0,"max_hp_loss":0,"event_name":"SensoryStone","floor":38,"gold_loss":0},{"damage_healed":0,"gold_gain":0,"player_choice":"Ignored","damage_taken":0,"max_hp_gain":0,"max_hp_loss":0,"event_name":"Tomb of Lord Red Mask","floor":39,"gold_loss":0}],"is_beta":false,"boss_relics":[{"not_picked":["Fusion Hammer","WristBlade"],"picked":"Cursed Key"},{"not_picked":["Black Star","Ring of the Serpent"],"picked":"Empty Cage"}],"items_purged_floors":[14,19,37,48],"is_endless":false,"potions_floor_spawned":[1,3,8,13,16,24,27,28,29,29,31,33,35,40,41,42,44,45,46],"ascension_level":2}}