{"host":"tvwbxqry54t86y0v","time":1610438013,"event":{"mods":["2.2 Compatiblity","A Magickal Journey","Arknights The Spire","Astrologer","BaseMod","Beaked The Cultist","BetterRewards","Block Reminder","Clockwork Mod","Colored Powertips","DeckTracker","Downfall","Fiend Mod","GungeonMod","Hermit","Hubris","Infinite Spire","Ironclad Rager","Marked Mod","Mimic Mod","Minty Spire (QoL Compilation)","Potionbrewer","Replay The Spire","Shade Mod","Somnambulant","StSLib","The Bug Knight","The Cursed","The Druid","The Elementalist","The Exalted","The Forsaken","The Hierophant","The Jungle","The Marked","The Mystic","The Problem Sleuth","The Runesmith","The Senshi","The Spell Scribe","The Valiant","The Wild Card","TheFirefly","TheHeartMod","Unceasing Turn Reminder","thorton"],"gold_per_floor":[110,185,185,254,379,379,405,420,420,470,26,26,76,96,96,191,191,201,251,251,251,301,160,154,197,247,247,247,281,128,197,172,172,172,285,285,324,34,142,192,305,369,472,472,547,573,573],"floor_reached":46,"playtime":3131,"items_purged":[],"score":728,"play_id":"8a222a6c-27cc-49a7-b731-f6e7e33277a5","local_time":"20210112185333","is_ascension_mode":false,"campfire_choices":[{"data":"ats:Armor Crushing Shot","floor":6,"key":"SMITH"},{"floor":12,"key":"REST"},{"data":"ats:Revitalization","floor":15,"key":"SMITH"},{"data":"theWildCard:Scathach","floor":34,"key":"SMITH"},{"floor":44,"key":"RECALL"}],"circlet_count":0,"master_deck":["ats:Strike C","ats:Strike G","ats:Strike S","ats:Strike V","ats:Armor Crushing Shot+1","ats:Defend","ats:Defend","ats:Defend","ats:Defend","ats:Emotion Absorption+1","ats:Hammer On","ats:Leaping Hammer","ats:Charging Defense","theWildCard:Scathach+1","ats:Revitalization+1","ats:Calcification","ats:Sunburst","ats:Healing Strengthening","Pain","ats:Song Of Battle","ReplayTheSpireMod:Splinters"],"relics":["ats:Sanity","SsserpentHead","Bromod:ArcaneGuardian","ats:Originium","ats:Spiritual Recovery","DemoMod:Bottle","ats:Assault","DemoMod:BlueGuonStone","thethorton:BottledFunds","Nilry\u0027s Codex","Replay:Bandana","PreservedInsect","WarpedTongs","ReplayTheSpireMod:TigerMarble","Bromod:ArcaneGrace","Mercury Hourglass","Potion Belt","DemoMod:LamentConfigurum","Replay:Arrowhead","infinitespire:EvilPickle","hubris:ScarierMask","DemoMod:MeatBun","infinitespire:Beetle Shell","FossilizedHelix","White Beast Statue","DemoMod:WeirdEgg"],"acts_visited":["Exordium","TheCity","TheBeyond"],"potions_floor_usage":[16,35,41,41,42,46,46],"damage_taken":[{"damage":2,"enemies":"2 Louse","floor":1,"turns":4},{"damage":1,"enemies":"Small Slimes","floor":4,"turns":4},{"damage":43,"enemies":"3 Sentries","floor":7,"turns":12},{"damage":0,"enemies":"Cultist","floor":8,"turns":3},{"damage":11,"enemies":"Exordium Thugs","floor":14,"turns":6},{"damage":9,"enemies":"The Guardian","floor":16,"turns":19},{"damage":17,"enemies":"3 Byrds","floor":18,"turns":9},{"damage":0,"enemies":"2 Thieves","floor":24,"turns":4},{"damage":33,"enemies":"Book of Stabbing","floor":25,"turns":11},{"damage":5,"enemies":"Replay:Snechameleon","floor":29,"turns":8},{"damage":9,"enemies":"Sentry and Sphere","floor":31,"turns":10},{"damage":141,"enemies":"Pondfish","floor":35,"turns":22},{"damage":12,"enemies":"Orb Walker","floor":37,"turns":5},{"damage":0,"enemies":"Mind Bloom Boss Battle","floor":39,"turns":10},{"damage":6,"enemies":"3 Shapes","floor":41,"turns":5},{"damage":45,"enemies":"Giant Head","floor":42,"turns":11},{"damage":47,"enemies":"Reptomancer","floor":46,"turns":3}],"seed_played":"-6994038590524645357","potions_obtained":[{"floor":1,"key":"Elixir"},{"floor":8,"key":"PowerPotion"},{"floor":24,"key":"SpeedPotion"},{"floor":25,"key":"ats:Emergency Sanity Potion"},{"floor":39,"key":"SpeedPotion"},{"floor":41,"key":"Reflective Coating"},{"floor":42,"key":"champ:CounterPotion"},{"floor":43,"key":"Guardian:BlockOnCardUsePotion"},{"floor":43,"key":"Doom Potion"},{"floor":43,"key":"Regen Potion"}],"is_trial":false,"path_per_floor":["M","?","?","M","T","R","E","M","T","?","$","R","$","M","R","B",null,"M","?","PTL","PTL","?","$","M","E","?","AVR","T","E","$","M","?","$","R","B",null,"M","$","?","?","M","E","?","R","T","E"],"character_chosen":"DOCTOR_CLASS","items_purchased":["ats:Assault","DemoMod:BlueGuonStone","ats:Revitalization","ats:Healing Strengthening","Replay:Bandana","DemoMod:LamentConfigurum","DemoMod:MeatBun","infinitespire:Beetle Shell"],"campfire_rested":1,"item_purchase_floors":[11,11,11,23,23,30,38,38],"current_hp_per_floor":[70,59,59,58,58,58,15,15,15,15,15,36,36,42,42,72,72,68,68,68,68,52,52,57,51,51,51,51,72,72,72,72,72,72,72,72,72,72,72,72,69,33,33,33,33,0,0],"gold":573,"neow_bonus":"UPGRADE_CARD","is_daily":false,"chose_seed":false,"campfire_upgraded":3,"win_rate":0.0,"timestamp":1610438013,"path_taken":["M","?","?","?","?","R","E","M","T","?","$","R","?","M","R","BOSS","M","?","PTL","PTL","?","?","M","E","?","AVR","T","E","$","?","?","$","R","BOSS","M","$","?","?","?","E","?","R","T","E"],"items_purchased_type":["Relic","Relic","Card","Card","Relic","Relic","Relic","Relic"],"build_version":"2020-12-22","purchased_purges":0,"victory":false,"max_hp_per_floor":[72,72,72,72,72,72,72,72,72,72,72,72,72,72,72,72,72,72,72,72,72,72,72,72,72,72,72,72,72,72,72,72,72,72,72,72,72,72,72,72,72,72,72,72,72,72,72],"card_choices":[{"not_picked":["ats:Automatic Cover","ats:Flexible Camouflage"],"picked":"ats:Hammer On","floor":1},{"not_picked":["ats:Echo Reverb","ats:Curse Doll"],"picked":"ats:Leaping Hammer","floor":4},{"not_picked":["ats:Closed Bolt Burst Fire","ats:Curse Doll"],"picked":"ats:Charging Defense","floor":7},{"not_picked":["ats:Directed Diagnosis","ats:Assault Order"],"picked":"ats:Apocalypse","floor":8},{"not_picked":["ats:Overload","ats:Poison Spread"],"picked":"ats:Revitalization","floor":14},{"not_picked":["ats:True Silver Slash","ats:Rat Pack"],"picked":"ats:Calcification","floor":16},{"not_picked":["ats:Assault Order+1","ats:Automatic Cover"],"picked":"ats:Sunburst","floor":18},{"not_picked":["ats:Consecutive Shot Auto","ats:Automatic Cover","ats:Childhood Dance"],"picked":"SKIP","floor":24},{"not_picked":["ats:Powerful Strike","ats:Counter Healing Mode","ats:Apocalypse+1"],"picked":"SKIP","floor":25},{"not_picked":["ats:Soul Absorption+1","ats:Composite Medical Shells","ats:Red Shift"],"picked":"SKIP","floor":29},{"not_picked":["ats:Childhood Dance","ats:Cat Scratch","ats:Automatic Cover"],"picked":"SKIP","floor":31},{"not_picked":["ats:Flexible Camouflage","ats:Shadow Raid","ats:Healing Strengthening+1"],"picked":"SKIP","floor":37},{"not_picked":["ats:Explosion Area Strengthen+1","ats:Shell Defense","ats:Steam Pump+1"],"picked":"SKIP","floor":41},{"not_picked":["ats:Automatic Cover+1","ats:Encircling Forest+1"],"picked":"ats:Song Of Battle","floor":42}],"player_experience":1097523,"relics_obtained":[{"floor":5,"key":"Bromod:ArcaneGuardian"},{"floor":7,"key":"ats:Originium"},{"floor":7,"key":"ats:Spiritual Recovery"},{"floor":9,"key":"DemoMod:Bottle"},{"floor":22,"key":"Nilry\u0027s Codex"},{"floor":25,"key":"ats:Originium"},{"floor":25,"key":"PreservedInsect"},{"floor":28,"key":"Mercury Hourglass"},{"floor":29,"key":"ats:Originium"},{"floor":29,"key":"Potion Belt"},{"floor":39,"key":"FossilizedHelix"},{"floor":42,"key":"DemoMod:WeirdEgg"}],"event_choices":[{"damage_healed":0,"gold_gain":75,"player_choice":"Gather Gold","damage_taken":11,"max_hp_gain":0,"max_hp_loss":0,"event_name":"World of Goop","floor":2,"gold_loss":0},{"damage_healed":0,"gold_gain":0,"player_choice":"Trade","damage_taken":0,"relics_obtained":["SsserpentHead"],"max_hp_gain":0,"max_hp_loss":0,"event_name":"FaceTrader","floor":3,"gold_loss":0},{"damage_healed":0,"gold_gain":0,"player_choice":"Obtained Book","damage_taken":16,"max_hp_gain":0,"max_hp_loss":0,"event_name":"Cursed Tome","floor":22,"gold_loss":0},{"damage_healed":0,"gold_gain":0,"player_choice":"Rummage","damage_taken":0,"relics_obtained":["WarpedTongs"],"max_hp_gain":0,"max_hp_loss":0,"event_name":"Accursed Blacksmith","floor":26,"gold_loss":0,"cards_obtained":["Pain"]},{"cards_removed":["ats:Apocalypse"],"damage_healed":0,"gold_gain":0,"player_choice":"Gave Gold","damage_taken":0,"max_hp_gain":0,"max_hp_loss":0,"event_name":"Beggar","floor":32,"gold_loss":75},{"damage_healed":0,"gold_gain":0,"player_choice":"Fight","damage_taken":0,"max_hp_gain":0,"max_hp_loss":0,"event_name":"MindBloom","floor":39,"gold_loss":0},{"cards_removed":["ats:Revitalization"],"damage_healed":0,"gold_gain":0,"player_choice":"Gave Card","damage_taken":0,"relics_obtained":["White Beast Statue"],"max_hp_gain":0,"max_hp_loss":0,"event_name":"WeMeetAgain","floor":40,"gold_loss":0}],"is_beta":false,"boss_relics":[{"not_picked":["Pandora\u0027s Box","Empty Cage"],"picked":"thethorton:BottledFunds"},{"not_picked":["hubris:HollowSoul","Ring of Chaos"],"picked":"hubris:ScarierMask"}],"items_purged_floors":[],"is_endless":false,"potions_floor_spawned":[1,8,24,25,39,41,42],"killed_by":"Reptomancer","ascension_level":0}}