{"host":"4rvakrj1idbgia3f","time":1610431007,"event":{"mods":["BaseMod","Colored Map","Colored Powertips","DeckTracker","Highlight Path","Minty Spire (QoL Compilation)","Random Character Button","StSLib"],"gold_per_floor":[116,116,129,144,156,156,182,182,228,247,265,190,203,203,203],"floor_reached":14,"playtime":400,"items_purged":[],"score":188,"play_id":"45fa18c2-8373-41c5-82eb-1ec42a95de06","local_time":"20210112145647","is_ascension_mode":true,"campfire_choices":[{"data":"Poisoned Stab","floor":6,"key":"SMITH"},{"data":"Dagger Spray","floor":8,"key":"SMITH"}],"circlet_count":0,"master_deck":["AscendersBane","Strike_G","Strike_G","Strike_G","Strike_G","Defend_G","Defend_G","Defend_G","Defend_G","Survivor","Neutralize","Deadly Poison","Poisoned Stab+1","Dagger Spray+1","Deadly Poison","PiercingWail","Blade Dance"],"relics":["Ring of the Snake","NeowsBlessing","Bottled Flame","Nunchaku"],"acts_visited":["Exordium"],"potions_floor_usage":[7,7,11],"damage_taken":[{"damage":0,"enemies":"Jaw Worm","floor":1,"turns":1},{"damage":0,"enemies":"Cultist","floor":3,"turns":1},{"damage":0,"enemies":"2 Louse","floor":4,"turns":1},{"damage":2,"enemies":"2 Fungi Beasts","floor":5,"turns":4},{"damage":8,"enemies":"Gremlin Nob","floor":7,"turns":3},{"damage":27,"enemies":"Large Slime","floor":10,"turns":5},{"damage":0,"enemies":"Exordium Wildlife","floor":11,"turns":4},{"damage":0,"enemies":"2 Fungi Beasts","floor":13,"turns":3},{"damage":39,"enemies":"Lagavulin","floor":14,"turns":5}],"seed_played":"8376303988828014389","potions_obtained":[{"floor":3,"key":"Fire Potion"},{"floor":4,"key":"Swift Potion"},{"floor":10,"key":"Regen Potion"}],"is_trial":false,"path_per_floor":["M","?","M","M","M","R","E","R","T","M","M","?","M","E"],"character_chosen":"THE_SILENT","items_purchased":[],"campfire_rested":0,"item_purchase_floors":[],"current_hp_per_floor":[59,59,59,59,57,57,49,49,49,22,34,34,34,0,0],"gold":203,"neow_bonus":"THREE_ENEMY_KILL","is_daily":false,"chose_seed":false,"campfire_upgraded":2,"win_rate":0.0,"timestamp":1610431007,"path_taken":["M","?","?","M","M","R","E","R","T","M","M","?","M","E"],"items_purchased_type":[],"build_version":"2020-12-22","purchased_purges":0,"victory":false,"max_hp_per_floor":[66,66,66,66,66,66,66,66,66,66,66,66,66,66,66],"card_choices":[{"not_picked":["PiercingWail","Flying Knee"],"picked":"Deadly Poison","floor":1},{"not_picked":["Concentrate","Dagger Spray"],"picked":"Poisoned Stab","floor":3},{"not_picked":["Blade Dance","Cloak And Dagger"],"picked":"Dagger Spray","floor":4},{"not_picked":["Choke","Setup","Prepared"],"picked":"SKIP","floor":5},{"not_picked":["Bane","Predator"],"picked":"Deadly Poison","floor":7},{"not_picked":["Expertise","Sucker Punch","Deflect"],"picked":"SKIP","floor":10},{"not_picked":["Predator","Bane"],"picked":"PiercingWail","floor":11},{"not_picked":["Dodge and Roll","Envenom"],"picked":"Blade Dance","floor":13}],"player_experience":2007860,"relics_obtained":[{"floor":7,"key":"Bottled Flame"},{"floor":9,"key":"Nunchaku"}],"event_choices":[{"cards_removed":["Defend_G"],"damage_healed":0,"gold_gain":0,"player_choice":"Offered Basic","damage_taken":0,"max_hp_gain":0,"max_hp_loss":0,"event_name":"Bonfire Elementals","floor":2,"gold_loss":0},{"cards_removed":["Strike_G"],"damage_healed":0,"gold_gain":0,"player_choice":"Card Removal","damage_taken":0,"max_hp_gain":0,"max_hp_loss":0,"event_name":"The Cleric","floor":12,"gold_loss":75}],"is_beta":false,"boss_relics":[],"items_purged_floors":[],"is_endless":false,"potions_floor_spawned":[3,4,10],"killed_by":"Lagavulin","ascension_level":20}}