{"host":"h5mpg8xef8fl8s1y","time":1610440107,"event":{"mods":["100% Spire Juice","AchievementEnabler","BaseMod","Bestiary","Block Reminder","Colored Map","Colored Powertips","Curses Come First","Dark Map","Displayed Cursed Tome","Googly Eyes","Hero for Fun","Marisa????????","Minty Spire (QoL Compilation)","Permanent Neow","Quick Restart","Random Character Button","Rare Cards Sparkle","Relic Stats","StSLib","Starting Relic: Pandora\u0027s Box","The Marked","The Senshi","The Servant 0.9.4","TheVelvet","Waifu the Spire","Yakumo Yukari mod","everything is the same but u backflip on backflip"],"gold_per_floor":[116,134,146,146,161,161,173,188,236,249,174,174,174,199,199,298,348,361,374,123,123,123,123,148,148,216,240,259,259,286,310,310,310,310],"floor_reached":33,"playtime":3763,"items_purged":["Regret"],"score":278,"play_id":"0c917e6d-61f6-4dd4-b522-eb5529fa3061","local_time":"20210112032827","is_ascension_mode":false,"campfire_choices":[{"data":"Luminosity","floor":6,"key":"SMITH"},{"floor":12,"key":"REST"},{"data":"WasteNot","floor":15,"key":"SMITH"},{"data":"Foresight","floor":23,"key":"SMITH"},{"data":"MoonPhase","floor":25,"key":"SMITH"},{"data":"SilverBlades","floor":32,"key":"SMITH"}],"circlet_count":0,"master_deck":["KidneyShot+1","Exchange","Rewind","Alleviate","Spin","Potential","Rearm","ShiftingGears","Replace","SurpressingFire","Barrier","Luminosity+1","Moonlight","WasteNot+1","SilverBlades+1","Reset","ShatteredReality","Dilation","Rewind","Foresight+1","Potential+1","MoonPhase+1","InstantArmor","MoonPhase+1","TimeWarp","Ricochet","BestPractice"],"relics":["Uniform","CaptainsWheel","Orichalcum","PreservedInsect","Tiny House","Membership Card","CeramicFish","Meat on the Bone","Pantograph","Nilry\u0027s Codex"],"acts_visited":["Exordium","TheCity"],"potions_floor_usage":[33],"damage_taken":[{"damage":0,"enemies":"Cultist","floor":1,"turns":4},{"damage":4,"enemies":"Jaw Worm","floor":2,"turns":4},{"damage":0,"enemies":"2 Louse","floor":3,"turns":4},{"damage":0,"enemies":"2 Fungi Beasts","floor":5,"turns":5},{"damage":3,"enemies":"Looter","floor":7,"turns":3},{"damage":3,"enemies":"Exordium Thugs","floor":8,"turns":5},{"damage":10,"enemies":"3 Louse","floor":10,"turns":5},{"damage":0,"enemies":"Lagavulin","floor":14,"turns":6},{"damage":11,"enemies":"Hexaghost","floor":16,"turns":11},{"damage":4,"enemies":"Shell Parasite","floor":18,"turns":9},{"damage":0,"enemies":"Spheric Guardian","floor":19,"turns":6},{"damage":11,"enemies":"Chosen and Byrds","floor":24,"turns":9},{"damage":19,"enemies":"Cultist and Chosen","floor":27,"turns":11},{"damage":8,"enemies":"3 Cultists","floor":28,"turns":5},{"damage":0,"enemies":"Centurion and Healer","floor":30,"turns":9},{"damage":0,"enemies":"Snecko","floor":31,"turns":9},{"damage":64,"enemies":"Automaton","floor":33,"turns":6}],"seed_played":"4618249768521247433","potions_obtained":[{"floor":5,"key":"Regen Potion"},{"floor":8,"key":"AttackPotion"},{"floor":10,"key":"FearPotion"},{"floor":13,"key":"SneckoOil"},{"floor":31,"key":"Regen Potion"}],"is_trial":false,"path_per_floor":["M","M","M","?","M","R","M","M","T","M","$","R","?","E","R","B",null,"M","M","$","?","?","R","M","R","T","M","M","?","M","M","R","B"],"character_chosen":"THE_SERVANT","items_purchased":["Membership Card","MoonPhase","CeramicFish"],"campfire_rested":1,"item_purchase_floors":[20,20,20],"current_hp_per_floor":[47,43,43,43,43,43,40,37,37,27,27,46,46,46,46,35,70,66,66,66,66,66,66,55,55,55,36,40,24,36,36,36,0,0],"gold":310,"neow_bonus":"ONE_RARE_RELIC","is_daily":false,"chose_seed":false,"campfire_upgraded":5,"win_rate":0.0,"timestamp":1610440107,"path_taken":["M","M","?","?","?","R","M","M","T","M","$","R","?","E","R","BOSS","M","?","$","?","?","R","M","R","T","M","M","?","?","M","R","BOSS"],"items_purchased_type":["Relic","Card","Relic"],"build_version":"2020-12-22","purchased_purges":1,"victory":false,"max_hp_per_floor":[65,65,65,65,65,65,65,65,65,65,65,65,65,65,65,65,70,70,70,70,70,70,70,70,70,70,70,70,70,70,70,70,70,70],"relic_stats":{"counters":[17,111],"CeramicFish":45,"Pantograph":25,"PreservedInsect":0,"Orichalcum":[72],"obtain_stats":[{"CaptainsWheel":0,"Tiny House":17,"Nilry\u0027s Codex":29,"CeramicFish":20,"Pantograph":26,"PreservedInsect":14,"Uniform":0,"Membership Card":20,"Orichalcum":9,"Meat on the Bone":22},{"CaptainsWheel":0,"Tiny House":9,"Nilry\u0027s Codex":14,"CeramicFish":11,"Pantograph":12,"PreservedInsect":8,"Uniform":0,"Membership Card":11,"Orichalcum":6,"Meat on the Bone":11},{"CaptainsWheel":0,"Tiny House":47,"Nilry\u0027s Codex":87,"CeramicFish":62,"Pantograph":71,"PreservedInsect":36,"Uniform":0,"Membership Card":62,"Orichalcum":25,"Meat on the Bone":62}],"Meat on the Bone":24},"card_choices":[{"not_picked":["TimeWarp","Ricochet"],"picked":"SurpressingFire","floor":1},{"not_picked":["BottledTime","Reset"],"picked":"Barrier","floor":2},{"not_picked":["Potential","Spin"],"picked":"Luminosity","floor":3},{"not_picked":["ShiftingGears","Unruled"],"picked":"Moonlight","floor":5},{"not_picked":["Potential","BottledTime"],"picked":"WasteNot","floor":7},{"not_picked":["StarChef","ShatteredReality"],"picked":"SilverBlades","floor":8},{"not_picked":["Desolation","Alleviate"],"picked":"Reset","floor":10},{"not_picked":["Snipe","DoubleEdge"],"picked":"ShatteredReality","floor":14},{"not_picked":["SoulSculpture","Duplication"],"picked":"Dilation","floor":16},{"not_picked":["Reset","Unruled"],"picked":"Rewind","floor":17},{"not_picked":["Starlight","RealityMarble"],"picked":"Foresight","floor":18},{"not_picked":["Spin","BottledTime"],"picked":"Potential+1","floor":19},{"not_picked":["Revamp","RealityMarble"],"picked":"InstantArmor","floor":24},{"not_picked":["StarChef","Hightail"],"picked":"MoonPhase+1","floor":27},{"not_picked":["Reset","Snipe"],"picked":"TimeWarp","floor":28},{"not_picked":["Rewind+1","Moonlight+1"],"picked":"Ricochet","floor":30},{"not_picked":["Duplication","Luminosity"],"picked":"BestPractice","floor":31}],"player_experience":217215,"relics_obtained":[{"floor":9,"key":"Orichalcum"},{"floor":14,"key":"PreservedInsect"},{"floor":26,"key":"Pantograph"}],"event_choices":[{"cards_removed":["StarChef"],"damage_healed":0,"gold_gain":0,"player_choice":"Took Card","damage_taken":0,"max_hp_gain":0,"max_hp_loss":0,"event_name":"NoteForYourself","floor":4,"gold_loss":0,"cards_obtained":["Regret"]},{"damage_healed":0,"gold_gain":0,"player_choice":"Got Potions","damage_taken":0,"max_hp_gain":0,"max_hp_loss":0,"event_name":"Lab","floor":13,"gold_loss":0},{"damage_healed":0,"gold_gain":0,"player_choice":"Ignored","damage_taken":0,"max_hp_gain":0,"max_hp_loss":0,"event_name":"Beggar","floor":21,"gold_loss":0},{"damage_healed":0,"gold_gain":0,"player_choice":"Opened","damage_taken":0,"relics_obtained":["Meat on the Bone"],"max_hp_gain":0,"max_hp_loss":0,"event_name":"The Mausoleum","floor":22,"gold_loss":0},{"damage_healed":0,"gold_gain":0,"player_choice":"Obtained Book","damage_taken":16,"max_hp_gain":0,"max_hp_loss":0,"event_name":"Cursed Tome","floor":29,"gold_loss":0}],"is_beta":false,"boss_relics":[{"not_picked":["SplendidAttire","Snecko Eye"],"picked":"Tiny House"}],"items_purged_floors":[11],"is_endless":false,"potions_floor_spawned":[5,8,10,14,16,18,27,28,31],"killed_by":"Automaton","ascension_level":0}}