{"host":"2xjkbrmvrd7iq7pu","time":1610461955,"event":{"mods":["AchievementEnabler","Act Like it!","Arknights The Spire","BaseMod","Downfall","Gensokyo","Gremlin Mod","GungeonMod","KinomotoSakuraMod(Ä¾Ö®±¾Ó£)","Lobotomy","Minty Spire (QoL Compilation)","Replay The Spire","StSLib","The Alterego","The Bug Knight","The Cursed"],"gold_per_floor":[111,111,128,14,14,49,65,65,65,82,99,99,127,127,127,225,225,237,237,237,237,249,249,277,295,295,295,330,405,12,32,32,131,131,141,141,141,159,4,4,4],"floor_reached":40,"playtime":2467,"items_purged":["ats:Defend","ats:Armor Crushing Shot"],"score":432,"play_id":"0edc60f5-4529-46c2-bf15-5457c77e44c0","local_time":"20210112223235","is_ascension_mode":false,"campfire_choices":[{"data":"ats:Overload","floor":8.0,"key":"SMITH"},{"data":"ats:Counter Healing Mode","floor":8.0,"key":"SMITH"},{"data":"ats:Emotion Absorption","floor":15.0,"key":"SMITH"},{"data":"ats:Apocalypse","floor":15.0,"key":"SMITH"},{"data":"ats:Demon Strength","floor":23.0,"key":"SMITH"},{"data":"ats:Automatic Cover","floor":23.0,"key":"SMITH"},{"data":"ats:Roar Of Ursus","floor":27.0,"key":"SMITH"},{"data":"ats:Calcification","floor":27.0,"key":"SMITH"},{"floor":32.0,"key":"REST"}],"circlet_count":0,"master_deck":["ats:Emotion Absorption+1","ats:Assault Order","ats:Sword Rain","ats:Counter Healing Mode+1","ats:Overload+1","ats:Apocalypse+1","ats:Soul Absorption+1","ats:Poison Spread","ats:Calcification+1","ats:Mental Burst","ats:Nebulous Foxfire","ats:Wolf Pack","ats:Automatic Cover+1","ats:Directed Diagnosis","ats:Demon Strength+1","ats:Roar Of Ursus+1","ats:Demon Strength+1","ats:Flexible Camouflage","ats:Neurotoxin","ats:Ambush","ats:Explosion Area Strengthen","ats:Healing Drone"],"relics":["ats:Sanity","ats:Originium","Replay:Arrowhead","DemoMod:PinkGuonStone","ats:Spiritual Recovery","Pandora\u0027s Box","Ancient Tea Set","Garlic","InkBottle","Unceasing Top","Black Star","ats:Rhine Circuitry"],"acts_visited":["Exordium","TheCity","TheBeyond"],"potions_floor_usage":[40],"damage_taken":[{"damage":3.0,"enemies":"2 Louse","floor":1.0,"turns":4.0},{"damage":1.0,"enemies":"Cultist","floor":3.0,"turns":4.0},{"damage":17.0,"enemies":"Gremlin Nob","floor":6.0,"turns":4.0},{"damage":1.0,"enemies":"Jaw Worm","floor":7.0,"turns":3.0},{"damage":1.0,"enemies":"Exordium Thugs","floor":10.0,"turns":4.0},{"damage":7.0,"enemies":"Large Slime","floor":11.0,"turns":6.0},{"damage":42.0,"enemies":"Lagavulin","floor":13.0,"turns":7.0},{"damage":16.0,"enemies":"Slime Boss","floor":16.0,"turns":9.0},{"damage":11.0,"enemies":"Chosen","floor":18.0,"turns":6.0},{"damage":26.0,"enemies":"Spheric Guardian","floor":22.0,"turns":4.0},{"damage":32.0,"enemies":"Gremlin Leader","floor":24.0,"turns":6.0},{"damage":12.0,"enemies":"Centurion and Healer","floor":25.0,"turns":4.0},{"damage":3.0,"enemies":"Book of Stabbing","floor":28.0,"turns":5.0},{"damage":0.0,"enemies":"Snake Plant","floor":31.0,"turns":4.0},{"damage":21.0,"enemies":"Champ","floor":33.0,"turns":7.0},{"damage":65.0,"enemies":"3 Shapes","floor":35.0,"turns":6.0},{"damage":9,"enemies":"3 Darklings","floor":38,"turns":4},{"damage":32,"enemies":"Reptomancer","floor":40,"turns":2}],"seed_played":"-4281438747658383619","potions_obtained":[{"floor":2.0,"key":"Fire Potion"},{"floor":2.0,"key":"Venom Potion"},{"floor":2.0,"key":"FearPotion"},{"floor":10.0,"key":"Weak Potion"},{"floor":11.0,"key":"Guardian:BlockOnCardUsePotion"},{"floor":13.0,"key":"Strength Potion"},{"floor":16.0,"key":"Venom Potion"},{"floor":24.0,"key":"DistilledChaos"},{"floor":38,"key":"Block Potion"}],"is_trial":false,"path_per_floor":["M","?","M","$","?","E","M","R","T","M","M","?","E","?","R","B",null,"M","?","?","?","M","R","E","M","T","R","E","?","$","M","R","B",null,"M","$","?","M","$","E"],"character_chosen":"DOCTOR_CLASS","items_purchased":["ats:Counter Healing Mode","Unceasing Top","ats:Rhine Circuitry"],"campfire_rested":1,"item_purchase_floors":[4,30,39],"current_hp_per_floor":[69,69,68,68,68,51,50,50,57,64,61,61,27,27,27,31,79,73,73,73,58,37,37,24,19,19,19,19,11,11,17,42,41,84,29,29,29,20,20,0,0],"gold":4,"neow_bonus":"THREE_CARDS","is_daily":false,"chose_seed":false,"campfire_upgraded":8,"win_rate":0.0,"timestamp":1610461955,"path_taken":["M","?","?","$","?","E","M","R","T","?","M","?","E","?","R","BOSS","M","?","?","?","M","R","E","M","T","R","E","?","$","M","R","BOSS","M","?","?","M","$","E"],"items_purchased_type":["Card","Relic","Relic"],"build_version":"2020-12-22","purchased_purges":2,"victory":false,"max_hp_per_floor":[72,72,72,72,72,72,72,72,79,79,79,79,79,79,79,79,79,79,79,79,84,84,84,84,84,84,84,84,84,84,84,84,84,84,84,84,84,84,84,84,84],"card_choices":[{"not_picked":["ats:Consecutive Shot Auto","ats:Childhood Dance"],"picked":"ats:Assault Order","floor":0.0},{"not_picked":["ats:Curse Doll","ats:Cat Scratch","ats:Shell Defense"],"picked":"SKIP","floor":1.0},{"not_picked":["ats:Consecutive Shot Auto","ats:Ignite"],"picked":"ats:Sword Rain","floor":3.0},{"not_picked":["ats:Flexible Camouflage","ats:Guardian Obelisk"],"picked":"ats:Overload","floor":6.0},{"not_picked":["ats:Sword Rain","ats:Consecutive Shot Auto"],"picked":"ats:Apocalypse","floor":7.0},{"not_picked":["ats:Powerful Strike","ats:Assault Order","ats:Childhood Dance"],"picked":"SKIP","floor":10.0},{"not_picked":["ats:Sword Rain","ats:LN2 Cannon"],"picked":"ats:Mental Burst","floor":11.0},{"not_picked":["ats:Curse Doll","ats:Steam Pump"],"picked":"ats:Poison Spread","floor":13.0},{"not_picked":["ats:Wolf Pack","ats:True Silver Slash"],"picked":"ats:Calcification","floor":16.0},{"not_picked":["ats:Collapsing Strike","ats:Flame Of Heaven"],"picked":"ats:Demon Strength","floor":18.0},{"not_picked":["ats:Hammer On","ats:Childhood Dance+1","ats:Collapsing Strike"],"picked":"SKIP","floor":22.0},{"not_picked":["ats:Curse Doll","ats:Steam Pump"],"picked":"ats:Roar Of Ursus","floor":24.0},{"not_picked":["ats:Hook Shot","ats:Childhood Dance"],"picked":"ats:Demon Strength+1","floor":25.0},{"not_picked":["ats:Cat Scratch","ats:Powerful Strike"],"picked":"ats:Flexible Camouflage","floor":28.0},{"not_picked":["ats:Durian","ats:Revitalization"],"picked":"ats:Neurotoxin","floor":31.0},{"not_picked":["ats:Durian","ats:Wolf Pack"],"picked":"ats:Ambush","floor":33.0},{"not_picked":["ats:Hammer On+1","ats:Hook Shot+1"],"picked":"ats:Explosion Area Strengthen","floor":35.0},{"not_picked":["ats:Poison Spread+1","ats:Apocalypse+1"],"picked":"ats:Healing Drone","floor":38}],"player_experience":661694,"relics_obtained":[{"floor":6.0,"key":"ats:Originium"},{"floor":6.0,"key":"Replay:Arrowhead"},{"floor":9.0,"key":"DemoMod:PinkGuonStone"},{"floor":13.0,"key":"ats:Originium"},{"floor":13.0,"key":"ats:Spiritual Recovery"},{"floor":24.0,"key":"ats:Originium"},{"floor":24.0,"key":"Garlic"},{"floor":28.0,"key":"InkBottle"}],"event_choices":[{"damage_healed":0.0,"max_hp_gain":0.0,"max_hp_loss":0.0,"gold_gain":0.0,"event_name":"Lab","player_choice":"Got Potions","floor":2.0,"gold_loss":0.0,"damage_taken":0.0},{"cards_removed":["ats:Strike V"],"damage_healed":0.0,"max_hp_gain":0.0,"max_hp_loss":0.0,"gold_gain":0.0,"event_name":"Bonfire Elementals","player_choice":"Offered Basic","floor":5.0,"gold_loss":0.0,"damage_taken":0.0},{"cards_removed":["ats:Apocalypse"],"damage_healed":0.0,"max_hp_gain":0.0,"max_hp_loss":0.0,"gold_gain":0.0,"event_name":"Back to Basics","player_choice":"Elegance","floor":20.0,"gold_loss":0.0,"damage_taken":0.0},{"damage_healed":0.0,"max_hp_gain":5.0,"max_hp_loss":0.0,"gold_gain":0.0,"event_name":"Forgotten Altar","player_choice":"Shed Blood","floor":21.0,"gold_loss":0.0,"damage_taken":20.0},{"damage_healed":0.0,"max_hp_gain":0.0,"max_hp_loss":0.0,"gold_gain":75.0,"event_name":"FaceTrader","player_choice":"Touch","floor":29.0,"gold_loss":0.0,"damage_taken":8.0},{"damage_healed":0.0,"max_hp_gain":0.0,"max_hp_loss":0.0,"gold_gain":0.0,"event_name":"SecretPortal","player_choice":"Ignored","floor":37.0,"gold_loss":0.0,"damage_taken":0.0}],"is_beta":false,"boss_relics":[{"not_picked":["Snecko Eye","Kintsugi"],"picked":"Pandora\u0027s Box"},{"not_picked":["Ring of Chaos","Honey Jar"],"picked":"Black Star"}],"items_purged_floors":[4,30],"is_endless":false,"potions_floor_spawned":[10,11,13,16,24,38],"killed_by":"Reptomancer","ascension_level":0}}