{"host":"guwca93h2ke9l2g3","time":1610433755,"event":{"mods":["2.2 Compatiblity","BaseMod","Better Skull","Colored Powertips","Downfall","GungeonMod","Hermit","HololiveMod","Jorbs\u0027s Wanderer Trilogy","Lobotomy","Marked Mod","Minty Spire (QoL Compilation)","MostiFishMod","Potionbrewer","Prisma Mod","Quick Restart","Relic Stats","Replay The Spire","Spicy Shops","StSLib","The Animator","The Bug Knight","The Cursed","The Runesmith","The Servant 0.9.4","TheVacant","Waifu the Spire","WarShipGirlsR/????R mod"],"gold_per_floor":[115,115,69,169,180,207,230,230,300,300,300],"floor_reached":10,"playtime":679,"items_purged":[],"score":80,"play_id":"a867e81a-eb4b-4b0b-b891-c0809409546e","local_time":"20210112004235","is_ascension_mode":true,"campfire_choices":[],"circlet_count":0,"master_deck":["DemoMod:Strike_Huntress","DemoMod:Strike_Huntress","DemoMod:Strike_Huntress","DemoMod:Defend_Huntress","DemoMod:Defend_Huntress","DemoMod:Defend_Huntress","DemoMod:Defend_Huntress","DemoMod:Roll","DemoMod:ManualReload","DemoMod:RustySidearm","DemoMod:CrossBow","DemoMod:SniperShot","DemoMod:Purify","Regret"],"relics":["DaveBox","GreenFoldingFan","Runesmith:UraniumAnvil","SynthV:TestCard","DemoMod:GnawedKey","DemoMod:RedGuonStone","Odd Mushroom","Blood Vial"],"acts_visited":["Exordium"],"potions_floor_usage":[6],"damage_taken":[{"damage":4,"enemies":"Small Slimes","floor":1,"turns":2},{"damage":4,"enemies":"2 Louse","floor":5,"turns":2},{"damage":45,"enemies":"Gremlin Nob","floor":6,"turns":4},{"damage":19,"enemies":"The Mushroom Lair","floor":7,"turns":6},{"damage":26,"enemies":"Lagavulin","floor":10,"turns":5}],"seed_played":"6292057224658660430","potions_obtained":[{"floor":1,"key":"ColorlessPotion"}],"is_trial":false,"path_per_floor":["M","?","$","?","M","E","?","?","T","E"],"character_chosen":"HUNTRESS","items_purchased":["DemoMod:GnawedKey"],"campfire_rested":0,"item_purchase_floors":[3],"current_hp_per_floor":[70,70,70,70,70,35,26,26,26,2,2],"gold":300,"neow_bonus":"BOSS_RELIC","is_daily":false,"chose_seed":false,"campfire_upgraded":0,"win_rate":0.0,"timestamp":1610433755,"path_taken":["M","?","?","?","?","E","?","?","T","E"],"items_purchased_type":["Relic"],"build_version":"2020-12-22","purchased_purges":0,"victory":false,"max_hp_per_floor":[70,70,70,70,70,70,70,70,70,70,70],"relic_stats":{"Blood Vial":2,"counters":[5,19],"obtain_stats":[{"Blood Vial":8,"GreenFoldingFan":0,"SynthV:TestCard":1,"DemoMod:Dog":0,"DaveBox":0,"Runesmith:UraniumAnvil":0,"DemoMod:RedGuonStone":6,"DemoMod:GlassGuonStoneRelic":1,"DemoMod:GnawedKey":3,"Odd Mushroom":7},{"Blood Vial":4,"GreenFoldingFan":0,"SynthV:TestCard":1,"DemoMod:Dog":0,"DaveBox":0,"Runesmith:UraniumAnvil":0,"DemoMod:RedGuonStone":3,"DemoMod:GlassGuonStoneRelic":1,"DemoMod:GnawedKey":1,"Odd Mushroom":4},{"Blood Vial":14,"GreenFoldingFan":0,"SynthV:TestCard":2,"DemoMod:Dog":0,"DaveBox":0,"Runesmith:UraniumAnvil":0,"DemoMod:RedGuonStone":8,"DemoMod:GlassGuonStoneRelic":2,"DemoMod:GnawedKey":2,"Odd Mushroom":14}]},"card_choices":[{"not_picked":["DemoMod:ProbeStrike","DemoMod:BattleInHaste"],"picked":"DemoMod:SniperShot","floor":1},{"not_picked":["DemoMod:HuntsMan","DemoMod:ZorGun","DemoMod:SniperShot","DemoMod:FortunesFavor"],"picked":"DemoMod:Purify","floor":5},{"not_picked":["DemoMod:GunstockTap","DemoMod:JK47","DemoMod:MachoBrace","DemoMod:PotionOfGunFriendShip","DemoMod:DoubleSwitch"],"picked":"SKIP","floor":6},{"not_picked":["DemoMod:AC15","DemoMod:StrategicReserve","DemoMod:SniperShot","DemoMod:Replace"],"picked":"DemoMod:Purify","floor":7}],"player_experience":302551,"relics_obtained":[{"floor":1,"key":"SynthV:TestCard"},{"floor":6,"key":"DemoMod:RedGuonStone"},{"floor":7,"key":"Odd Mushroom"}],"event_choices":[{"damage_healed":0,"gold_gain":100,"player_choice":"Pray","damage_taken":0,"max_hp_gain":0,"max_hp_loss":0,"event_name":"Golden Shrine","floor":4,"gold_loss":0},{"damage_healed":0,"gold_gain":0,"player_choice":"Fought Mushrooms","damage_taken":0,"max_hp_gain":0,"max_hp_loss":0,"event_name":"Mushrooms","floor":7,"gold_loss":0},{"damage_healed":0,"gold_gain":0,"player_choice":"Box","damage_taken":0,"relics_obtained":["Blood Vial"],"max_hp_gain":0,"max_hp_loss":0,"event_name":"Big Fish","floor":8,"gold_loss":0,"cards_obtained":["Regret"]}],"is_beta":false,"boss_relics":[],"items_purged_floors":[],"is_endless":false,"potions_floor_spawned":[1],"killed_by":"Lagavulin","ascension_level":5}}