{"host":"v711dtdb46xe9u7l","time":1610484289,"event":{"mods":["BaseMod","Minty Spire (QoL Compilation)","StSLib"],"gold_per_floor":[216,230,230,250,107,136,136,116,116,116,128,128,138,152,152,247,247,266,282,297,48,64,64,76,76,76,109,109,126,146,158,158,255,255,267,278,295,310,310,310,310,310],"floor_reached":41,"language":"ENG","playtime":2803,"items_purged":["Regret","Strike_R"],"score":589,"play_id":"8c6e28df-f148-40aa-bef8-2038480762a5","local_time":"20210112204449","is_ascension_mode":true,"campfire_choices":[{"data":"Entrench","floor":7,"key":"SMITH"},{"data":"Bash","floor":10,"key":"SMITH"},{"data":"Uppercut","floor":15,"key":"SMITH"},{"data":"Pommel Strike","floor":23,"key":"SMITH"},{"data":"Rampage","floor":25,"key":"SMITH"},{"floor":32,"key":"REST"},{"floor":40,"key":"REST"}],"circlet_count":0,"master_deck":["Strike_R","Strike_R","Strike_R","Defend_R","Defend_R","Defend_R","Defend_R","Bash+1","Iron Wave+1","Uppercut+1","Rampage+1","Entrench+1","Shrug It Off","Impervious","Pommel Strike+1","Flex+1","Battle Trance","Thunderclap","Parasite","Flame Barrier","Body Slam","Rage+1","Limit Break","Twin Strike+1","True Grit+1"],"relics":["Burning Blood","Sundial","Orichalcum","Anchor","Cursed Key","Happy Flower","Magic Flower","Bag of Preparation","CultistMask","Black Star"],"acts_visited":["Exordium","TheCity","TheBeyond"],"potions_floor_usage":[24,27,31,33,33],"damage_taken":[{"damage":12,"enemies":"Jaw Worm","floor":1,"turns":3},{"damage":3,"enemies":"2 Louse","floor":2,"turns":3},{"damage":4,"enemies":"Cultist","floor":4,"turns":4},{"damage":22,"enemies":"Gremlin Nob","floor":6,"turns":5},{"damage":18,"enemies":"Lots of Slimes","floor":11,"turns":6},{"damage":0,"enemies":"2 Fungi Beasts","floor":13,"turns":4},{"damage":0,"enemies":"Red Slaver","floor":14,"turns":4},{"damage":29,"enemies":"The Guardian","floor":16,"turns":12},{"damage":20,"enemies":"Spheric Guardian","floor":18,"turns":6},{"damage":9,"enemies":"3 Byrds","floor":19,"turns":8},{"damage":11,"enemies":"Centurion and Healer","floor":20,"turns":9},{"damage":14,"enemies":"Shelled Parasite and Fungi","floor":22,"turns":7},{"damage":10,"enemies":"3 Cultists","floor":24,"turns":6},{"damage":36,"enemies":"Gremlin Leader","floor":27,"turns":8},{"damage":1,"enemies":"Snecko","floor":29,"turns":5},{"damage":8,"enemies":"Sentry and Sphere","floor":30,"turns":4},{"damage":0,"enemies":"Chosen and Byrds","floor":31,"turns":3},{"damage":38,"enemies":"Automaton","floor":33,"turns":10},{"damage":36,"enemies":"3 Darklings","floor":35,"turns":11},{"damage":15,"enemies":"3 Shapes","floor":36,"turns":5},{"damage":18,"enemies":"Transient","floor":37,"turns":5},{"damage":15,"enemies":"4 Shapes","floor":38,"turns":8},{"damage":48,"enemies":"Nemesis","floor":41,"turns":6}],"seed_played":"-5780578399607825328","potions_obtained":[{"floor":4,"key":"Energy Potion"},{"floor":11,"key":"Regen Potion"},{"floor":13,"key":"ElixirPotion"},{"floor":22,"key":"HeartOfIron"},{"floor":24,"key":"Fire Potion"},{"floor":30,"key":"DistilledChaos"},{"floor":36,"key":"Ancient Potion"}],"is_trial":false,"path_per_floor":["M","M","?","M","$","E","R","?","T","R","M","?","M","M","R","B",null,"M","M","M","$","M","R","M","R","T","E","?","M","M","M","R","B",null,"M","M","M","M","?","R","E"],"character_chosen":"IRONCLAD","items_purchased":["Entrench","Happy Flower"],"campfire_rested":2,"item_purchase_floors":[5,21],"current_hp_per_floor":[66,69,69,71,71,55,55,55,55,55,43,43,49,55,55,32,68,54,51,46,46,38,38,48,48,48,21,21,29,30,39,63,34,69,42,36,27,21,21,45,0,0],"gold":310,"neow_bonus":"HUNDRED_GOLD","is_daily":false,"chose_seed":false,"campfire_upgraded":5,"win_rate":0.0,"timestamp":1610484289,"path_taken":["M","M","?","M","$","E","R","?","T","R","M","?","?","M","R","BOSS","M","?","M","$","M","R","M","R","T","E","?","M","M","M","R","BOSS","M","M","M","M","?","R","E"],"items_purchased_type":["Card","Relic"],"build_version":"2020-12-22","purchased_purges":2,"victory":false,"max_hp_per_floor":[80,80,80,80,80,80,80,80,80,80,80,80,80,80,80,80,80,80,80,80,80,80,80,80,80,80,80,80,80,80,80,80,80,80,80,80,80,80,80,80,80,80],"card_choices":[{"not_picked":["Havoc","Rage"],"picked":"Iron Wave","floor":1},{"not_picked":["Pommel Strike","Combust"],"picked":"Uppercut","floor":2},{"not_picked":["Perfected Strike","Warcry"],"picked":"Rampage","floor":4},{"not_picked":["Uppercut","Rampage","Hemokinesis"],"picked":"SKIP","floor":6},{"not_picked":["Headbutt","Thunderclap"],"picked":"Shrug It Off","floor":11},{"not_picked":["Clash","Anger","Feel No Pain"],"picked":"SKIP","floor":13},{"not_picked":["Clash","Blood for Blood","Intimidate"],"picked":"SKIP","floor":14},{"not_picked":["Immolate","Limit Break"],"picked":"Impervious","floor":16},{"not_picked":["Carnage","Flex","Rampage+1"],"picked":"SKIP","floor":18},{"not_picked":["Perfected Strike","Armaments"],"picked":"Pommel Strike","floor":19},{"not_picked":["Infernal Blade","Perfected Strike"],"picked":"Flex+1","floor":20},{"not_picked":["Fire Breathing","Flame Barrier"],"picked":"Battle Trance","floor":22},{"not_picked":["Carnage","Berserk"],"picked":"Thunderclap","floor":24},{"not_picked":["Reckless Charge+1","Armaments"],"picked":"Flame Barrier","floor":27},{"not_picked":["Iron Wave","Infernal Blade"],"picked":"Body Slam","floor":29},{"not_picked":["Anger","Battle Trance+1"],"picked":"Rage+1","floor":30},{"not_picked":["Fiend Fire","Anger","Body Slam"],"picked":"SKIP","floor":31},{"not_picked":["Brutality","Feed"],"picked":"Limit Break","floor":33},{"not_picked":["Rage+1","Anger"],"picked":"Twin Strike+1","floor":35},{"not_picked":["Dark Embrace+1","Anger","Sentinel+1"],"picked":"SKIP","floor":36},{"not_picked":["Blood for Blood","Body Slam"],"picked":"True Grit+1","floor":37},{"not_picked":["Combust","Anger","Iron Wave+1"],"picked":"SKIP","floor":38}],"player_experience":324867,"relics_obtained":[{"floor":6,"key":"Orichalcum"},{"floor":9,"key":"Anchor"},{"floor":26,"key":"Magic Flower"},{"floor":27,"key":"Bag of Preparation"}],"event_choices":[{"damage_healed":0,"gold_gain":0,"player_choice":"Box","damage_taken":0,"relics_obtained":["Sundial"],"max_hp_gain":0,"max_hp_loss":0,"event_name":"Big Fish","floor":3,"gold_loss":0,"cards_obtained":["Regret"]},{"damage_healed":0,"gold_gain":0,"player_choice":"Left Gold","damage_taken":0,"max_hp_gain":0,"max_hp_loss":0,"event_name":"World of Goop","floor":8,"gold_loss":20},{"damage_healed":0,"gold_gain":0,"player_choice":"Upgraded","damage_taken":0,"max_hp_gain":0,"max_hp_loss":0,"event_name":"Upgrade Shrine","floor":12,"gold_loss":0,"cards_upgraded":["Iron Wave"]},{"damage_healed":0,"gold_gain":0,"player_choice":"Trade","damage_taken":0,"relics_obtained":["CultistMask"],"max_hp_gain":0,"max_hp_loss":0,"event_name":"FaceTrader","floor":28,"gold_loss":0},{"cards_removed":["Strike_R"],"damage_healed":0,"gold_gain":0,"player_choice":"Removed Attack","damage_taken":0,"max_hp_gain":0,"max_hp_loss":0,"event_name":"Falling","floor":39,"gold_loss":0}],"is_beta":false,"boss_relics":[{"not_picked":["Black Blood","SacredBark"],"picked":"Cursed Key"},{"not_picked":["Sozu","Runic Dome"],"picked":"Black Star"}],"items_purged_floors":[5,21],"is_endless":false,"potions_floor_spawned":[4,11,13,16,19,22,24,30,36],"killed_by":"Nemesis","ascension_level":8}}