{"host":"c97twqu0op5dg8i4","time":1610427242,"event":{"mods":["AchievementEnabler","BaseMod","Colored Map","Minty Spire (QoL Compilation)","Permanent Neow"],"gold_per_floor":[111,286,297,312,338,367,387,387,414,439,462,102,115,147,147,247,247,262,277,277,31,45,45,74,28,82,82,82,82,82,82],"floor_reached":30,"playtime":4714,"items_purged":["Doubt","Dagger Throw"],"score":335,"play_id":"35b41076-52d3-4582-84ef-ce9fcc2be739","local_time":"20210111235402","is_ascension_mode":true,"campfire_choices":[{"data":"Neutralize","floor":8,"key":"SMITH"},{"floor":15,"key":"REST"},{"data":"Noxious Fumes","floor":23,"key":"SMITH"},{"floor":27,"key":"REST"},{"floor":29,"key":"REST"}],"circlet_count":0,"master_deck":["Strike_G","Strike_G","Strike_G","Defend_G","Defend_G","Defend_G","Defend_G","Defend_G","Survivor","Neutralize+1","Flash of Steel","Quick Slash","Footwork","Dagger Throw","Prepared","Flying Knee","Crippling Poison","Noxious Fumes+1","Deadly Poison+1","Backstab+1","Deadly Poison+1","Bouncing Flask","Backflip","Dodge and Roll"],"relics":["Ring of the Snake","Centennial Puzzle","Juzu Bracelet","Bronze Scales","MawBank","Mango","InkBottle","Empty Cage","ClockworkSouvenir","Bag of Preparation","Lantern"],"acts_visited":["Exordium","TheCity"],"potions_floor_usage":[14,16,24],"damage_taken":[{"damage":0,"enemies":"Cultist","floor":1,"turns":4},{"damage":0,"enemies":"Jaw Worm","floor":3,"turns":5},{"damage":0,"enemies":"2 Louse","floor":4,"turns":2},{"damage":32,"enemies":"3 Sentries","floor":6,"turns":13},{"damage":8,"enemies":"Exordium Thugs","floor":7,"turns":5},{"damage":18,"enemies":"Gremlin Nob","floor":10,"turns":4},{"damage":0,"enemies":"Looter","floor":11,"turns":3},{"damage":3,"enemies":"Large Slime","floor":13,"turns":6},{"damage":3,"enemies":"3 Sentries","floor":14,"turns":7},{"damage":9,"enemies":"Hexaghost","floor":16,"turns":8},{"damage":2,"enemies":"3 Byrds","floor":18,"turns":3},{"damage":17,"enemies":"Chosen","floor":19,"turns":6},{"damage":10,"enemies":"Sentry and Sphere","floor":22,"turns":5},{"damage":42,"enemies":"Slavers","floor":24,"turns":5},{"damage":19,"enemies":"Colosseum Slavers","floor":28,"turns":7},{"damage":0,"enemies":"Shelled Parasite and Fungi","floor":30,"turns":1}],"seed_played":"4965916819006092704","potions_obtained":[{"floor":3,"key":"ColorlessPotion"},{"floor":6,"key":"ColorlessPotion"},{"floor":7,"key":"Block Potion"},{"floor":10,"key":"Energy Potion"},{"floor":16,"key":"GamblersBrew"},{"floor":24,"key":"LiquidBronze"}],"is_trial":false,"path_per_floor":["M","?","M","M","T","E","M","R","T","E","M","$","M","E","R","B",null,"M","M","?","$","M","R","E","$","T","R","?","R","M"],"character_chosen":"THE_SILENT","items_purchased":["Mango","ClockworkSouvenir","Dodge and Roll"],"campfire_rested":3,"item_purchase_floors":[12,21,25],"current_hp_per_floor":[70,70,70,70,70,38,30,30,30,12,12,26,23,20,45,36,72,70,53,53,53,43,43,1,1,1,26,7,32,32,32],"gold":82,"neow_bonus":"RANDOM_COLORLESS","is_daily":false,"chose_seed":false,"campfire_upgraded":2,"win_rate":0.0,"timestamp":1610427242,"path_taken":["M","?","M","M","?","E","M","R","T","E","M","$","M","E","R","BOSS","M","M","?","$","M","R","E","?","T","R","?","R","M"],"items_purchased_type":["Relic","Relic","Card"],"build_version":"2020-12-22","purchased_purges":2,"victory":false,"max_hp_per_floor":[70,70,70,70,70,70,70,70,70,70,70,84,84,84,84,84,84,84,84,84,84,84,84,84,84,84,84,84,84,84,84],"card_choices":[{"not_picked":["Blind","Swift Strike"],"picked":"Flash of Steel","floor":0},{"not_picked":["Underhanded Strike","Well Laid Plans"],"picked":"Quick Slash","floor":1},{"not_picked":["Bane","Choke"],"picked":"Dagger Throw","floor":3},{"not_picked":["Tactician","Predator"],"picked":"Footwork","floor":4},{"not_picked":["Burst","Poisoned Stab"],"picked":"Dagger Throw","floor":6},{"not_picked":["Blade Dance","Dagger Throw"],"picked":"Prepared","floor":7},{"not_picked":["Heel Hook","Bane","Prepared"],"picked":"SKIP","floor":10},{"not_picked":["Bane","Accuracy"],"picked":"Flying Knee","floor":11},{"not_picked":["Bane","Caltrops"],"picked":"Crippling Poison","floor":13},{"not_picked":["Poisoned Stab","Escape Plan"],"picked":"Noxious Fumes","floor":14},{"not_picked":["Footwork","Terror+1"],"picked":"Deadly Poison+1","floor":18},{"not_picked":["Cloak And Dagger+1","Quick Slash"],"picked":"Backstab+1","floor":19},{"not_picked":["Underhanded Strike+1","Finisher"],"picked":"Bouncing Flask","floor":22},{"not_picked":["Grand Finale","Underhanded Strike"],"picked":"Backflip","floor":24}],"player_experience":222069,"relics_obtained":[{"floor":5,"key":"Centennial Puzzle"},{"floor":6,"key":"Juzu Bracelet"},{"floor":9,"key":"Bronze Scales"},{"floor":10,"key":"MawBank"},{"floor":14,"key":"InkBottle"},{"floor":24,"key":"Bag of Preparation"},{"floor":26,"key":"Lantern"}],"event_choices":[{"damage_healed":0,"gold_gain":175,"player_choice":"AGREE","damage_taken":0,"max_hp_gain":0,"max_hp_loss":0,"event_name":"Liars Game","floor":2,"gold_loss":0,"cards_obtained":["Doubt"]},{"damage_healed":0,"gold_gain":0,"player_choice":"Copied","damage_taken":0,"max_hp_gain":0,"max_hp_loss":0,"event_name":"Duplicator","floor":20,"gold_loss":0,"cards_obtained":["Deadly Poison"]},{"damage_healed":0,"gold_gain":0,"player_choice":"Fight","damage_taken":0,"max_hp_gain":0,"max_hp_loss":0,"event_name":"Colosseum","floor":28,"gold_loss":0},{"damage_healed":0,"gold_gain":0,"player_choice":"Fled From Nobs","damage_taken":0,"max_hp_gain":0,"max_hp_loss":0,"event_name":"Colosseum","floor":28,"gold_loss":0}],"is_beta":false,"boss_relics":[{"not_picked":["Snecko Eye","Velvet Choker"],"picked":"Empty Cage"}],"items_purged_floors":[12,21],"is_endless":false,"potions_floor_spawned":[3,6,7,10,16,24],"killed_by":"Shelled Parasite and Fungi","ascension_level":5}}