{"host":"xu0zbcebhy6w9mdv","time":1610491633,"event":{"mods":["AchievementEnabler","Act Like it!","Aspiration","BaseMod","Better Match","Better Third Choice","BetterRewards","Colored Powertips","Downfall","Duelist Mod","Friendly Minions","Gensokyo","Hallownest","Hubris","Infinite Spire","Marisa????????","Minty Spire (QoL Compilation)","Potionbrewer","Quick Restart","READ ME - Guardian Mod","READ ME - Snecko Mod","Rare Cards Sparkle","Replay The Spire","Shop Mod","StSLib","The Animator","The Blackbeard","The Bug Knight","The Cursed","The Hierophant","The Necromancer","The Runesmith","The Servant 0.9.4"],"gold_per_floor":[99,99,99,99,33,183,183,214,147,72,92,92,108,127,138,138,138,138],"floor_reached":16,"language":"ENG","playtime":755,"items_purged":[],"score":98,"play_id":"83c030b4-86e2-4fb0-851a-beabf36e0d70","local_time":"20210112174713","is_ascension_mode":false,"campfire_choices":[{"floor":10,"key":"REST"},{"data":"hexamod:Float","floor":12,"key":"SMITH"}],"circlet_count":0,"master_deck":["hexamod:Strike","hexamod:Strike","hexamod:Strike","hexamod:Defend","hexamod:Defend","hexamod:Defend","hexamod:Defend","hexamod:Sear","hexamod:Float+1","hexamod:SpectralAdrenaline","hexamod:HauntingEcho","hexamod:FirstSeal","hexamod:SoulSteal","hexamod:ChargedBarrage","hexamod:RainOfEmbers","Slimebound:Icky","hexamod:EmpoweredFlame","hexamod:EmpoweredFlame","hexamod:BurningTouch","hexamod:Incineration","hexamod:HeatCrush"],"relics":["hexamod:SpiritBrand","downfall:HeartsMalice","potionbrewer:Torch","Chameleon Ring","downfall:HeartBlessingGreen"],"acts_visited":["Exordium"],"potions_floor_usage":[16],"damage_taken":[{"damage":0,"enemies":"Cultist","floor":2,"turns":1},{"damage":0,"enemies":"Jaw Worm","floor":3,"turns":1},{"damage":0,"enemies":"2 Louse","floor":4,"turns":1},{"damage":4,"enemies":"downfall:FleeingMerchant","floor":5,"turns":4},{"damage":34,"enemies":"Lagavulin","floor":8,"turns":7},{"damage":15,"enemies":"downfall:FleeingMerchant","floor":9,"turns":4},{"damage":10,"enemies":"Blue Slaver","floor":11,"turns":4},{"damage":16,"enemies":"Gremlin Gang","floor":13,"turns":3},{"damage":6,"enemies":"2 Fungi Beasts","floor":14,"turns":3},{"damage":12,"enemies":"Blue Slaver","floor":15,"turns":3},{"damage":42,"enemies":"downfall:Defect","floor":16,"turns":4}],"seed_played":"-8205813638525662823","potions_obtained":[{"floor":11,"key":"Ancient Potion"},{"floor":13,"key":"potionbrewer:FireTonic"},{"floor":15,"key":"AttackPotion"}],"is_trial":false,"path_per_floor":["R","M","M","M","$","?","T","E","$","R","M","R","M","M","M","B"],"character_chosen":"THE_SPIRIT","items_purchased":["hexamod:RainOfEmbers","hexamod:EmpoweredFlame"],"campfire_rested":1,"item_purchase_floors":[5,9],"current_hp_per_floor":[70,70,70,70,70,70,70,43,35,56,53,53,44,45,40,0,0,0],"gold":138,"neow_bonus":"THREE_ENEMY_KILL","is_daily":false,"chose_seed":false,"campfire_upgraded":1,"win_rate":0.0,"timestamp":1610491633,"path_taken":["R","M","?","M","$","?","T","E","$","R","M","R","M","M","M","BOSS"],"items_purchased_type":["Card","Card"],"build_version":"2020-12-22","purchased_purges":0,"victory":false,"max_hp_per_floor":[70,70,70,70,70,70,70,70,70,70,70,70,70,70,70,70,70,70],"card_choices":[{"not_picked":["hexamod:SpectralAdrenaline","hexamod:PhantomCloak"],"picked":"hexamod:HauntingEcho","floor":2},{"not_picked":["hexamod:NightmareGuise","hexamod:SecondSeal"],"picked":"hexamod:FirstSeal","floor":3},{"not_picked":["hexamod:AdvancingGuard","hexamod:SpectralAdrenaline"],"picked":"hexamod:SoulSteal","floor":4},{"not_picked":["hexamod:AdvancingGuard","hexamod:NightmareGuise"],"picked":"hexamod:ChargedBarrage","floor":5},{"not_picked":["hexamod:RetreatToShadows","hexamod:PhantomCloak","hexamod:ParanormalForm"],"picked":"SKIP","floor":8},{"not_picked":["hexamod:PhantomCloak","hexamod:DynamicBlow","hexamod:BacktrackSmack"],"picked":"SKIP","floor":9},{"not_picked":["hexamod:Hexaguard","hexamod:HauntingEcho"],"picked":"hexamod:BurningTouch","floor":11},{"not_picked":["hexamod:SpectralAdrenaline","hexamod:BacktrackSmack"],"picked":"hexamod:Incineration","floor":13},{"not_picked":["hexamod:GhostLash","hexamod:GhostOfSpireFuture"],"picked":"hexamod:HeatCrush","floor":14},{"not_picked":["hexamod:Firestarter","hexamod:NightmareStrike","hexamod:ShieldOfDarkness"],"picked":"SKIP","floor":15}],"player_experience":613135,"relics_obtained":[{"floor":7,"key":"potionbrewer:Torch"},{"floor":8,"key":"Chameleon Ring"}],"event_choices":[],"is_beta":false,"boss_relics":[],"items_purged_floors":[],"is_endless":false,"potions_floor_spawned":[11,13,15],"killed_by":"downfall:Defect","ascension_level":0}}