{"host":"d9m9v0h6vo0edadb","time":1610449586,"event":{"mods":["BaseMod","Hermit","Keyboard Shortcuts","Minty Spire (QoL Compilation)","StSLib","SuperFastMode","The Cursed"],"gold_per_floor":[118,138,155,155,169,197,197,215,239,264,100,113,113,132,132,207,207,227,44,60,78,96,96,110,125,125,125,175,175,175],"floor_reached":29,"playtime":448,"items_purged":["Strike_B","Strike_B"],"score":482,"play_id":"641b4df3-8900-494a-b3be-3e33696394af","local_time":"20210112200626","is_ascension_mode":true,"campfire_choices":[{"data":"Dualcast","floor":7,"key":"SMITH"},{"data":"Defragment","floor":13,"key":"SMITH"},{"floor":15,"key":"REST"},{"floor":23,"key":"REST"}],"circlet_count":0,"master_deck":["AscendersBane","Defend_B","Defend_B","Defend_B","Zap","Dualcast+1","Doom and Gloom","Conserve Battery","Redo+1","BootSequence","Undo","Darkness","Defragment+1","Loop","Sunder+1","Ball Lightning+1","Turbo+1","Cold Snap","Defragment","Streamline","Biased Cognition","Cold Snap","Compile Driver"],"relics":["Cracked Core","Du-Vu Doll","Bag of Marbles","MealTicket","Astrolabe","Incense Burner"],"acts_visited":["Exordium","TheCity"],"potions_floor_usage":[21,25],"damage_taken":[{"damage":1,"enemies":"Cultist","floor":1,"turns":4},{"damage":2,"enemies":"Jaw Worm","floor":2,"turns":3},{"damage":6,"enemies":"2 Louse","floor":3,"turns":2},{"damage":10,"enemies":"2 Fungi Beasts","floor":5,"turns":3},{"damage":26,"enemies":"3 Sentries","floor":6,"turns":5},{"damage":0,"enemies":"Exordium Wildlife","floor":8,"turns":3},{"damage":15,"enemies":"Lagavulin","floor":10,"turns":5},{"damage":1,"enemies":"Blue Slaver","floor":12,"turns":3},{"damage":1,"enemies":"Red Slaver","floor":14,"turns":3},{"damage":13,"enemies":"Hexaghost","floor":16,"turns":7},{"damage":12,"enemies":"Shell Parasite","floor":18,"turns":4},{"damage":3,"enemies":"Spheric Guardian","floor":20,"turns":5},{"damage":22,"enemies":"Snake Plant","floor":21,"turns":4},{"damage":35,"enemies":"Shelled Parasite and Fungi","floor":22,"turns":6},{"damage":13,"enemies":"Snecko","floor":24,"turns":4},{"damage":18,"enemies":"Snake Plant","floor":25,"turns":4},{"damage":27,"enemies":"Shelled Parasite and Fungi","floor":29,"turns":2}],"seed_played":"7334199667387733475","potions_obtained":[{"floor":0,"key":"Weak Potion"},{"floor":0,"key":"Fire Potion"},{"floor":1,"key":"FairyPotion"},{"floor":21,"key":"LiquidBronze"},{"floor":25,"key":"SteroidPotion"}],"is_trial":false,"path_per_floor":["M","M","M","?","M","E","R","M","T","E","$","M","R","M","R","B",null,"M","$","M","M","M","R","M","M","T","?","?","M"],"character_chosen":"DEFECT","items_purchased":["Loop","Defragment"],"campfire_rested":2,"item_purchase_floors":[11,19],"current_hp_per_floor":[63,61,55,55,45,19,19,19,19,4,19,18,18,17,38,25,60,48,63,60,38,3,24,11,21,21,21,21,0,0],"gold":175,"neow_bonus":"THREE_SMALL_POTIONS","is_daily":false,"chose_seed":false,"campfire_upgraded":2,"win_rate":0.0,"timestamp":1610449586,"path_taken":["M","M","M","?","M","E","R","M","T","E","$","M","R","M","R","BOSS","M","$","M","?","M","R","M","M","T","?","?","M"],"items_purchased_type":["Card","Card"],"build_version":"2020-12-22","purchased_purges":2,"victory":false,"max_hp_per_floor":[71,71,71,71,71,71,71,71,71,71,71,71,71,71,71,71,71,71,71,71,71,71,71,71,71,71,71,71,71,71],"card_choices":[{"not_picked":["Sweeping Beam","Leap"],"picked":"Doom and Gloom","floor":1},{"not_picked":["Go for the Eyes","Leap"],"picked":"Conserve Battery","floor":2},{"not_picked":["Leap","Chaos"],"picked":"Redo","floor":3},{"not_picked":["Aggregate","Redo"],"picked":"BootSequence","floor":5},{"not_picked":["Force Field","Recycle"],"picked":"Undo","floor":6},{"not_picked":["Compile Driver","Fusion"],"picked":"Darkness","floor":8},{"not_picked":["Ball Lightning","Reprogram"],"picked":"Defragment","floor":10},{"not_picked":["Fission","Rip and Tear","Rebound"],"picked":"SKIP","floor":12},{"not_picked":["Force Field","Double Energy","Turbo"],"picked":"SKIP","floor":14},{"not_picked":["Beam Cell","Stack"],"picked":"Cold Snap","floor":18},{"not_picked":["Turbo+1","Auto Shields+1","Sunder"],"picked":"SKIP","floor":20},{"not_picked":["Leap","Beam Cell"],"picked":"Streamline","floor":21},{"not_picked":["Go for the Eyes","Sunder"],"picked":"Biased Cognition","floor":22},{"not_picked":["Auto Shields","Steam"],"picked":"Cold Snap","floor":24},{"not_picked":["Ball Lightning","Turbo","Redo"],"picked":"SKIP","floor":25}],"player_experience":964157,"relics_obtained":[{"floor":6,"key":"Du-Vu Doll"},{"floor":9,"key":"Bag of Marbles"},{"floor":10,"key":"MealTicket"},{"floor":26,"key":"Incense Burner"}],"event_choices":[{"damage_healed":0,"gold_gain":0,"player_choice":"Upgraded","damage_taken":0,"max_hp_gain":0,"max_hp_loss":0,"event_name":"Upgrade Shrine","floor":4,"gold_loss":0,"cards_upgraded":["Redo"]},{"damage_healed":0,"gold_gain":0,"player_choice":"Read","damage_taken":0,"max_hp_gain":0,"max_hp_loss":0,"event_name":"The Library","floor":27,"gold_loss":0,"cards_obtained":["Compile Driver"]},{"damage_healed":0,"gold_gain":50,"player_choice":"Stole From Cult","damage_taken":0,"max_hp_gain":0,"max_hp_loss":0,"event_name":"Nest","floor":28,"gold_loss":0}],"is_beta":false,"boss_relics":[{"not_picked":["Runic Pyramid","Sozu"],"picked":"Astrolabe"}],"items_purged_floors":[11,19],"is_endless":false,"potions_floor_spawned":[1,2,5,14,16,21,22,25],"killed_by":"Shelled Parasite and Fungi","ascension_level":20}}