{"host":"yvlk1m4foro8gl4v","time":1610449363,"event":{"mods":["AchievementEnabler","Act Like it!","BaseMod","Minty Spire (QoL Compilation)","Relic Stats","StSLib","The Servant 0.9.4","Uncapped"],"gold_per_floor":[114,134,209,229,163,192,208,208,208,235,245,245,270,285,285,383,383,402,111,145,145,36,36,71,71,71,71,19,19,19,54,54,54,54],"floor_reached":33,"playtime":1580,"items_purged":[],"score":434,"play_id":"a8625006-bbce-4d92-814a-cac0406d47d9","local_time":"20210112110243","is_ascension_mode":true,"campfire_choices":[{"floor":8,"key":"REST"},{"data":"Disarm","floor":12,"key":"SMITH"},{"data":"Immolate","floor":15,"key":"SMITH"},{"floor":23,"key":"REST"},{"floor":25,"key":"REST"},{"data":"Offering","floor":27,"key":"SMITH"},{"data":"Sword Boomerang","floor":29,"key":"SMITH"},{"floor":32,"key":"REST"}],"circlet_count":0,"master_deck":["Strike_R","Strike_R","Strike_R","Defend_R","Defend_R","Defend_R","Defend_R","Bash","Armaments","Pommel Strike","Disarm+1","Immolate+1","Shrug It Off","Ghostly Armor","Offering+1","Dark Embrace+1","Inflame+1","Combust+1","Entrench","Shrug It Off+1","Sword Boomerang+1","Decay","Flame Barrier"],"relics":["Burning Blood","Regal Pillow","Frozen Egg 2","Ice Cream","TungstenRod","Question Card","Blue Candle","Empty Cage","Kunai","Red Mask","Gremlin Horn","Shuriken","The Courier"],"acts_visited":["Exordium","TheCity"],"potions_floor_usage":[10,13,16,16,24,33,33],"damage_taken":[{"damage":2,"enemies":"2 Louse","floor":1,"turns":3},{"damage":1,"enemies":"Cultist","floor":2,"turns":3},{"damage":3,"enemies":"Jaw Worm","floor":4,"turns":4},{"damage":32,"enemies":"Gremlin Nob","floor":6,"turns":4},{"damage":12,"enemies":"3 Louse","floor":7,"turns":3},{"damage":17,"enemies":"3 Sentries","floor":10,"turns":6},{"damage":6,"enemies":"Exordium Wildlife","floor":11,"turns":3},{"damage":18,"enemies":"Lagavulin","floor":13,"turns":7},{"damage":0,"enemies":"2 Fungi Beasts","floor":14,"turns":1},{"damage":41,"enemies":"Slime Boss","floor":16,"turns":7},{"damage":13,"enemies":"Shell Parasite","floor":18,"turns":4},{"damage":25,"enemies":"Masked Bandits","floor":20,"turns":4},{"damage":60,"enemies":"Gremlin Leader","floor":24,"turns":6},{"damage":34,"enemies":"Slavers","floor":31,"turns":6},{"damage":102,"enemies":"Champ","floor":33,"turns":16}],"seed_played":"-5315995918347127466","potions_obtained":[{"floor":4,"key":"DistilledChaos"},{"floor":11,"key":"Swift Potion"},{"floor":13,"key":"EntropicBrew"},{"floor":16,"key":"Swift Potion"},{"floor":24,"key":"Ancient Potion"}],"is_trial":false,"path_per_floor":["M","M","?","M","?","E","M","R","T","E","M","R","E","M","R","B",null,"M","$","?","?","$","R","E","R","T","R","$","R","?","E","R","B"],"character_chosen":"IRONCLAD","items_purchased":["Kunai","Dark Embrace+1","Combust+1","Entrench","Sword Boomerang"],"campfire_rested":4,"item_purchase_floors":[19,19,22,22,28],"current_hp_per_floor":[76,80,69,72,72,46,40,79,79,68,68,68,56,62,62,27,67,60,60,41,41,41,80,26,65,65,65,65,65,65,37,76,0,0],"gold":54,"neow_bonus":"RANDOM_COMMON_RELIC","is_daily":false,"chose_seed":false,"campfire_upgraded":4,"win_rate":0.0,"timestamp":1610449363,"path_taken":["M","M","?","M","?","E","?","R","T","E","M","R","E","M","R","BOSS","M","$","?","?","?","R","E","R","T","R","$","R","?","E","R","BOSS"],"items_purchased_type":["Relic","Card","Card","Card","Card"],"build_version":"2020-12-22","purchased_purges":0,"victory":false,"max_hp_per_floor":[80,80,80,80,80,80,80,80,80,80,80,80,80,80,80,80,80,80,80,80,80,80,80,80,80,80,80,80,80,80,80,80,80,80],"relic_stats":{"Regal Pillow":60,"Gremlin Horn":[2,2],"counters":[15,77],"Shuriken":[2],"Blue Candle":[2],"Kunai":[3],"Question Card":8,"obtain_stats":[{"Ice Cream":6,"Regal Pillow":0,"Gremlin Horn":24,"Blue Candle":13,"The Courier":31,"Frozen Egg 2":5,"Question Card":10,"Empty Cage":17,"Burning Blood":0,"Shuriken":26,"Red Mask":20,"Kunai":19,"TungstenRod":9},{"Ice Cream":4,"Regal Pillow":0,"Gremlin Horn":13,"Blue Candle":8,"The Courier":14,"Frozen Egg 2":3,"Question Card":6,"Empty Cage":10,"Burning Blood":0,"Shuriken":13,"Red Mask":12,"Kunai":11,"TungstenRod":5},{"Ice Cream":14,"Regal Pillow":0,"Gremlin Horn":55,"Blue Candle":33,"The Courier":61,"Frozen Egg 2":10,"Question Card":23,"Empty Cage":41,"Burning Blood":0,"Shuriken":55,"Red Mask":49,"Kunai":45,"TungstenRod":17}],"Burning Blood":83,"TungstenRod":73},"card_choices":[{"not_picked":["Clash","Perfected Strike"],"picked":"Armaments","floor":1},{"not_picked":["Perfected Strike","Heavy Blade"],"picked":"Pommel Strike","floor":2},{"not_picked":["Armaments","Shockwave"],"picked":"Disarm","floor":4},{"not_picked":["Wild Strike","Cleave"],"picked":"Immolate","floor":6},{"not_picked":["Perfected Strike","Flex","Searing Blow"],"picked":"SKIP","floor":7},{"not_picked":["Rupture+1","Uppercut","Pummel"],"picked":"SKIP","floor":10},{"not_picked":["Uppercut","Rage","Thunderclap","Clash"],"picked":"SKIP","floor":11},{"not_picked":["Power Through","Body Slam","Exhume"],"picked":"Shrug It Off","floor":13},{"not_picked":["Bloodletting","Perfected Strike","Armaments"],"picked":"Ghostly Armor","floor":14},{"not_picked":["Exhume","Double Tap","Corruption+1"],"picked":"Offering","floor":16},{"not_picked":["Thunderclap","Anger","True Grit","Iron Wave+1"],"picked":"SKIP","floor":18},{"not_picked":["Metallicize+1","Warcry","Thunderclap+1"],"picked":"Inflame+1","floor":20},{"not_picked":["True Grit","Sever Soul","Rupture+1"],"picked":"Shrug It Off+1","floor":24},{"not_picked":["Combust+1","Offering","Pommel Strike"],"picked":"Flame Barrier","floor":31}],"player_experience":737551,"relics_obtained":[{"floor":6,"key":"Ice Cream"},{"floor":9,"key":"TungstenRod"},{"floor":10,"key":"Question Card"},{"floor":13,"key":"Blue Candle"},{"floor":20,"key":"Red Mask"},{"floor":24,"key":"Gremlin Horn"},{"floor":26,"key":"Shuriken"},{"floor":31,"key":"The Courier"}],"event_choices":[{"damage_healed":0,"gold_gain":75,"player_choice":"Gather Gold","damage_taken":11,"max_hp_gain":0,"max_hp_loss":0,"event_name":"World of Goop","floor":3,"gold_loss":0},{"damage_healed":0,"gold_gain":0,"player_choice":"Paid Gold","damage_taken":0,"relics_obtained":["Frozen Egg 2"],"max_hp_gain":0,"max_hp_loss":0,"event_name":"WeMeetAgain","floor":5,"gold_loss":66},{"damage_healed":0,"gold_gain":0,"player_choice":"Fought Bandits","damage_taken":0,"max_hp_gain":0,"max_hp_loss":0,"event_name":"Masked Bandits","floor":20,"gold_loss":0},{"damage_healed":0,"gold_gain":0,"player_choice":"Ignored","damage_taken":0,"max_hp_gain":0,"max_hp_loss":0,"event_name":"Ghosts","floor":21,"gold_loss":0},{"damage_healed":0,"gold_gain":0,"player_choice":"Smashed Altar","damage_taken":0,"max_hp_gain":0,"max_hp_loss":0,"event_name":"Forgotten Altar","floor":30,"gold_loss":0,"cards_obtained":["Decay"]}],"is_beta":false,"boss_relics":[{"not_picked":["Runic Dome","Snecko Eye"],"picked":"Empty Cage"}],"items_purged_floors":[],"is_endless":false,"potions_floor_spawned":[4,11,13,16,18,20,24],"killed_by":"Champ","ascension_level":9}}