{"host":"8i4doyxqctgl5qb0","time":1610447149,"event":{"mods":["AchievementEnabler","BaseMod","Block Reminder","Colored Powertips","Downfall","Hermit","Minty Spire (QoL Compilation)","Permanent Neow","Potion Indicator Mod","Rare Cards Sparkle","StSLib","SuperFastMode","The Jungle"],"gold_per_floor":[115,126,126,126,126,161,161,177,177,177,190,190,206,206,206],"floor_reached":14,"playtime":178,"items_purged":[],"score":167,"play_id":"78c77ad5-c7c4-4f9a-9373-277c3ddd8ffe","local_time":"20210112182549","is_ascension_mode":true,"campfire_choices":[{"data":"Static Discharge","floor":7,"key":"SMITH"},{"data":"Zap","floor":10,"key":"SMITH"}],"circlet_count":0,"master_deck":["Strike_B","Strike_B","Strike_B","Defend_B","Defend_B","Defend_B","Zap+1","Dualcast","Static Discharge+1","Turbo","Go for the Eyes","Cold Snap","Steam","Melter","Decay","Creative AI"],"relics":["Cracked Core","NeowsBlessing","Symbiotic Virus","Dream Catcher"],"acts_visited":["Exordium"],"potions_floor_usage":[14],"damage_taken":[{"damage":0,"enemies":"Jaw Worm","floor":1,"turns":1},{"damage":0,"enemies":"Small Slimes","floor":2,"turns":1},{"damage":0,"enemies":"Lagavulin","floor":6,"turns":1},{"damage":4,"enemies":"Cultist","floor":8,"turns":3},{"damage":34,"enemies":"Exordium Wildlife","floor":11,"turns":4},{"damage":14,"enemies":"Red Slaver","floor":13,"turns":2},{"damage":22,"enemies":"3 Sentries","floor":14,"turns":4}],"seed_played":"-6278465301762495346","potions_obtained":[{"floor":1,"key":"GamblersBrew"},{"floor":11,"key":"DistilledChaos"}],"is_trial":false,"path_per_floor":["M","M","$","?","?","E","R","M","T","R","M","?","M","E"],"character_chosen":"DEFECT","items_purchased":[],"campfire_rested":0,"item_purchase_floors":[],"current_hp_per_floor":[68,68,68,68,68,68,68,64,64,64,30,30,16,0,0],"gold":206,"neow_bonus":"THREE_ENEMY_KILL","is_daily":false,"chose_seed":false,"campfire_upgraded":2,"win_rate":0.0,"timestamp":1610447149,"path_taken":["M","M","$","?","?","E","R","?","T","R","M","?","?","E"],"items_purchased_type":[],"build_version":"2020-12-22","purchased_purges":0,"victory":false,"max_hp_per_floor":[75,75,75,75,75,75,75,75,75,75,75,75,75,75,75],"card_choices":[{"not_picked":["Hologram","Leap"],"picked":"Static Discharge","floor":1},{"not_picked":["Rebound","Beam Cell"],"picked":"Turbo","floor":2},{"not_picked":["Streamline","Rebound"],"picked":"Cold Snap","floor":6},{"not_picked":["Streamline","Turbo"],"picked":"Steam","floor":8},{"not_picked":["Beam Cell","Rebound"],"picked":"Melter","floor":11},{"not_picked":["Skim","Coolheaded"],"picked":"Creative AI","floor":13}],"player_experience":170876,"relics_obtained":[{"floor":6,"key":"Symbiotic Virus"},{"floor":9,"key":"Dream Catcher"}],"event_choices":[{"damage_healed":0,"gold_gain":0,"cards_transformed":["Strike_B"],"player_choice":"Change","damage_taken":0,"max_hp_gain":0,"max_hp_loss":0,"event_name":"Living Wall","floor":4,"gold_loss":0,"cards_obtained":["Go for the Eyes"]},{"cards_removed":["Defend_B"],"damage_healed":0,"gold_gain":0,"player_choice":"Offered Basic","damage_taken":0,"max_hp_gain":0,"max_hp_loss":0,"event_name":"Bonfire Elementals","floor":5,"gold_loss":0},{"damage_healed":0,"gold_gain":0,"player_choice":"Cursed","damage_taken":0,"max_hp_gain":0,"max_hp_loss":0,"event_name":"Wheel of Change","floor":12,"gold_loss":0,"cards_obtained":["Decay"]}],"is_beta":false,"boss_relics":[],"items_purged_floors":[],"is_endless":false,"potions_floor_spawned":[1,11],"killed_by":"3 Sentries","ascension_level":9}}