{"host":"oehe2dxjvdgux73m","time":1610464156,"event":{"mods":["AchievementEnabler","BaseMod","Colored Map","Colored Powertips","DeckTracker","Keyboard Shortcuts","Minty Spire (QoL Compilation)","Permanent Neow","Quick Restart","StSLib","SuperFastMode"],"gold_per_floor":[118,132,149,149,159,189,189,218,218,252,252,252,7,26,26,128,128,147,147,158,58,75,75,93,93,117,136,136,136],"floor_reached":28,"playtime":977,"items_purged":["Strike_R","Strike_R"],"score":325,"play_id":"937dcf27-4140-4ea0-9269-62139d69f93e","local_time":"20210113000916","is_ascension_mode":true,"campfire_choices":[{"data":"Infernal Blade","floor":7.0,"key":"SMITH"},{"floor":15.0,"key":"REST"},{"floor":23.0,"key":"REST"},{"data":"Bash","floor":25.0,"key":"SMITH"}],"circlet_count":0,"master_deck":["Strike_R","Strike_R","Defend_R","Defend_R","Defend_R","Defend_R","Bash+1","Sword Boomerang","Infernal Blade+1","Carnage","Entrench+1","Second Wind","Wild Strike","Flash of Steel","Barricade+1","CurseOfTheBell","Seeing Red+1","Burning Pact"],"relics":["Burning Blood","Bag of Preparation","Frozen Egg 2","Boot","Ancient Tea Set","Pantograph","Pear","Calling Bell","Blood Vial","HornCleat","Bird Faced Urn","Bronze Scales"],"acts_visited":["Exordium","TheCity"],"potions_floor_usage":[27,27],"damage_taken":[{"damage":11.0,"enemies":"Small Slimes","floor":1.0,"turns":6.0},{"damage":2.0,"enemies":"Jaw Worm","floor":2.0,"turns":3.0},{"damage":1.0,"enemies":"Cultist","floor":3.0,"turns":3.0},{"damage":11.0,"enemies":"2 Fungi Beasts","floor":5.0,"turns":3.0},{"damage":24.0,"enemies":"Gremlin Nob","floor":6.0,"turns":4.0},{"damage":35.0,"enemies":"3 Sentries","floor":8.0,"turns":8.0},{"damage":30.0,"enemies":"Gremlin Nob","floor":10.0,"turns":4.0},{"damage":15.0,"enemies":"Lagavulin","floor":12.0,"turns":3.0},{"damage":0.0,"enemies":"Gremlin Gang","floor":14.0,"turns":4.0},{"damage":44.0,"enemies":"The Guardian","floor":16.0,"turns":6.0},{"damage":29.0,"enemies":"Spheric Guardian","floor":18.0,"turns":6.0},{"damage":12.0,"enemies":"Chosen","floor":20.0,"turns":4.0},{"damage":42.0,"enemies":"Shelled Parasite and Fungi","floor":22.0,"turns":5.0},{"damage":19.0,"enemies":"Snake Plant","floor":24.0,"turns":3.0},{"damage":0,"enemies":"3 Cultists","floor":27,"turns":6},{"damage":61,"enemies":"Slavers","floor":28,"turns":4}],"seed_played":"6678275463369016279","potions_obtained":[{"floor":2.0,"key":"BloodPotion"},{"floor":6.0,"key":"Swift Potion"},{"floor":8.0,"key":"SmokeBomb"},{"floor":16.0,"key":"EntropicBrew"},{"floor":18.0,"key":"ElixirPotion"},{"floor":24.0,"key":"EssenceOfSteel"},{"floor":27,"key":"FearPotion"}],"is_trial":false,"path_per_floor":["M","M","M","?","M","E","R","E","T","E","T","E","$","M","R","B",null,"M","?","M","$","M","R","M","R","T","M","E"],"character_chosen":"IRONCLAD","items_purchased":["Wild Strike","Flash of Steel","Strength Potion"],"campfire_rested":2,"item_purchase_floors":[13,13,13],"current_hp_per_floor":[67,71,76,76,71,53,53,24,24,16,26,17,17,23,50,37,77,58,58,56,56,24,51,40,40,40,50,0,0],"gold":136,"neow_bonus":"RANDOM_COMMON_RELIC","is_daily":false,"chose_seed":false,"campfire_upgraded":2,"win_rate":0.0,"timestamp":1610464156,"path_taken":["M","M","M","?","M","E","R","E","T","E","?","E","$","M","R","BOSS","M","?","M","$","M","R","M","R","T","M","E"],"items_purchased_type":["Card","Card","Potion"],"build_version":"2020-12-22","purchased_purges":2,"victory":false,"max_hp_per_floor":[80,80,80,80,80,80,80,80,80,80,90,90,90,90,90,90,90,90,90,90,90,90,90,90,90,90,90,90,90],"card_choices":[{"not_picked":["True Grit","Thunderclap"],"picked":"Sword Boomerang","floor":1.0},{"not_picked":["Sentinel","True Grit"],"picked":"Infernal Blade","floor":2.0},{"not_picked":["Combust","Headbutt"],"picked":"Carnage","floor":3.0},{"not_picked":["Juggernaut","Anger","Clothesline"],"picked":"SKIP","floor":5.0},{"not_picked":["Spot Weakness","Heavy Blade","Sword Boomerang"],"picked":"SKIP","floor":6.0},{"not_picked":["Fire Breathing+1","Exhume","Cleave"],"picked":"SKIP","floor":8.0},{"not_picked":["Entrench","Anger"],"picked":"Second Wind","floor":10.0},{"not_picked":["Pommel Strike","Cleave","Spot Weakness"],"picked":"SKIP","floor":14.0},{"not_picked":["Juggernaut+1","Bludgeon"],"picked":"Barricade+1","floor":16.0},{"not_picked":["Disarm+1","Clash"],"picked":"Seeing Red+1","floor":18.0},{"not_picked":["Clash","Flame Barrier","Reckless Charge"],"picked":"SKIP","floor":20.0},{"not_picked":["Perfected Strike+1","Entrench+1","Clash+1"],"picked":"SKIP","floor":22.0},{"not_picked":["Perfected Strike","Shrug It Off","Reckless Charge+1"],"picked":"SKIP","floor":24.0},{"not_picked":["Entrench+1","Ghostly Armor"],"picked":"Burning Pact","floor":27}],"player_experience":141680,"relics_obtained":[{"floor":6.0,"key":"Frozen Egg 2"},{"floor":8.0,"key":"Boot"},{"floor":9.0,"key":"Ancient Tea Set"},{"floor":10.0,"key":"Pantograph"},{"floor":11.0,"key":"Pear"},{"floor":17.0,"key":"Blood Vial"},{"floor":17.0,"key":"HornCleat"},{"floor":17.0,"key":"Bird Faced Urn"},{"floor":26.0,"key":"Bronze Scales"}],"event_choices":[{"damage_healed":0.0,"max_hp_gain":0.0,"max_hp_loss":0.0,"gold_gain":0.0,"cards_transformed":["Strike_R"],"event_name":"Living Wall","player_choice":"Change","floor":4.0,"gold_loss":0.0,"damage_taken":0.0,"cards_obtained":["Entrench"]},{"damage_healed":0.0,"max_hp_gain":0.0,"max_hp_loss":0.0,"gold_gain":0.0,"event_name":"Upgrade Shrine","player_choice":"Upgraded","floor":19.0,"gold_loss":0.0,"damage_taken":0.0,"cards_upgraded":["Entrench"]}],"is_beta":false,"boss_relics":[{"not_picked":["Busted Crown","Runic Pyramid"],"picked":"Calling Bell"}],"items_purged_floors":[13,21],"is_endless":false,"potions_floor_spawned":[2,6,8,12,16,18,24,27],"killed_by":"Slavers","ascension_level":6}}