{"host":"ksps4bkq2ezt7rwr","time":1610492569,"event":{"mods":["AchievementEnabler","Act Like it!","BaseMod","BetterRewards","Colored Map","Colored Powertips","DeckTracker","Minty Spire (QoL Compilation)","Quick Restart","Random Character Button","Rare Cards Sparkle","Replay The Spire","Robot Space Explorer","StSLib","Synergy Search","The Hierophant","The Jungle","The Marked","TheBandit"],"gold_per_floor":[119,131,206,222,242,271,288,288,288,33,33,72,72,72,72,217,217,217,217],"floor_reached":18,"language":"ENG","playtime":790,"items_purged":[],"score":197,"play_id":"0979d6b7-4a23-45ec-8aa1-28aff9c449f0","local_time":"20210112180249","is_ascension_mode":true,"campfire_choices":[{"floor":11.0,"key":"REST"},{"floor":15.0,"key":"REST"}],"circlet_count":0,"master_deck":["Strike_R","Strike_R","Strike_R","Strike_R","Strike_R","Defend_R","Defend_R","Defend_R","Defend_R","Bash","Master of Strategy+1","Cleave+1","Flex","Iron Wave","Armaments","Inflame","HandOfGreed","Finesse","Heavy Blade","Offering"],"relics":["Black Blood","Thread and Needle","Vajra"],"acts_visited":[],"potions_floor_usage":[],"damage_taken":[{"damage":5.0,"enemies":"2 Louse","floor":1.0,"turns":3.0},{"damage":8.0,"enemies":"Jaw Worm","floor":2.0,"turns":4.0},{"damage":8.0,"enemies":"Small Slimes","floor":4.0,"turns":3.0},{"damage":10.0,"enemies":"Gremlin Gang","floor":5.0,"turns":3.0},{"damage":15.0,"enemies":"3 Sentries","floor":6.0,"turns":6.0},{"damage":19.0,"enemies":"Lots of Slimes","floor":7.0,"turns":3.0},{"damage":0.0,"enemies":"Exordium Wildlife","floor":12.0,"turns":2.0},{"damage":25.0,"enemies":"Slime Boss","floor":16.0,"turns":7.0},{"damage":17.0,"enemies":"3 Byrds","floor":18.0,"turns":3.0}],"seed_played":"-1879638164186552178","potions_obtained":[{"floor":1.0,"key":"LiquidBronze"},{"floor":2.0,"key":"SneckoOil"},{"floor":5.0,"key":"Ancient Potion"},{"floor":12.0,"key":"Energy Potion"}],"is_trial":false,"path_per_floor":["M","M","?","M","M","E","M","T","T","$","R","M","$","?","R","B",null,"M"],"character_chosen":"IRONCLAD","items_purchased":["HandOfGreed","Finesse"],"campfire_rested":2,"item_purchase_floors":[10,10],"current_hp_per_floor":[57,55,44,42,38,29,16,16,16,16,40,46,46,30,54,35,80,75,75],"gold":217,"neow_bonus":"RANDOM_COLORLESS_2","is_daily":false,"chose_seed":false,"campfire_upgraded":0,"win_rate":0.0,"timestamp":1610492569,"path_taken":["M","M","?","M","M","E","M","?","T","$","R","M","$","?","R","BOSS","M"],"items_purchased_type":["Card","Card"],"build_version":"2020-12-22","purchased_purges":0,"victory":false,"max_hp_per_floor":[80,80,80,80,80,80,80,80,80,80,80,80,80,80,80,80,80,80,80],"card_choices":[{"not_picked":["Mayhem","Chrysalis"],"picked":"Master of Strategy","floor":0.0},{"not_picked":["Sword Boomerang","Anger","Havoc"],"picked":"SKIP","floor":1.0},{"not_picked":["Sword Boomerang","Warcry"],"picked":"Cleave","floor":2.0},{"not_picked":["True Grit","Perfected Strike"],"picked":"Flex","floor":4.0},{"not_picked":["Intimidate","Fire Breathing"],"picked":"Iron Wave","floor":5.0},{"not_picked":["Clash","Warcry"],"picked":"Armaments","floor":6.0},{"not_picked":["Hemokinesis","Rampage"],"picked":"Inflame","floor":7.0},{"not_picked":["Cleave","Iron Wave"],"picked":"Heavy Blade","floor":12.0},{"not_picked":["Fiend Fire","Bludgeon"],"picked":"Offering","floor":16.0}],"player_experience":325013,"relics_obtained":[{"floor":6.0,"key":"Thread and Needle"},{"floor":9.0,"key":"Vajra"}],"event_choices":[{"damage_healed":0.0,"max_hp_gain":0.0,"max_hp_loss":0.0,"gold_gain":75.0,"event_name":"World of Goop","player_choice":"Gather Gold","floor":3.0,"gold_loss":0.0,"damage_taken":11.0},{"damage_healed":0.0,"max_hp_gain":0.0,"max_hp_loss":0.0,"gold_gain":0.0,"event_name":"Shining Light","player_choice":"Entered Light","floor":14.0,"gold_loss":0.0,"damage_taken":16.0,"cards_upgraded":["Cleave","Master of Strategy"]}],"is_beta":false,"boss_relics":[{"not_picked":["Runic Dome","Cursed Key"],"picked":"Black Blood"}],"items_purged_floors":[],"is_endless":false,"potions_floor_spawned":[1,2,5,12,18],"killed_by":"3 Byrds","ascension_level":4}}