{"host":"egwexuw5uvnxf11j","time":1610418117,"event":{"mods":["2.2 Compatiblity","Aspiration","BaseMod","Better Altar","Better Note","Better Sensory Stone","Better Third Choice","Displayed Cursed Tome","Downfall","Hermit","Key Reminder","Koishi","Marisa????????","Minty Spire (QoL Compilation)","Quick Restart","Shade Mod","Spicy Shops","StSLib","The Construct","The Cursed","The Hierophant","The Runesmith","The Senshi","The Servant 0.9.4","Transform Curses"],"gold_per_floor":[118,48,48,66,82,110,122,153,153,178,194,194,209,226,226,326,326,344,362,376,30,30,62,73,73,98,98,98,98,111,139,139,139,139],"floor_reached":33,"playtime":1596,"items_purged":[],"score":324,"play_id":"f237a8e1-c41a-455d-8565-f097c5ff4594","local_time":"20210111212157","is_ascension_mode":true,"campfire_choices":[{"floor":12,"key":"REST"},{"floor":15,"key":"REST"},{"floor":25,"key":"REST"},{"floor":27,"key":"REST"},{"floor":32,"key":"REST"}],"circlet_count":0,"master_deck":["hermit:Strike_Hermit","hermit:Strike_Hermit","hermit:Strike_Hermit","hermit:Strike_Hermit","hermit:Defend_Hermit","hermit:Defend_Hermit","hermit:Defend_Hermit","hermit:Defend_Hermit","hermit:Snapshot","hermit:Covet","hermit:Vantage","hermit:BigShot","Pain","hermit:Desperado","hermit:Snipe","hermit:Headshot","hermit:TrackingShot","hermit:Vantage","hermit:Enervate","hermit:LowProfile+1","hermit:Brawl","hermit:Glare+1","hermit:Gambit+1","hermit:SprayPray","hermit:Determination","hermit:CalledShot+1","hermit:Dive+1","Shame","hermit:Desperado+1","hermit:Headshot","Clumsy","Shame","hermit:TrackingShot+1","hermit:Determination+1"],"relics":["hermit:Momento","NeowsBlessing","WarpedTongs","Art of War","Kunai","Toxic Egg 2","StrikeDummy","keyreminder:keyreminder","Cursed Key","Torii","Oddly Smooth Stone","Juzu Bracelet","Question Card"],"acts_visited":["Exordium","TheCity"],"potions_floor_usage":[8,10,16,24,31,33],"damage_taken":[{"damage":0,"enemies":"Small Slimes","floor":1,"turns":2},{"damage":0,"enemies":"Cultist","floor":4,"turns":1},{"damage":0,"enemies":"Jaw Worm","floor":5,"turns":1},{"damage":19,"enemies":"3 Sentries","floor":6,"turns":7},{"damage":2,"enemies":"Exordium Thugs","floor":7,"turns":2},{"damage":30,"enemies":"Gremlin Nob","floor":8,"turns":4},{"damage":11,"enemies":"3 Sentries","floor":10,"turns":5},{"damage":0,"enemies":"2 Fungi Beasts","floor":11,"turns":3},{"damage":13,"enemies":"3 Louse","floor":13,"turns":2},{"damage":4,"enemies":"Looter","floor":14,"turns":3},{"damage":14,"enemies":"Hexaghost","floor":16,"turns":6},{"damage":15,"enemies":"Shell Parasite","floor":18,"turns":4},{"damage":4,"enemies":"2 Thieves","floor":19,"turns":3},{"damage":36,"enemies":"Snake Plant","floor":20,"turns":5},{"damage":17,"enemies":"Book of Stabbing","floor":23,"turns":5},{"damage":0,"enemies":"Cultist and Chosen","floor":24,"turns":4},{"damage":11,"enemies":"Shelled Parasite and Fungi","floor":30,"turns":5},{"damage":31,"enemies":"Slavers","floor":31,"turns":6},{"damage":49,"enemies":"Automaton","floor":33,"turns":6}],"seed_played":"-5964531575934298744","potions_obtained":[{"floor":1,"key":"sneckomod:MuddlingPotion"},{"floor":6,"key":"ColorlessPotion"},{"floor":7,"key":"SkillPotion"},{"floor":10,"key":"Regen Potion"},{"floor":20,"key":"Guardian:BlockOnCardUsePotion"},{"floor":30,"key":"hermit:Tonic"},{"floor":31,"key":"Explosive Potion"}],"is_trial":false,"path_per_floor":["M","$","?","M","M","E","M","E","T","E","M","R","M","M","R","B",null,"M","M","M","$","?","E","M","R","T","R","?","?","M","E","R","B"],"character_chosen":"HERMIT","items_purchased":["hermit:BigShot","Torii","hermit:Dive+1"],"campfire_rested":5,"item_purchase_floors":[2,21,21],"current_hp_per_floor":[75,75,75,75,75,56,54,24,24,13,13,35,22,18,40,40,75,60,56,20,20,20,3,3,25,25,47,47,47,36,5,27,0,0],"gold":139,"neow_bonus":"THREE_ENEMY_KILL","is_daily":false,"chose_seed":false,"campfire_upgraded":0,"win_rate":0.0,"timestamp":1610418117,"path_taken":["M","$","?","?","?","E","M","E","T","E","M","R","M","?","R","BOSS","M","M","M","$","?","E","M","R","T","R","?","?","M","E","R","BOSS"],"items_purchased_type":["Card","Relic","Card"],"build_version":"2020-12-22","purchased_purges":0,"victory":false,"max_hp_per_floor":[75,75,75,75,75,75,75,75,75,75,75,75,75,75,75,75,75,75,75,75,75,75,75,75,75,75,75,75,75,75,75,75,75,75],"card_choices":[{"not_picked":["hermit:Virtue","hermit:ItchyTrigger"],"picked":"hermit:Vantage","floor":1},{"not_picked":["hermit:Midnight","hermit:Manifest"],"picked":"hermit:Desperado","floor":4},{"not_picked":["hermit:Desperado","hermit:HoleUp"],"picked":"hermit:Snipe","floor":5},{"not_picked":["hermit:Combo","hermit:Purgatory"],"picked":"hermit:Headshot","floor":6},{"not_picked":["hermit:Gestalt","hermit:LoneWolf"],"picked":"hermit:TrackingShot","floor":7},{"not_picked":["hermit:CursedWeapon","hermit:Manifest"],"picked":"hermit:Vantage","floor":8},{"not_picked":["hermit:HighCaliber","hermit:Spite"],"picked":"hermit:Enervate","floor":10},{"not_picked":["hermit:SprayPray","hermit:DeadMansHand+1"],"picked":"hermit:LowProfile+1","floor":11},{"not_picked":["hermit:ShadowCloak","hermit:Vantage+1"],"picked":"hermit:Brawl","floor":13},{"not_picked":["hermit:BodyArmor+1","hermit:Roulette"],"picked":"hermit:Glare+1","floor":14},{"not_picked":["hermit:Purgatory","hermit:FinalCanter"],"picked":"hermit:Gambit+1","floor":16},{"not_picked":["hermit:Coalescence+1","hermit:Gestalt+1"],"picked":"hermit:SprayPray","floor":18},{"not_picked":["hermit:Malice","hermit:GoldenBullet+1"],"picked":"hermit:Determination","floor":19},{"not_picked":["hermit:Horror+1","hermit:Quickdraw"],"picked":"hermit:CalledShot+1","floor":20},{"not_picked":["hermit:Cheat+1","hermit:Ricochet"],"picked":"hermit:Desperado+1","floor":23},{"not_picked":["hermit:Snipe+1","hermit:WideOpen+1"],"picked":"hermit:Headshot","floor":24},{"not_picked":["hermit:Feint+1","hermit:Midnight+1"],"picked":"hermit:TrackingShot+1","floor":30},{"not_picked":["hermit:Magnum","hermit:LuckOfTheDraw+1"],"picked":"hermit:Determination+1","floor":31}],"player_experience":2207485,"relics_obtained":[{"floor":6,"key":"Art of War"},{"floor":8,"key":"Kunai"},{"floor":9,"key":"Toxic Egg 2"},{"floor":10,"key":"StrikeDummy"},{"floor":23,"key":"Juzu Bracelet"},{"floor":31,"key":"Question Card"}],"event_choices":[{"damage_healed":0,"gold_gain":0,"player_choice":"Rummage","damage_taken":0,"relics_obtained":["WarpedTongs"],"max_hp_gain":0,"max_hp_loss":0,"event_name":"Accursed Blacksmith","floor":3,"gold_loss":0,"cards_obtained":["Pain"]},{"damage_healed":0,"gold_gain":0,"player_choice":"Stole Relic","damage_taken":0,"relics_obtained":["Oddly Smooth Stone"],"max_hp_gain":0,"max_hp_loss":0,"event_name":"Addict","floor":22,"gold_loss":0,"cards_obtained":["Shame"]},{"damage_healed":0,"gold_gain":0,"player_choice":"Ignored","damage_taken":0,"max_hp_gain":0,"max_hp_loss":0,"event_name":"Fountain of Cleansing","floor":29,"gold_loss":0}],"is_beta":false,"boss_relics":[{"not_picked":["Sozu","Busted Crown"],"picked":"Cursed Key"}],"items_purged_floors":[],"is_endless":false,"potions_floor_spawned":[1,6,7,10,20,30,31],"killed_by":"Automaton","ascension_level":1}}