{"host":"oy4pyvr762z5n0bb","time":1610412509,"event":{"mods":["AchievementEnabler","BaseMod","Colored Map","Colored Powertips","Googly Eyes","Key Reminder","Minty Spire (QoL Compilation)","Quick Restart","Relic Sorter","Slay the Relics Exporter","StSLib","SuperFastMode","Unceasing Turn Reminder","slay the spire mod where everything is the same but ironclad has a cowboy hat"],"gold_per_floor":[114,125,125,139,46,46,80,80,80,152,181,200,212,212,212],"floor_reached":14,"playtime":261,"items_purged":[],"score":145,"play_id":"f9d7d540-10d1-44f0-be2c-e9a9c157a17b","local_time":"20210111164829","is_ascension_mode":true,"campfire_choices":[{"data":"Inflame","floor":6,"key":"SMITH"},{"floor":8,"key":"REST"}],"circlet_count":0,"master_deck":["Strike_R","Strike_R","Strike_R","Strike_R","Strike_R","Defend_R","Defend_R","Defend_R","Defend_R","Bash","Offering","Thunderclap","Sever Soul","Inflame+1","Flash of Steel","Anger","Impervious","Shrug It Off","Shrug It Off"],"relics":["Burning Blood","Bag of Marbles","Bottled Lightning","Strawberry"],"acts_visited":["Exordium"],"potions_floor_usage":[11],"damage_taken":[{"damage":15,"enemies":"Jaw Worm","floor":1,"turns":4},{"damage":10,"enemies":"2 Louse","floor":2,"turns":3},{"damage":6,"enemies":"Cultist","floor":4,"turns":2},{"damage":41,"enemies":"3 Sentries","floor":7,"turns":7},{"damage":36,"enemies":"Lagavulin","floor":11,"turns":6},{"damage":6,"enemies":"Exordium Wildlife","floor":12,"turns":1},{"damage":9,"enemies":"Looter","floor":13,"turns":3},{"damage":23,"enemies":"3 Sentries","floor":14,"turns":4}],"seed_played":"-5305295854007356379","potions_obtained":[{"floor":2,"key":"Swift Potion"},{"floor":7,"key":"ColorlessPotion"}],"is_trial":false,"path_per_floor":["M","M","$","M","$","R","E","R","T","?","E","M","M","E"],"character_chosen":"IRONCLAD","items_purchased":["Flash of Steel"],"campfire_rested":1,"item_purchase_floors":[5],"current_hp_per_floor":[63,59,59,59,59,59,24,45,45,45,22,22,19,0,0],"gold":212,"neow_bonus":"THREE_RARE_CARDS","is_daily":false,"chose_seed":false,"campfire_upgraded":1,"win_rate":0.0,"timestamp":1610412509,"path_taken":["M","M","$","M","$","R","E","R","T","?","E","M","M","E"],"items_purchased_type":["Card"],"build_version":"2020-12-22","purchased_purges":0,"victory":false,"max_hp_per_floor":[72,72,72,72,72,72,72,72,72,72,79,79,79,79,79],"card_choices":[{"not_picked":["Exhume","Berserk"],"picked":"Offering","floor":0},{"not_picked":["Body Slam","Flex"],"picked":"Thunderclap","floor":1},{"not_picked":["Evolve","True Grit"],"picked":"Sever Soul","floor":2},{"not_picked":["Iron Wave","Heavy Blade"],"picked":"Inflame","floor":4},{"not_picked":["Armaments","Twin Strike"],"picked":"Anger","floor":7},{"not_picked":["Perfected Strike","Anger"],"picked":"Impervious","floor":11},{"not_picked":["Perfected Strike","Havoc"],"picked":"Shrug It Off","floor":12},{"not_picked":["Body Slam","Pommel Strike"],"picked":"Shrug It Off","floor":13}],"player_experience":732523,"relics_obtained":[{"floor":7,"key":"Bag of Marbles"},{"floor":9,"key":"Bottled Lightning"},{"floor":11,"key":"Strawberry"}],"event_choices":[{"damage_healed":0,"gold_gain":72,"player_choice":"Gained Gold","damage_taken":0,"max_hp_gain":0,"max_hp_loss":0,"event_name":"Golden Wing","floor":10,"gold_loss":0}],"is_beta":false,"boss_relics":[],"items_purged_floors":[],"is_endless":false,"potions_floor_spawned":[2,7],"killed_by":"3 Sentries","ascension_level":9}}