{"host":"xkmvu47k9fdstweo","time":1610420220,"event":{"mods":["BaseMod","Colored Map","Conspire","Hubris","Minty Spire (QoL Compilation)","Quick Restart","Railgun Mod","Shop Mod","StSLib","The Alterego","The Servant 0.9.4","The Wild Card","TheBandit","WarShipGirlsR/??è≠èóR mod","vexMod"],"gold_per_floor":[117,64,77,77,154,185,185,217,240,240,254,265,215,249,249,347,347],"floor_reached":16,"playtime":302,"items_purged":[],"score":290,"play_id":"fbb5e1db-ee8e-4c14-83fb-384f95325c7f","local_time":"20210111215700","is_ascension_mode":true,"campfire_choices":[{"data":"Clothesline","floor":7.0,"key":"SMITH"},{"data":"True Grit","floor":10.0,"key":"SMITH"},{"data":"Bash","floor":15.0,"key":"SMITH"}],"circlet_count":0,"master_deck":["AscendersBane","Strike_R","Strike_R","Strike_R","Strike_R","Strike_R","Defend_R","Defend_R","Defend_R","Defend_R","Bash+1","Shrug It Off","Clothesline+1","Inflame","Inflame","True Grit+1","Thunderclap","Anger","conspire:SpireCoStock","conspire:HitWhereItHurts"],"relics":["Burning Blood","NeowsBlessing","Bronze Scales","Centennial Puzzle","Omamori","Smiling Mask"],"acts_visited":["Exordium"],"potions_floor_usage":[16],"damage_taken":[{"damage":0.0,"enemies":"conspire:RoseBush","floor":1.0,"turns":1.0},{"damage":0.0,"enemies":"Small Slimes","floor":3.0,"turns":1.0},{"damage":0.0,"enemies":"Lagavulin","floor":6.0,"turns":1.0},{"damage":13.0,"enemies":"3 Sentries","floor":8.0,"turns":7.0},{"damage":2.0,"enemies":"Jaw Worm","floor":11.0,"turns":4.0},{"damage":5.0,"enemies":"3 Louse","floor":12.0,"turns":4.0},{"damage":12.0,"enemies":"Gremlin Nob","floor":14.0,"turns":3.0},{"damage":54,"enemies":"Hexaghost","floor":16,"turns":9}],"seed_played":"-4182704547025791816","potions_obtained":[{"floor":1.0,"key":"Block Potion"},{"floor":3.0,"key":"PowerPotion"},{"floor":8.0,"key":"AttackPotion"},{"floor":14.0,"key":"FearPotion"}],"is_trial":false,"path_per_floor":["M","$","M","?","?","E","R","E","T","R","M","M","?","E","R","B"],"character_chosen":"IRONCLAD","items_purchased":["Clothesline"],"campfire_rested":0,"item_purchase_floors":[2],"current_hp_per_floor":[78,78,80,80,80,80,80,73,73,73,77,78,78,72,72,24,24],"gold":347,"neow_bonus":"THREE_ENEMY_KILL","is_daily":false,"chose_seed":false,"campfire_upgraded":3,"win_rate":0.0,"timestamp":1610420220,"path_taken":["M","$","M","?","?","E","R","E","T","R","M","M","?","E","R","BOSS"],"items_purchased_type":["Card"],"build_version":"2020-12-22","purchased_purges":0,"victory":false,"max_hp_per_floor":[80,80,80,80,80,80,80,80,80,80,80,80,80,80,80,80,80],"card_choices":[{"not_picked":["Rupture","Headbutt"],"picked":"Shrug It Off","floor":1.0},{"not_picked":["Heavy Blade","Headbutt"],"picked":"Inflame","floor":3.0},{"not_picked":["Clothesline","Flex"],"picked":"Inflame","floor":6.0},{"not_picked":["Havoc","conspire:HitWhereItHurts"],"picked":"True Grit","floor":8.0},{"not_picked":["Fire Breathing","Clash"],"picked":"Thunderclap","floor":11.0},{"not_picked":["Combust","Iron Wave"],"picked":"Anger","floor":12.0},{"not_picked":["hubris:SharpeningStone","Bludgeon"],"picked":"conspire:HitWhereItHurts","floor":14.0}],"player_experience":303084,"relics_obtained":[{"floor":6.0,"key":"Bronze Scales"},{"floor":8.0,"key":"Centennial Puzzle"},{"floor":9.0,"key":"Omamori"},{"floor":14.0,"key":"Smiling Mask"}],"event_choices":[{"damage_healed":0.0,"max_hp_gain":0.0,"max_hp_loss":0.0,"gold_gain":77.0,"event_name":"Golden Wing","player_choice":"Gained Gold","floor":5.0,"gold_loss":0.0,"damage_taken":0.0},{"damage_healed":0.0,"max_hp_gain":0.0,"max_hp_loss":0.0,"gold_gain":0.0,"event_name":"conspire:Investor","player_choice":"Invest 1","floor":13.0,"gold_loss":0.0,"damage_taken":0.0}],"is_beta":false,"boss_relics":[],"items_purged_floors":[],"is_endless":false,"potions_floor_spawned":[1,3,8,14],"killed_by":"Hexaghost","ascension_level":10}}