{"host":"wrlgpq1wkw8k1x5v","time":1610477699,"event":{"mods":["Act Like it!","BaseMod","Colored Powertips","Gensokyo","Koishi","Minty Spire (QoL Compilation)","StSLib"],"gold_per_floor":[109,28,38,38,38,38,69,69,119,119,132,132,52,52,52,157,207,221,221,11,11,26,60,60,272,272,303,291,391,406,169,169,265,265,277,293,293,311,154,154,154,174,174,2,16,16,16,29,29,29],"floor_reached":51,"playtime":6355,"items_purged":["Koishi:BasicStrike"],"score":931,"play_id":"ff16fdba-b6e1-467d-90e2-603f45855f2c","local_time":"20210113025459","is_ascension_mode":false,"campfire_choices":[{"data":"Koishi:Ego","floor":6,"key":"SMITH"},{"data":"Koishi:ReleaseOfTheId","floor":8,"key":"SMITH"},{"data":"Koishi:ConfinedInnocent","floor":15,"key":"SMITH"},{"data":"Koishi:FreudianInstinct","floor":24,"key":"SMITH"},{"data":"Koishi:ReleaseOfTheId","floor":32,"key":"SMITH"},{"data":"Koishi:MentalBreakdown","floor":40,"key":"SMITH"},{"data":"Koishi:Untouchable","floor":47,"key":"SMITH"},{"data":"Koishi:ApparitionsStalkTheNight","floor":49,"key":"SMITH"}],"circlet_count":0,"master_deck":["Koishi:BasicDefend","Koishi:BasicDefend","Koishi:Provoke","Koishi:Ego+1","Koishi:PhilosophyOfTheDespised","Koishi:RorschachInDanmaku","Koishi:ApparitionsStalkTheNight+1","Koishi:ReleaseOfTheId+1","Koishi:ReflexRadar","Koishi:Untouchable+1","Koishi:ConfinedInnocent+1","Koishi:GrowingPain","Koishi:SubconsciousSweep","Koishi:Vanish","Koishi:LastRemote","Koishi:FadingMemory","Koishi:FreudianInstinct+1","Koishi:CatchAndRose","Koishi:RorschachInDanmaku","Koishi:SprinkleStarAndHeart","Koishi:SubconsciousSweep+1","Koishi:CatchAndRose","Koishi:ReleaseOfTheId+1","Koishi:Untouchable+1","Koishi:HeartAttack","Koishi:MentalBreakdown+1","Koishi:FreudianInstinct+1","Koishi:FleetingPhantom","Koishi:Heartbroken","Koishi:FreudianInstinct","Koishi:UnconsciousUrges+1","Gensokyo:BlemishedSteel","Koishi:GeneticsOfTheUnconscious+1","Koishi:FadingMemory","Koishi:SpiritedAway"],"relics":["Koishi:ImaginaryFriend","Centennial Puzzle","Oddly Smooth Stone","Gensokyo:Mercy","Happy Flower","Tiny House","Gensokyo:ConquerorOfFear","Anchor","Mercury Hourglass","Vajra","PreservedInsect","Ice Cream","Lizard Tail","Koishi:ImperfectMetamorphosis","StoneCalendar","Sozu","Pen Nib","Strawberry"],"acts_visited":["Gensokyo:Gensokyo","Gensokyo:Gensokyoer","Gensokyo:Gensokyoest"],"potions_floor_usage":[16,22,27,33],"damage_taken":[{"damage":4,"enemies":"Gensokyo:3_Fairies","floor":1,"turns":6},{"damage":3,"enemies":"Gensokyo:2_Kodama","floor":3,"turns":5},{"damage":12,"enemies":"Gensokyo:Mamizou","floor":7,"turns":13},{"damage":0,"enemies":"Gensokyo:Gryphon","floor":11,"turns":4},{"damage":8,"enemies":"Gensokyo:Yukari","floor":16,"turns":7},{"damage":0,"enemies":"Gensokyo:Chomper","floor":18,"turns":6},{"damage":2,"enemies":"Gensokyo:CosmicMonolith","floor":22,"turns":9},{"damage":5,"enemies":"Gensokyo:Koishi","floor":23,"turns":8},{"damage":8,"enemies":"Gensokyo:Swordslinger","floor":25,"turns":6},{"damage":7,"enemies":"Gensokyo:Tenshi","floor":27,"turns":4},{"damage":0,"enemies":"Gensokyo:Tenshi","floor":29,"turns":6},{"damage":0,"enemies":"Gensokyo:Monolith_and_Dog","floor":30,"turns":4},{"damage":0,"enemies":"Gensokyo:Kaguya","floor":33,"turns":8},{"damage":0,"enemies":"Gensokyo:AncientGuardian","floor":35,"turns":4},{"damage":3,"enemies":"Gensokyo:3_Boulders","floor":36,"turns":5},{"damage":0,"enemies":"Gensokyo:Rafflesia","floor":38,"turns":5},{"damage":7,"enemies":"Gensokyo:Sharpion","floor":42,"turns":4},{"damage":0,"enemies":"Gensokyo:Dusk_and_Dawn","floor":45,"turns":5},{"damage":9,"enemies":"Gensokyo:4_Bats","floor":48,"turns":4},{"damage":5,"enemies":"Gensokyo:Yuyuko","floor":50,"turns":6}],"seed_played":"8678092112144057692","potions_obtained":[{"floor":1,"key":"Explosive Potion"},{"floor":7,"key":"SteroidPotion"},{"floor":17,"key":"Weak Potion"},{"floor":18,"key":"SpeedPotion"},{"floor":25,"key":"SteroidPotion"},{"floor":29,"key":"LiquidBronze"}],"is_trial":false,"path_per_floor":["M","$","M","?","?","R","E","R","T","?","M","?","$","?","R","B",null,"M","?","COS","?","M","E","R","M","T","E","?","?","M","$","R","B",null,"M","M","?","M","$","R","?","M","T","COS","M","?","R","M","R","B",null],"character_chosen":"KOISHI","items_purchased":["Koishi:RorschachInDanmaku","Koishi:ConfinedInnocent","Koishi:ReleaseOfTheId","Koishi:Untouchable","Koishi:HeartAttack","Koishi:FreudianInstinct"],"campfire_rested":0,"item_purchase_floors":[2,13,31,31,31,39],"current_hp_per_floor":[50,50,50,50,50,50,40,40,40,40,41,41,41,41,41,33,59,59,59,59,55,53,48,48,40,40,33,41,41,41,41,41,41,55,55,52,52,52,52,52,52,45,45,45,45,37,37,28,28,28],"gold":29,"neow_bonus":"THREE_RARE_CARDS","is_daily":false,"chose_seed":false,"campfire_upgraded":8,"win_rate":0.0,"timestamp":1610477699,"path_taken":["M","$","M","?","?","R","E","R","T","?","?","?","?","?","R","BOSS","M","?","COS","?","M","E","R","?","T","E","?","?","M","$","R","BOSS","M","M","?","M","$","R","?","?","T","COS","M","?","R","M","R","BOSS"],"items_purchased_type":["Card","Card","Card","Card","Card","Card"],"build_version":"2020-12-22","purchased_purges":1,"victory":true,"max_hp_per_floor":[54,54,54,54,54,54,54,54,54,54,54,54,54,54,54,54,59,59,59,59,55,55,55,55,55,55,55,55,55,55,55,55,55,55,55,55,55,55,55,55,55,55,55,55,55,55,55,55,55,62],"card_choices":[{"not_picked":["Koishi:FormlessExistence","Koishi:ImGoingToCallYouNow"],"picked":"Koishi:Ego","floor":0},{"not_picked":["Koishi:JumpScare","Koishi:PredatoryInstincts"],"picked":"Koishi:PhilosophyOfTheDespised","floor":1},{"not_picked":["Koishi:ReflexRadar","Koishi:TremblingHands"],"picked":"Koishi:ApparitionsStalkTheNight","floor":3},{"not_picked":["Koishi:FidgetySnatcher","Koishi:ParalyzingFear"],"picked":"Koishi:ReleaseOfTheId","floor":4},{"not_picked":["Koishi:Vanish","Koishi:DanmakuParanoia"],"picked":"Koishi:ReflexRadar","floor":4},{"not_picked":["Koishi:Jaunt","Koishi:DanmakuParanoia"],"picked":"Koishi:SubconsciousSweep","floor":7},{"not_picked":["Koishi:Prune","Koishi:VengefulSpirit"],"picked":"Koishi:Untouchable","floor":11},{"not_picked":["Koishi:SuperEgo","Koishi:RuptureMind"],"picked":"Koishi:GrowingPain","floor":16},{"not_picked":["Koishi:Catatonia","Koishi:PhantomStrike"],"picked":"Koishi:SubconsciousSweep","floor":17},{"not_picked":["Koishi:BramblyRoseGarden","Koishi:HeartfeltFancy"],"picked":"Koishi:Vanish","floor":18},{"not_picked":["Koishi:Prune+1","Koishi:CatchAndRose+1"],"picked":"Koishi:LastRemote","floor":22},{"not_picked":["Koishi:MindStellarRelief","Koishi:RoseHell"],"picked":"Koishi:FadingMemory","floor":23},{"not_picked":["Koishi:Catatonia","Koishi:EmbryosDream"],"picked":"Koishi:FreudianInstinct","floor":23},{"not_picked":["Koishi:UnconsciousUprising","Koishi:Jaunt"],"picked":"Koishi:DNAsFlaw","floor":25},{"not_picked":["Koishi:BloodcurdlingScream","Koishi:RuptureMind"],"picked":"Koishi:CatchAndRose","floor":27},{"not_picked":["Koishi:UnseenTerror","Koishi:UnconsciousUprising"],"picked":"Koishi:SubconsciousSweep+1","floor":29},{"not_picked":["Koishi:ReflexRadar","Koishi:DreadfulBlow"],"picked":"Koishi:CatchAndRose","floor":30},{"not_picked":["Koishi:MindStellarRelief","Koishi:TerrifyingSpectre"],"picked":"Koishi:MentalBreakdown","floor":33},{"not_picked":["Koishi:StingingMind","Koishi:SubterraneanRose"],"picked":"Koishi:FreudianInstinct+1","floor":35},{"not_picked":["Koishi:DNAsFlaw+1","Koishi:PhantomBarrier+1"],"picked":"Koishi:FleetingPhantom","floor":36},{"not_picked":["Koishi:HeartfeltFancy","Koishi:EmbryosDream","Koishi:EmbersOfLove+1"],"picked":"SKIP","floor":38},{"not_picked":["Koishi:YoukaiPolygraph","Koishi:ReflexRadar+1"],"picked":"Koishi:UnconsciousUrges+1","floor":42},{"not_picked":["Koishi:LastRemote","Koishi:SubconsciousSweep"],"picked":"Koishi:GeneticsOfTheUnconscious+1","floor":45},{"not_picked":["Koishi:RoseHell","Koishi:Heartbroken"],"picked":"Koishi:FadingMemory","floor":48},{"not_picked":["Koishi:MindNumbingTerror+1","Koishi:Prune"],"picked":"Koishi:SpiritedAway","floor":48}],"player_experience":23222,"relics_obtained":[{"floor":7,"key":"Centennial Puzzle"},{"floor":9,"key":"Oddly Smooth Stone"},{"floor":22,"key":"Gensokyo:ConquerorOfFear"},{"floor":23,"key":"Mercury Hourglass"},{"floor":26,"key":"PreservedInsect"},{"floor":27,"key":"Lizard Tail"},{"floor":29,"key":"Koishi:ImperfectMetamorphosis"},{"floor":29,"key":"StoneCalendar"},{"floor":43,"key":"Pen Nib"}],"event_choices":[],"is_beta":false,"boss_relics":[{"not_picked":["Fusion Hammer","SacredBark"],"picked":"Tiny House"},{"not_picked":["Busted Crown","SlaversCollar"],"picked":"Sozu"}],"items_purged_floors":[39],"is_endless":false,"potions_floor_spawned":[1,7,18,25,29,35,38,48],"ascension_level":0}}