{"host":"29lahdx3vn6842ib","time":1610449588,"event":{"mods":["ATMod(阿瑾Mod)","Act Like it!","Aspiration","BaseMod","Better Vampires","Conspire","Friendly Minions","Gensokyo","GungeonMod","Hallownest","HololiveMod","KinomotoSakuraMod(木之本樱)","Mari Mod (Legacy)","Mari\u0027s V1 Patch","Marisa（F雨　魔理沙）","Minty Spire (QoL Compilation)","Prisma Mod","Quarter Circle Forward PUNCH!","Quick Restart","Rare Cards Sparkle","Reimu（博丽灵梦）","Remilia（蕾米莉亚）","RumiaBox-露米娅的神秘盒子","SIMod","Shop Mod","StSLib","The Alterego","The Animator","The Bug Knight","The Marked","The Servant 0.9.4","Waifu the Spire","WarShipGirlsR/战舰少女R mod","Yohane!","Yuri Mod","【功能Mod】混沌之环修复补丁","【遗物卡牌】REMEMod","篝火指南"],"gold_per_floor":[900000,900014,899202,899221,899232,898492,898212,898229,898229,897542,897556,897570,897245,897272,896919,897014,897014,897033,897052,897066,897079,897090,896458,896470,896020,896020,895601,895632,895176,894266,893962,893817,893914,893914,893931,893325,893339,892388,892405,891459,890602,889683,889751,888781,887654,887665,887693,887705,886518,886616,886616,886626,886641,885579,884549,884569,883816,883816],"floor_reached":57,"playtime":3349,"items_purged":["alterego_mod:Impale","alterego_mod:BrynhildrsRune","alterego_mod:Clap","alterego_mod:Defend","alterego_mod:Strike","alterego_mod:Defend","alterego_mod:Strike","alterego_mod:Defend","alterego_mod:Strike+1","alterego_mod:Strike+1","alterego_mod:Defend+1","alterego_mod:DiscoLights","alterego_mod:GoddessCore","alterego_mod:BreastValley","alterego_mod:PresenceConcealment+1","alterego_mod:GachaTicket+1","alterego_mod:Nekomimi","alterego_mod:DiscoLights+1","Apotheosis+1","alterego_mod:Cushion+1","DemoMod:Deposit","alterego_mod:BusterCard+1"],"score":1262,"play_id":"13d1630f-298a-45da-8fc6-670b052633b1","local_time":"20210112190628","daily_mods":["Flight"],"is_ascension_mode":false,"campfire_choices":[],"circlet_count":0,"master_deck":["alterego_mod:BigMeatyClaws+1","alterego_mod:BreastValley+1","alterego_mod:Tantrum+1","alterego_mod:GoddessCore+1","alterego_mod:DiscoLights+1","alterego_mod:GoddessCore+1","alterego_mod:BreastValley+1","alterego_mod:Nekomimi+1","alterego_mod:Palingenesis+5","alterego_mod:DiscoLights+1","alterego_mod:GoddessCore+1"],"relics":["alterego_mod:MasochisticConstitution","AT_ATBox","REME_ComplimentaryCards","MerchantsRug","Omamori","conspire:TreasureMap","Calipers","Meat on the Bone","Medical Kit","Eternal Feather","Whetstone","HornCleat","ZombieArmy","Sling","Frozen Eye","Tea:ReiMu","qcfpunch:Red_Beret","AT_RedTearstoneRing","Blood Vial","Tiny Chest","qcfpunch:Wrestler\u0027s_Cloak","Frozen Egg 2","War Paint","TentaclePot:ReiMu","Bag of Marbles","DemoMod:ClearGuonStone","DemoMod:RiddleOfLead","DemoMod:BlueGuonStone","DemoMod:GlassGuonStoneRelic","Chemical X","Darkstone Periapt","qcfpunch:Necklace_of_Skulls","AT_Manta","aspiration:StickyExplosives","TheAbacus","Shuriken","OrangePellets","AT_ImmortalShieldbow","DemoMod:Bottle","AT_SpeedBoots","HandDrill","StrikeDummy","Toy Ornithopter","Orichalcum","Matryoshka","Mercury Hourglass","ClockworkSouvenir","DemoMod:WaxWing","MealTicket","REME_CardOfGreed","Pen Nib","Centennial Puzzle","AT_SunfireAegis","DollysMirror"],"acts_visited":["Exordium","TheCity","TheBeyond","Exordium"],"potions_floor_usage":[21,39,46,53],"damage_taken":[{"damage":0,"enemies":"Jaw Worm","floor":1,"turns":2},{"damage":0,"enemies":"Cultist","floor":2,"turns":2},{"damage":0,"enemies":"2 Louse","floor":4,"turns":3},{"damage":1,"enemies":"Exordium Thugs","floor":5,"turns":5},{"damage":0,"enemies":"3 Louse","floor":8,"turns":3},{"damage":0,"enemies":"2 Fungi Beasts","floor":11,"turns":3},{"damage":9,"enemies":"Large Slime","floor":12,"turns":3},{"damage":0,"enemies":"Lagavulin","floor":14,"turns":3},{"damage":0,"enemies":"Slime Boss","floor":16,"turns":3},{"damage":5,"enemies":"Chosen","floor":18,"turns":3},{"damage":0,"enemies":"3 Byrds","floor":19,"turns":3},{"damage":0,"enemies":"Centurion and Healer","floor":20,"turns":4},{"damage":0,"enemies":"Snake Plant","floor":21,"turns":3},{"damage":0,"enemies":"Chosen and Byrds","floor":22,"turns":4},{"damage":0,"enemies":"Snecko","floor":24,"turns":3},{"damage":0,"enemies":"Gremlin Leader","floor":28,"turns":3},{"damage":0,"enemies":"Automaton","floor":33,"turns":4},{"damage":5,"enemies":"3 Shapes","floor":35,"turns":2},{"damage":4,"enemies":"3 Darklings","floor":37,"turns":3},{"damage":0,"enemies":"Maw","floor":39,"turns":2},{"damage":0,"enemies":"4 Shapes","floor":46,"turns":1},{"damage":0,"enemies":"Nemesis","floor":47,"turns":3},{"damage":0,"enemies":"Jaw Worm Horde","floor":48,"turns":1},{"damage":0,"enemies":"conspire:OrnateMirror","floor":50,"turns":1},{"damage":0,"enemies":"Cultist","floor":52,"turns":1},{"damage":0,"enemies":"Jaw Worm","floor":53,"turns":1},{"damage":0,"enemies":"Small Slimes","floor":56,"turns":2}],"seed_played":"5827007909407434781","potions_obtained":[{"floor":12,"key":"Swift Potion"}],"is_trial":true,"path_per_floor":["M","M","$","M","M","R","R","M","T","$","M","M","$","E","R","B",null,"M","M","M","M","M","R","M","R","T","$","E","R","R","$","R","B",null,"M","$","M","$","M","R","R","R","T","R","$","M","E","M","R","B",null,"M","M","$","$","M","R"],"character_chosen":"The_Alterego","items_purchased":["MerchantsRug","Omamori","conspire:TreasureMap","Calipers","Meat on the Bone","Medical Kit","Eternal Feather","Whetstone","ZombieArmy","alterego_mod:BreastValley","alterego_mod:Tantrum","alterego_mod:BusterCard","FairyPotion","Sling","Lee\u0027s Waffle","Frozen Eye","Tea:ReiMu","qcfpunch:Red_Beret","Swift Potion","Blood Vial","qcfpunch:Wrestler\u0027s_Cloak","DemoMod:MeatBun","Frozen Egg 2","Swift Potion","War Paint","TentaclePot:ReiMu","Bag of Marbles","DemoMod:ClearGuonStone","DemoMod:BlueGuonStone","alterego_mod:DiscoLights+1","Chemical X","Darkstone Periapt","Apotheosis","qcfpunch:Necklace_of_Skulls","AT_Manta","aspiration:StickyExplosives","TheAbacus","alterego_mod:PresenceConcealment+1","Shuriken","OrangePellets","alterego_mod:GachaTicket+1","DemoMod:Bottle","AT_SpeedBoots","alterego_mod:Nekomimi+1","Fire Potion","HandDrill","StrikeDummy","Toy Ornithopter","alterego_mod:DiscoLights+1","Matryoshka","Mercury Hourglass","ClockworkSouvenir","MealTicket","REME_CardOfGreed","Pen Nib","alterego_mod:DiscoLights+1","Centennial Puzzle","AT_SunfireAegis","DemoMod:Deposit","DollysMirror"],"campfire_rested":0,"item_purchase_floors":[3,3,3,3,6,6,6,7,10,10,10,10,10,13,15,23,23,25,25,27,29,30,30,30,30,31,31,32,36,36,38,38,38,40,40,41,41,41,42,42,42,44,44,44,45,45,45,45,45,49,49,49,54,54,54,54,55,55,55,57],"current_hp_per_floor":[70,70,70,70,71,71,71,71,71,71,71,63,63,63,79,79,79,75,75,75,75,75,80,80,80,80,80,80,80,80,80,80,80,90,86,86,85,85,87,92,92,92,92,92,92,92,92,92,92,92,92,92,92,92,92,92,92,92],"gold":883816,"neow_bonus":"","is_daily":false,"chose_seed":false,"campfire_upgraded":0,"win_rate":0.0,"timestamp":1610449588,"path_taken":["M","M","$","M","M","R","R","M","T","$","M","M","$","E","R","BOSS","M","M","M","M","M","R","M","R","T","$","E","R","R","$","R","BOSS","M","$","M","$","M","R","R","R","T","R","$","M","E","M","R","BOSS","M","M","$","$","M","R"],"items_purchased_type":["Relic","Relic","Relic","Relic","Relic","Relic","Relic","Relic","Relic","Card","Card","Card","Potion","Relic","Relic","Relic","Relic","Relic","Potion","Relic","Relic","Relic","Relic","Potion","Relic","Relic","Relic","Relic","Relic","Card","Relic","Relic","Card","Relic","Relic","Relic","Relic","Card","Relic","Relic","Card","Relic","Relic","Card","Potion","Relic","Relic","Relic","Card","Relic","Relic","Relic","Relic","Relic","Relic","Card","Relic","Relic","Card","Relic"],"build_version":"2020-12-22","purchased_purges":22,"victory":false,"max_hp_per_floor":[70,70,70,70,71,71,71,71,71,71,71,72,72,72,79,79,79,80,80,80,80,80,80,80,80,80,80,80,80,80,80,80,80,90,91,91,92,92,92,92,92,92,92,92,92,92,92,92,92,92,92,92,92,92,92,92,92,92],"card_choices":[{"not_picked":["alterego_mod:Belle","alterego_mod:TrashNCrash"],"picked":"alterego_mod:Clap","floor":1},{"not_picked":["alterego_mod:Clap","alterego_mod:SakuraLabyrinth","alterego_mod:Smother"],"picked":"SKIP","floor":2},{"not_picked":["alterego_mod:IndependentAction","alterego_mod:Cooking"],"picked":"alterego_mod:Nekomimi","floor":4},{"not_picked":["alterego_mod:BustOut","alterego_mod:Undulate","alterego_mod:DestructionOfProperty"],"picked":"SKIP","floor":5},{"not_picked":["alterego_mod:Pet","alterego_mod:1TonWallop","alterego_mod:PurpleHair"],"picked":"SKIP","floor":8},{"not_picked":["alterego_mod:MaintainEyeContact","alterego_mod:Schoolgirl"],"picked":"alterego_mod:GoddessCore","floor":11},{"not_picked":["alterego_mod:Smother","alterego_mod:Birthday"],"picked":"alterego_mod:BreastValley","floor":12},{"not_picked":["alterego_mod:Collar","alterego_mod:Support","alterego_mod:Maid"],"picked":"SKIP","floor":14},{"not_picked":["alterego_mod:Birthday","alterego_mod:MagicResistance","alterego_mod:Belts"],"picked":"SKIP","floor":18},{"not_picked":["alterego_mod:SakuraLabyrinth","alterego_mod:MaintainEyeContact+1","alterego_mod:1TonWallop+1"],"picked":"SKIP","floor":19},{"not_picked":["alterego_mod:Jiggle","alterego_mod:Nekomimi"],"picked":"alterego_mod:DiscoLights","floor":20},{"not_picked":["alterego_mod:Complex","alterego_mod:DustData","alterego_mod:HighServant"],"picked":"SKIP","floor":21},{"not_picked":["alterego_mod:Collar","alterego_mod:Cushion+1","alterego_mod:1TonWallop+1"],"picked":"SKIP","floor":22},{"not_picked":["alterego_mod:Collar","alterego_mod:Cushion+1","alterego_mod:1TonWallop+1"],"picked":"SKIP","floor":22},{"not_picked":["alterego_mod:SakuraFive","alterego_mod:Undulate","alterego_mod:Smother"],"picked":"SKIP","floor":24},{"not_picked":["alterego_mod:Jiggle","alterego_mod:GoddessCore+1","alterego_mod:BusterCard"],"picked":"SKIP","floor":28},{"not_picked":["alterego_mod:PresenceConcealment+1","alterego_mod:SakuraFive","alterego_mod:Cycle"],"picked":"SKIP","floor":35},{"not_picked":["alterego_mod:Support+1","alterego_mod:DeftHands+1"],"picked":"alterego_mod:GoddessCore+1","floor":37},{"not_picked":["alterego_mod:Mirror","alterego_mod:SakuraPetals"],"picked":"alterego_mod:BreastValley+1","floor":39},{"not_picked":["alterego_mod:Belts","alterego_mod:Cycle+1","alterego_mod:Weigh"],"picked":"SKIP","floor":46},{"not_picked":["alterego_mod:Swimsuit+1","alterego_mod:MagicResistance+1"],"picked":"alterego_mod:Palingenesis+1","floor":47},{"not_picked":["alterego_mod:Undulate","alterego_mod:HighServant+1"],"picked":"alterego_mod:Cushion+1","floor":48},{"not_picked":["alterego_mod:BiFurious","alterego_mod:Mirror","alterego_mod:Complex"],"picked":"SKIP","floor":52},{"not_picked":["alterego_mod:Punishment+1","alterego_mod:1TonWallop","alterego_mod:Smother+1"],"picked":"SKIP","floor":53},{"not_picked":["alterego_mod:SakuraLabyrinth","alterego_mod:TrashNCrash","alterego_mod:BustOut+1"],"picked":"SKIP","floor":56}],"player_experience":360236,"relics_obtained":[{"floor":9,"key":"HornCleat"},{"floor":26,"key":"AT_RedTearstoneRing"},{"floor":28,"key":"Tiny Chest"},{"floor":43,"key":"AT_ImmortalShieldbow"},{"floor":47,"key":"Orichalcum"}],"event_choices":[],"is_beta":false,"boss_relics":[{"not_picked":["Runic Dome","Astrolabe","Fusion Hammer"]},{"not_picked":["Philosopher\u0027s Stone","EasyGame_NEW"],"picked":"DemoMod:RiddleOfLead"},{"not_picked":["qcfpunch:Killian_Engine_Alpha","SlaversCollar"],"picked":"DemoMod:WaxWing"}],"items_purged_floors":[3,6,7,10,13,15,23,25,27,29,30,36,38,40,41,42,44,45,49,54,55,57],"is_endless":true,"potions_floor_spawned":[5,8,12,16,20,24,37,46,50,56],"ascension_level":0}}