{"host":"2zc57igszyqgae0y","time":1610428067,"event":{"mods":["ATMod(°¢èªMod)","Act Like it!","Aspiration","BaseMod","Chen","Gensokyo","GifTheSpireLib","Koishi","Marisa£¨ìFÓê¡¡Ä§ÀíÉ³£©","Minty Spire (QoL Compilation)","Rare Cards Sparkle","Reimu£¨²©ÀöÁéÃÎ£©","Remilia£¨ÀÙÃ×ÀòÑÇ£©","Replay The Spire","RumiaBox-Â¶Ã×æ«µÄÉñÃØºÐ×Ó","Shop Mod","StSLib","The Administrix","The Servant 0.9.4","Youmu£¨»êÆÇÑýÃÎ£©","[IsaacMod]ÒÔÈö¼âËþ","[µØ¾«Ê×ÁìÅÀËþ]The Maniac","vexMod"],"gold_per_floor":[116,116,116,126,126,126,126,141,220,235,235,247,247,247,264,264,264,365,365,385,405,405,405,405],"floor_reached":23,"playtime":1139,"items_purged":[],"score":181,"play_id":"267fcf0c-c2e0-4901-a92c-4e04817b1f5d","local_time":"20210112130747","is_ascension_mode":false,"campfire_choices":[{"data":"Koishi:Untouchable","floor":6.0,"key":"SMITH"},{"floor":17,"key":"REST"}],"circlet_count":0,"master_deck":["Koishi:BasicStrike","Koishi:BasicStrike","Koishi:BasicStrike","Koishi:BasicStrike","Koishi:BasicDefend","Koishi:BasicDefend","Koishi:BasicDefend","Koishi:BasicDefend+1","Koishi:Provoke","Koishi:HauntingSlash","AT_FamilyPortrait","Koishi:Untouchable+1","Amnesia","Koishi:DanmakuParanoia","Koishi:DreadfulBlow","Koishi:GrowingPain","Koishi:BloodcurdlingScream+1","Koishi:JumpScare+1"],"relics":["Koishi:ImaginaryFriend","HushsDoor","AT_ATBox","PokeGo","NeowsBlessing","ReplayTheSpireMod:Ring of Exchange","The Courier","Ccalipers","SteamSale","Prayer Wheel"],"acts_visited":["Exordium","TheCity"],"potions_floor_usage":[18,23,23],"damage_taken":[{"damage":0.0,"enemies":"Jaw Worm","floor":1.0,"turns":1.0},{"damage":0.0,"enemies":"Cultist","floor":4.0,"turns":1.0},{"damage":0,"enemies":"2 Louse","floor":8,"turns":1},{"damage":13,"enemies":"Exordium Wildlife","floor":10,"turns":6},{"damage":8,"enemies":"Large Slime","floor":12,"turns":13},{"damage":0,"enemies":"3 Louse","floor":15,"turns":4},{"damage":24,"enemies":"Fading Forest","floor":18,"turns":11},{"damage":0,"enemies":"Chosen","floor":20,"turns":5},{"damage":8,"enemies":"Shell Parasite","floor":21,"turns":8},{"damage":51,"enemies":"Sentry and Sphere","floor":23,"turns":9}],"seed_played":"-3671625818982217312","potions_obtained":[{"floor":7,"key":"SteroidPotion"},{"floor":10,"key":"Venom Potion"},{"floor":15,"key":"Languid Potion"},{"floor":20,"key":"SpeedPotion"}],"is_trial":false,"path_per_floor":["M","?","$","M","?","R","?","M","T","M","?","M","PTL","PTL","M","?","R","B",null,"M","M","?","M"],"character_chosen":"KOISHI","items_purchased":[],"campfire_rested":1,"item_purchase_floors":[],"current_hp_per_floor":[60,60,60,60,60,60,60,60,60,49,55,50,50,50,51,36,54,35,60,60,57,47,0,0],"gold":405,"neow_bonus":"THREE_ENEMY_KILL","is_daily":false,"chose_seed":false,"campfire_upgraded":1,"win_rate":0.0,"timestamp":1610428067,"path_taken":["M","?","$","M","?","R","?","M","T","M","?","M","PTL","PTL","?","?","R","BOSS","M","M","?","M"],"items_purchased_type":[],"build_version":"2020-12-22","purchased_purges":0,"victory":false,"max_hp_per_floor":[60,60,60,60,60,60,60,60,60,60,60,60,60,60,60,60,60,60,60,60,60,65,65,65],"card_choices":[{"not_picked":["Koishi:SpiritedAway","Koishi:JumpScare","Koishi:HeartStoppingHorror"],"picked":"SKIP","floor":1.0},{"not_picked":["Koishi:JumpScare","Koishi:TraumaticStroke"],"picked":"Koishi:Untouchable","floor":4.0},{"not_picked":["Koishi:GeneticsOfTheUnconscious","Koishi:FidgetySnatcher"],"picked":"Koishi:DanmakuParanoia","floor":8},{"not_picked":["Koishi:FourthEye","Koishi:BloodcurdlingScream","Koishi:HeartAttack"],"picked":"SKIP","floor":10},{"not_picked":["Koishi:Catatonia","Koishi:FleetingPhantom","Koishi:SuperEgo"],"picked":"SKIP","floor":12},{"not_picked":["Koishi:Prune","Koishi:EmbryosDream"],"picked":"Koishi:DreadfulBlow","floor":15},{"not_picked":["Koishi:SuperEgo","Koishi:RollingInRichesHeart"],"picked":"Koishi:GrowingPain","floor":18},{"not_picked":["Koishi:PhantomStrike","Koishi:Catatonia"],"picked":"Koishi:BloodcurdlingScream+1","floor":20},{"not_picked":["Koishi:SubterraneanRose","Koishi:Jaunt"],"picked":"Koishi:JumpScare+1","floor":21}],"player_experience":362700,"relics_obtained":[{"floor":5.0,"key":"ReplayTheSpireMod:Ring of Exchange"},{"floor":9,"key":"The Courier"}],"event_choices":[{"damage_healed":0,"gold_gain":0,"player_choice":"Shed Blood","damage_taken":15,"max_hp_gain":5,"max_hp_loss":0,"event_name":"Forgotten Altar","floor":22,"gold_loss":0}],"is_beta":false,"boss_relics":[{"not_picked":["Koishi:ColorfulDays","EasyGame_NEW"],"picked":"SteamSale"},{"not_picked":[]}],"items_purged_floors":[],"is_endless":false,"potions_floor_spawned":[10,15,20],"killed_by":"Sentry and Sphere","ascension_level":0}}