{"host":"ju72hehuqt4nkzh9","time":1610413369,"event":{"mods":["Aspiration","BaseMod","BetterRewards","Downfall","Minty Spire (QoL Compilation)","Retaliation","StSLib"],"gold_per_floor":[116,47,47,47,12,12,38,56,105,105,132,144,144,195,195,297,297,313,313,313,5,23,23,52,52,52,52,77,96,96,115,115,216,216,228,247,0,10,10,35,52,72,97,97,127,127,154,171,171,171],"floor_reached":51,"playtime":3974,"items_purged":["Strike_G","Defend_G"],"score":1089,"play_id":"fe9aaebf-fd59-4593-b4bc-4ab253d7fede","local_time":"20210112140249","is_ascension_mode":true,"campfire_choices":[{"data":"Cloak And Dagger","floor":6.0,"key":"SMITH"},{"data":"Neutralize","floor":10.0,"key":"SMITH"},{"data":"Blade Dance","floor":13.0,"key":"SMITH"},{"data":"PiercingWail","floor":15.0,"key":"SMITH"},{"data":"Survivor","floor":23.0,"key":"SMITH"},{"data":"Backflip","floor":25.0,"key":"SMITH"},{"data":"Leg Sweep","floor":30.0,"key":"SMITH"},{"data":"Blur","floor":32.0,"key":"SMITH"},{"data":"Phantasmal Killer","floor":44,"key":"SMITH"},{"data":"Accuracy","floor":46,"key":"SMITH"},{"data":"sneckomod:UnknownBlock","floor":49,"key":"SMITH"}],"circlet_count":0,"master_deck":["Strike_G","Strike_G","Strike_G","Strike_G","Defend_G","Defend_G+1","Defend_G","Defend_G","Survivor+1","Neutralize+1","Concentrate","Dagger Spray","Panache","Accuracy","Slice+1","Deflect+1","Finesse","Prepared","Cloak And Dagger+1","Accuracy+1","Finisher+1","PiercingWail+1","Escape Plan","Blade Dance+1","Phantasmal Killer+1","Escape Plan","PiercingWail+1","Backflip+1","Accuracy","Blur+1","Prostrate+1","Flex","Leg Sweep+1","Dark Shackles","sneckomod:UnknownBlock+1","sneckomod:UnknownWeak+1"],"relics":["Ring of the Snake","Sling","Meat on the Bone","OrangePellets","aspiration:SeaSaltIceCream","Calipers","Whetstone","aspiration:HiddenCompartment","Happy Flower","Runic Pyramid","PrismaticShard","Oddly Smooth Stone","aspiration:Nostalgia","Burning Blood","Sundial","Strawberry","aspiration:WatcherSkillbook","Red Mask","Tingsha","Vajra","aspiration:HummingbirdHeart","Nunchaku"],"acts_visited":["Exordium","TheCity","TheBeyond"],"potions_floor_usage":[48,50],"damage_taken":[{"damage":0.0,"enemies":"2 Louse","floor":1.0,"turns":2.0},{"damage":0.0,"enemies":"3 Sentries","floor":7.0,"turns":4.0},{"damage":0.0,"enemies":"Jaw Worm","floor":8.0,"turns":3.0},{"damage":30.0,"enemies":"Gremlin Nob","floor":11.0,"turns":4.0},{"damage":0.0,"enemies":"Small Slimes","floor":12.0,"turns":1.0},{"damage":31.0,"enemies":"The Guardian","floor":16.0,"turns":8.0},{"damage":4.0,"enemies":"3 Byrds","floor":18.0,"turns":5.0},{"damage":0.0,"enemies":"Spheric Guardian","floor":22.0,"turns":3.0},{"damage":1.0,"enemies":"Book of Stabbing","floor":24.0,"turns":6.0},{"damage":0.0,"enemies":"Gremlin Leader","floor":28.0,"turns":8.0},{"damage":5.0,"enemies":"Centurion and Healer","floor":29.0,"turns":5.0},{"damage":0.0,"enemies":"Snecko","floor":31.0,"turns":3.0},{"damage":8.0,"enemies":"Automaton","floor":33.0,"turns":7.0},{"damage":8,"enemies":"3 Darklings","floor":35,"turns":6},{"damage":0,"enemies":"Orb Walker","floor":36,"turns":3},{"damage":0,"enemies":"Maw","floor":38,"turns":7},{"damage":20,"enemies":"Reptomancer","floor":40,"turns":4},{"damage":0,"enemies":"Writhing Mass","floor":41,"turns":6},{"damage":16,"enemies":"3 Darklings","floor":42,"turns":5},{"damage":4,"enemies":"Giant Head","floor":45,"turns":6},{"damage":0,"enemies":"Nemesis","floor":47,"turns":5},{"damage":21,"enemies":"Transient","floor":48,"turns":5},{"damage":20,"enemies":"Awakened One","floor":50,"turns":8}],"seed_played":"4728509068375166125","potions_obtained":[{"floor":7.0,"key":"DDmod:CleansePotion"},{"floor":12.0,"key":"Poison Potion"},{"floor":18.0,"key":"FearPotion"},{"floor":24.0,"key":"sneckomod:MuddlingPotion"},{"floor":35,"key":"sneckomod:MuddlingPotion"},{"floor":47,"key":"Block Potion"},{"floor":48,"key":"Dexterity Potion"}],"is_trial":false,"path_per_floor":["M","$","?","?","?","R","E","M","T","R","E","M","R","T","R","B",null,"M","?","?","$","M","R","E","R","T","?","E","M","R","M","R","B",null,"M","M","?","M","?","E","M","M","T","R","E","R","E","M","R","B",null],"character_chosen":"THE_SILENT","items_purchased":["Sling","Concentrate","Dagger Spray","Panache","Accuracy","Meat on the Bone","Slice","Deflect","Finesse","Prepared","OrangePellets","Accuracy","Backflip","Accuracy","aspiration:Nostalgia","Blur"],"campfire_rested":0,"item_purchase_floors":[0,0,0,0,0,0,0,0,0,0,0,2,21,21,21,21],"current_hp_per_floor":[40,40,26,31,49,49,49,49,49,49,31,43,43,43,43,24,62,58,50,50,50,56,56,61,61,61,61,74,75,75,81,81,79,81,79,82,82,82,92,78,84,74,74,74,80,80,86,71,71,57],"gold":171,"neow_bonus":"","is_daily":false,"chose_seed":false,"campfire_upgraded":11,"win_rate":0.0,"timestamp":1610413369,"path_taken":["M","$","?","?","?","R","E","M","T","R","E","M","R","?","R","BOSS","M","?","?","$","M","R","E","R","T","?","E","M","R","M","R","BOSS","M","M","?","M","?","E","M","M","T","R","E","R","E","?","R","BOSS"],"items_purchased_type":["Relic","Card","Card","Card","Card","Relic","Card","Card","Card","Card","Relic","Card","Card","Card","Relic","Card"],"build_version":"2020-12-22","purchased_purges":2,"victory":true,"max_hp_per_floor":[70,70,70,75,75,75,75,75,75,75,75,75,75,75,75,75,75,75,75,75,75,75,75,75,75,75,75,82,82,82,82,82,82,82,82,82,82,82,92,92,92,92,92,92,92,92,92,92,92,92],"card_choices":[{"not_picked":["Underhanded Strike","Expertise"],"picked":"Cloak And Dagger","floor":1.0},{"not_picked":["Bouncing Flask","Acrobatics"],"picked":"Finisher","floor":7.0},{"not_picked":["Well Laid Plans","Heel Hook"],"picked":"PiercingWail","floor":8.0},{"not_picked":["Skewer","Deadly Poison"],"picked":"Escape Plan","floor":11.0},{"not_picked":["Poisoned Stab","Tactician"],"picked":"Blade Dance","floor":12.0},{"not_picked":["Grand Finale","Night Terror"],"picked":"Phantasmal Killer","floor":16.0},{"not_picked":["Crippling Poison","Riddle With Holes"],"picked":"Escape Plan","floor":18.0},{"not_picked":["Tactician","Dagger Throw"],"picked":"PiercingWail+1","floor":19.0},{"not_picked":["Slimebound:SplitMire+1","ClearTheMind"],"picked":"Prostrate+1","floor":22.0},{"not_picked":["hexamod:StepThrough","hexamod:GhostLash+1"],"picked":"Flex","floor":24.0},{"not_picked":["Acrobatics","SashWhip","Slimebound:DivideAndConquer+1"],"picked":"SKIP","floor":28.0},{"not_picked":["DDmod:PokeAttack","Dagger Spray+1","Guardian:VentSteam+1"],"picked":"SKIP","floor":29.0},{"not_picked":["Sunder","Guardian:ShieldCharger"],"picked":"Dark Shackles","floor":31.0},{"not_picked":["DDmod:PotionAddictCard","Scrawl"],"picked":"DeusExMachina","floor":33.0},{"not_picked":["Prostrate+1","sneckomod:QuickMove+1","expansioncontent:Flail"],"picked":"sneckomod:UnknownBlock","floor":35},{"not_picked":["Intimidate+1","hexamod:ThermalTransfer+1","FlyingSleeves","Slimebound:ComboTackle"],"picked":"SKIP","floor":36},{"not_picked":["champ:SkillfulDodge","Guardian:Gem_Cyan","FlyingSleeves","DDmod:PokeAttack+1"],"picked":"SKIP","floor":38},{"not_picked":["Static Discharge+1","Crescendo","Shrug It Off","Guardian:Recover+1"],"picked":"SKIP","floor":40},{"not_picked":["Bane","JustLucky+1","Slimebound:SpikyOuterGoop","sneckomod:Nope+1"],"picked":"SKIP","floor":41},{"not_picked":["Anger","hexamod:Firestarter+1","Guardian:VentSteam"],"picked":"sneckomod:UnknownWeak+1","floor":42},{"not_picked":["champ:ShieldSlam","Guardian:Gem_Red","Slimebound:Nibble+1","DDmod:SpikeInjectionSkill"],"picked":"SKIP","floor":45},{"not_picked":["Guardian:Preprogram+1","Guardian:CrystalBeam","Headbutt+1","hexamod:EmpoweredFlame+1"],"picked":"SKIP","floor":47},{"not_picked":["Poisoned Stab+1","hexamod:HauntingEcho","Streamline+1","Shrug It Off"],"picked":"SKIP","floor":48}],"player_experience":353277,"relics_obtained":[{"floor":7.0,"key":"aspiration:SeaSaltIceCream"},{"floor":9.0,"key":"Whetstone"},{"floor":11.0,"key":"aspiration:HiddenCompartment"},{"floor":14.0,"key":"Happy Flower"},{"floor":19.0,"key":"PrismaticShard"},{"floor":24.0,"key":"Sundial"},{"floor":28.0,"key":"Strawberry"},{"floor":40,"key":"Tingsha"},{"floor":43,"key":"Vajra"},{"floor":45,"key":"aspiration:HummingbirdHeart"},{"floor":47,"key":"Nunchaku"}],"event_choices":[{"damage_healed":0.0,"max_hp_gain":0.0,"max_hp_loss":0.0,"gold_gain":0.0,"event_name":"Shining Light","player_choice":"Entered Light","floor":3.0,"gold_loss":0.0,"damage_taken":14.0,"cards_upgraded":["Defend_G","Deflect"]},{"damage_healed":0.0,"max_hp_gain":5.0,"max_hp_loss":0.0,"gold_gain":0.0,"event_name":"Big Fish","player_choice":"Donut","floor":4.0,"gold_loss":0.0,"damage_taken":0.0},{"damage_healed":18.0,"max_hp_gain":0.0,"max_hp_loss":0.0,"gold_gain":0.0,"event_name":"The Cleric","player_choice":"Healed","floor":5.0,"gold_loss":35.0,"damage_taken":0.0},{"damage_healed":0.0,"max_hp_gain":0.0,"max_hp_loss":0.0,"gold_gain":0.0,"event_name":"The Library","player_choice":"Read","floor":27.0,"gold_loss":0.0,"damage_taken":0.0,"cards_obtained":["Leg Sweep"]},{"damage_healed":0,"gold_gain":0,"player_choice":"Paid","damage_taken":0,"relics_obtained":["Red Mask"],"max_hp_gain":0,"max_hp_loss":0,"event_name":"Tomb of Lord Red Mask","floor":37,"gold_loss":247},{"cards_removed":["DeusExMachina"],"damage_healed":0,"gold_gain":0,"player_choice":"Offered Rare","damage_taken":0,"max_hp_gain":10,"max_hp_loss":0,"event_name":"Bonfire Elementals","floor":39,"gold_loss":0}],"is_beta":false,"boss_relics":[{"not_picked":["Tiny House","aspiration:RitualDagger"],"picked":"Runic Pyramid"},{"not_picked":["Ring of the Serpent","aspiration:DefectSkillbook"],"picked":"aspiration:WatcherSkillbook"}],"items_purged_floors":[0,0],"is_endless":false,"potions_floor_spawned":[7,12,18,24,35,38,47,48],"ascension_level":5}}