{"host":"axuns55dzq466eei","time":1610462481,"event":{"mods":["BaseMod","Colored Map","Keyboard Shortcuts","Minty Spire (QoL Compilation)","StSLib","SuperFastMode"],"gold_per_floor":[112,130,55,55,55,55,80,80,104,29,41,66,81,96,96,169,169,183,73,73,73,85,85,101,101,101,119,169,9,9,27,27,100,100,112,130,110,121,140,140,151,151,151,151,176,196,216,216,216],"floor_reached":48,"playtime":1507,"items_purged":["Strike_B"],"score":938,"play_id":"da290490-81e6-4f7b-9a94-7fb3b2bb926b","local_time":"20210112234121","is_ascension_mode":true,"campfire_choices":[{"data":"Streamline","floor":6,"key":"SMITH"},{"data":"Defragment","floor":8,"key":"SMITH"},{"data":"Redo","floor":15,"key":"SMITH"},{"data":"Recycle","floor":23,"key":"SMITH"},{"floor":25,"key":"REST"},{"data":"Dualcast","floor":30,"key":"SMITH"},{"data":"Buffer","floor":32,"key":"SMITH"},{"data":"Coolheaded","floor":40,"key":"SMITH"}],"circlet_count":0,"master_deck":["AscendersBane","Defend_B","Defend_B","Zap","Dualcast+1","Recycle+1","Streamline+1","Defragment+1","Beam Cell","Undo","Redo+1","Buffer+1","Coolheaded+1","Reinforced Body","Force Field","Reboot","Aggregate+1","BootSequence+1","Hologram+1","Doom and Gloom+1","Seek","Parasite","Turbo+1"],"relics":["FrozenCore","NeowsBlessing","Lizard Tail","Vajra","Symbiotic Virus","Boot","HornCleat","Mercury Hourglass","Lee\u0027s Waffle","Astrolabe","Ice Cream"],"acts_visited":["Exordium","TheCity","TheBeyond"],"potions_floor_usage":[16,16,27,27,33],"damage_taken":[{"damage":0,"enemies":"Cultist","floor":1,"turns":1},{"damage":0,"enemies":"Small Slimes","floor":2,"turns":1},{"damage":0,"enemies":"Lagavulin","floor":7,"turns":1},{"damage":9,"enemies":"Jaw Worm","floor":11,"turns":3},{"damage":8,"enemies":"Gremlin Nob","floor":12,"turns":3},{"damage":0,"enemies":"2 Fungi Beasts","floor":13,"turns":3},{"damage":14,"enemies":"Lots of Slimes","floor":14,"turns":5},{"damage":18,"enemies":"Slime Boss","floor":16,"turns":6},{"damage":8,"enemies":"Chosen","floor":18,"turns":5},{"damage":11,"enemies":"Spheric Guardian","floor":22,"turns":4},{"damage":24,"enemies":"Snake Plant","floor":24,"turns":7},{"damage":31,"enemies":"Cultist and Chosen","floor":27,"turns":6},{"damage":0,"enemies":"Chosen and Byrds","floor":31,"turns":8},{"damage":69,"enemies":"Collector","floor":33,"turns":12},{"damage":0,"enemies":"3 Darklings","floor":35,"turns":8},{"damage":0,"enemies":"Orb Walker","floor":36,"turns":6},{"damage":39,"enemies":"Spire Growth","floor":38,"turns":7},{"damage":31,"enemies":"Transient","floor":39,"turns":6},{"damage":0,"enemies":"Writhing Mass","floor":41,"turns":6},{"damage":0,"enemies":"Mind Bloom Boss Battle","floor":45,"turns":11},{"damage":31,"enemies":"Spire Growth","floor":46,"turns":6},{"damage":0,"enemies":"Maw","floor":47,"turns":9},{"damage":27,"enemies":"Transient","floor":48,"turns":5}],"seed_played":"-8161644345249579481","potions_obtained":[{"floor":2,"key":"Regen Potion"},{"floor":13,"key":"FocusPotion"},{"floor":22,"key":"Swift Potion"},{"floor":24,"key":"PowerPotion"},{"floor":27,"key":"SkillPotion"},{"floor":35,"key":"FocusPotion"},{"floor":37,"key":"PotionOfCapacity"}],"is_trial":false,"path_per_floor":["M","M","?","?","?","R","E","R","T","$","M","E","M","M","R","B",null,"M","?","$","T","M","R","M","R","T","M","?","$","R","M","R","B",null,"M","M","?","M","M","R","M","?","T","$","?","M","M","M"],"character_chosen":"DEFECT","items_purchased":["Lee\u0027s Waffle"],"campfire_rested":1,"item_purchase_floors":[29],"current_hp_per_floor":[64,64,64,64,71,71,71,71,71,71,62,54,54,40,40,37,63,55,55,55,55,44,44,20,41,41,10,10,78,78,78,78,9,61,61,61,61,22,39,39,39,39,39,39,39,8,8,0,0],"gold":216,"neow_bonus":"THREE_ENEMY_KILL","is_daily":false,"chose_seed":false,"campfire_upgraded":7,"win_rate":0.0,"timestamp":1610462481,"path_taken":["M","M","?","?","?","R","E","R","T","$","?","E","M","M","R","BOSS","M","?","$","?","?","R","M","R","T","M","?","$","R","?","R","BOSS","M","M","?","M","?","R","M","?","T","$","?","M","?","M"],"items_purchased_type":["Relic"],"build_version":"2020-12-22","purchased_purges":1,"victory":false,"max_hp_per_floor":[71,71,71,71,71,71,71,71,71,71,71,71,71,71,71,71,71,71,71,71,71,71,71,71,71,71,71,71,78,78,78,78,78,78,78,78,78,78,78,78,78,74,74,74,74,74,74,74,74],"card_choices":[{"not_picked":["Beam Cell","Steam"],"picked":"Recycle","floor":1},{"not_picked":["FTL","Lockon"],"picked":"Streamline","floor":2},{"not_picked":["FTL","Compile Driver"],"picked":"Defragment","floor":7},{"not_picked":["Sweeping Beam","Stack"],"picked":"Beam Cell","floor":11},{"not_picked":["Aggregate","Stack"],"picked":"Undo","floor":12},{"not_picked":["Amplify","Turbo","Aggregate"],"picked":"SKIP","floor":13},{"not_picked":["Sunder","Go for the Eyes"],"picked":"Redo","floor":14},{"not_picked":["Rainbow","Hyperbeam"],"picked":"Buffer","floor":16},{"not_picked":["Steam","Redo+1","Scrape"],"picked":"SKIP","floor":18},{"not_picked":["Rebound","Ball Lightning"],"picked":"Coolheaded","floor":22},{"not_picked":["Cold Snap","Auto Shields"],"picked":"Reinforced Body","floor":24},{"not_picked":["Sweeping Beam+1","Coolheaded","Redo"],"picked":"SKIP","floor":27},{"not_picked":["Stack","Beam Cell"],"picked":"Force Field","floor":31},{"not_picked":["Hyperbeam","Electrodynamics"],"picked":"Reboot","floor":33},{"not_picked":["Leap+1","Steam+1","Go for the Eyes"],"picked":"SKIP","floor":35},{"not_picked":["Hologram","Go for the Eyes"],"picked":"Doom and Gloom+1","floor":36},{"not_picked":["Beam Cell","Stack+1"],"picked":"Seek","floor":38},{"not_picked":["Leap","Hello World","Chill"],"picked":"SKIP","floor":39},{"not_picked":["Recycle","Turbo","Melter+1"],"picked":"SKIP","floor":41},{"not_picked":["Beam Cell","BootSequence","Redo"],"picked":"SKIP","floor":46},{"not_picked":["Aggregate","Steam"],"picked":"Turbo+1","floor":47}],"player_experience":1072838,"relics_obtained":[{"floor":7,"key":"Lizard Tail"},{"floor":9,"key":"Vajra"},{"floor":12,"key":"Symbiotic Virus"},{"floor":21,"key":"HornCleat"},{"floor":26,"key":"Mercury Hourglass"},{"floor":45,"key":"Ice Cream"}],"event_choices":[{"cards_removed":["Strike_B"],"damage_healed":0,"gold_gain":0,"player_choice":"Card Removal","damage_taken":0,"max_hp_gain":0,"max_hp_loss":0,"event_name":"The Cleric","floor":3,"gold_loss":75},{"cards_removed":["Defend_B"],"damage_healed":0,"gold_gain":0,"player_choice":"Forget","damage_taken":0,"max_hp_gain":0,"max_hp_loss":0,"event_name":"Living Wall","floor":4,"gold_loss":0},{"damage_healed":7,"gold_gain":0,"player_choice":"Full Heal","damage_taken":0,"max_hp_gain":0,"max_hp_loss":0,"event_name":"Wheel of Change","floor":5,"gold_loss":0},{"damage_healed":0,"gold_gain":0,"player_choice":"Paid Gold","damage_taken":0,"relics_obtained":["Boot"],"max_hp_gain":0,"max_hp_loss":0,"event_name":"WeMeetAgain","floor":19,"gold_loss":110},{"damage_healed":0,"gold_gain":100,"player_choice":"Bet on Murderer","damage_taken":0,"max_hp_gain":0,"max_hp_loss":0,"event_name":"The Joust","floor":28,"gold_loss":50},{"damage_healed":0,"gold_gain":0,"player_choice":"Bought 1 Potion","damage_taken":0,"max_hp_gain":0,"max_hp_loss":0,"event_name":"The Woman in Blue","floor":37,"gold_loss":0},{"damage_healed":0,"gold_gain":0,"player_choice":"Max HP","damage_taken":0,"max_hp_gain":0,"max_hp_loss":4,"event_name":"Winding Halls","floor":42,"gold_loss":0},{"damage_healed":0,"gold_gain":0,"player_choice":"Fight","damage_taken":0,"max_hp_gain":0,"max_hp_loss":0,"event_name":"MindBloom","floor":45,"gold_loss":0}],"is_beta":false,"boss_relics":[{"not_picked":["Ectoplasm","Runic Dome"],"picked":"FrozenCore"},{"not_picked":["Busted Crown","Runic Pyramid"],"picked":"Astrolabe"}],"items_purged_floors":[10],"is_endless":false,"potions_floor_spawned":[2,13,14,22,24,27,35,46],"killed_by":"Transient","ascension_level":20}}