{"host":"guwca93h2ke9l2g3","time":1610433074,"event":{"mods":["2.2 Compatiblity","BaseMod","Better Skull","Colored Powertips","Downfall","GungeonMod","Hermit","HololiveMod","Jorbs\u0027s Wanderer Trilogy","Lobotomy","Marked Mod","Minty Spire (QoL Compilation)","MostiFishMod","Potionbrewer","Prisma Mod","Quick Restart","Relic Stats","Replay The Spire","Spicy Shops","StSLib","The Animator","The Bug Knight","The Cursed","The Runesmith","The Servant 0.9.4","TheVacant","Waifu the Spire","WarShipGirlsR/????R mod"],"gold_per_floor":[114,132,144,160,45,79,90,90,90,90,109,34,34,70,70,70,70],"floor_reached":16,"playtime":1382,"items_purged":["DemoMod:RustySidearm"],"score":140,"play_id":"517ea952-b00d-45bd-94bd-f622edcf22ad","local_time":"20210112003114","is_ascension_mode":true,"campfire_choices":[{"data":"DemoMod:Casey","floor":10,"key":"SMITH"},{"data":"DemoMod:Replace","floor":13,"key":"SMITH"},{"data":"DemoMod:Replace","floor":15,"key":"SMITH"}],"circlet_count":0,"master_deck":["DemoMod:Strike_Huntress","DemoMod:Strike_Huntress","DemoMod:Strike_Huntress","DemoMod:Defend_Huntress","DemoMod:Defend_Huntress","DemoMod:Defend_Huntress","DemoMod:Defend_Huntress","DemoMod:Roll","DemoMod:ManualReload","DemoMod:CrossBow","DemoMod:Casey+1","DemoMod:Replace+1","DemoMod:Casey","DemoMod:Evolver","DemoMod:ConditionalReflex","DemoMod:SpreadAmmo","DemoMod:Replace+1","DemoMod:Replace"],"relics":["DaveBox","NightmareShop","DemoMod:Test1","SynthV:TestCard","DemoMod:GnawedKey","SynthV:C4","Regal Pillow"],"acts_visited":["Exordium"],"potions_floor_usage":[4,16,16,16],"damage_taken":[{"damage":1,"enemies":"Cultist","floor":1,"turns":3},{"damage":0,"enemies":"Small Slimes","floor":2,"turns":1},{"damage":0,"enemies":"Jaw Worm","floor":3,"turns":2},{"damage":1,"enemies":"Large Slime","floor":4,"turns":4},{"damage":14,"enemies":"3 Sentries","floor":6,"turns":6},{"damage":0,"enemies":"Blue Slaver","floor":7,"turns":1},{"damage":4,"enemies":"Gremlin Gang","floor":11,"turns":3},{"damage":2,"enemies":"Gremlin Nob","floor":14,"turns":2},{"damage":17,"enemies":"Hexaghost","floor":16,"turns":7}],"seed_played":"3465243579335227983","potions_obtained":[{"floor":1,"key":"potionbrewer:AcidPotion"},{"floor":2,"key":"Elixir"},{"floor":4,"key":"SpeedPotion"},{"floor":11,"key":"EssenceOfSteel"}],"is_trial":false,"path_per_floor":["M","M","M","M","$","E","M","?","T","R","M","$","R","E","R","B"],"character_chosen":"HUNTRESS","items_purchased":["DemoMod:GnawedKey"],"campfire_rested":0,"item_purchase_floors":[5],"current_hp_per_floor":[69,69,69,68,68,54,54,27,27,27,23,23,23,21,21,4,4],"gold":70,"neow_bonus":"BOSS_RELIC","is_daily":false,"chose_seed":false,"campfire_upgraded":3,"win_rate":0.0,"timestamp":1610433074,"path_taken":["M","M","M","M","?","E","M","?","T","R","M","?","R","E","R","BOSS"],"items_purchased_type":["Relic"],"build_version":"2020-12-22","purchased_purges":1,"victory":false,"max_hp_per_floor":[70,70,70,70,70,70,70,70,70,70,70,70,70,70,70,70,70],"relic_stats":{"Regal Pillow":0,"counters":[9,29],"obtain_stats":[{"Regal Pillow":14,"SynthV:TestCard":1,"DemoMod:Dog":0,"DaveBox":0,"NightmareShop":0,"DemoMod:GlassGuonStoneRelic":1,"DemoMod:GnawedKey":5,"SynthV:C4":6,"DemoMod:Test1":0},{"Regal Pillow":8,"SynthV:TestCard":1,"DemoMod:Dog":0,"DaveBox":0,"NightmareShop":0,"DemoMod:GlassGuonStoneRelic":1,"DemoMod:GnawedKey":4,"SynthV:C4":5,"DemoMod:Test1":0},{"Regal Pillow":22,"SynthV:TestCard":3,"DemoMod:Dog":0,"DaveBox":0,"NightmareShop":0,"DemoMod:GlassGuonStoneRelic":3,"DemoMod:GnawedKey":10,"SynthV:C4":16,"DemoMod:Test1":0}]},"card_choices":[{"not_picked":["DemoMod:FortunesFavor","DemoMod:Replace"],"picked":"DemoMod:Casey","floor":1},{"not_picked":["DemoMod:JK47","DemoMod:TableSutra","DemoMod:GunstockTap","DemoMod:ProbeStrike","DemoMod:ThirdPartyController"],"picked":"SKIP","floor":2},{"not_picked":["DemoMod:JK47","DemoMod:HardPowerCard","DemoMod:ChanceBullets","DemoMod:StickyCrossBow"],"picked":"DemoMod:Replace","floor":3},{"not_picked":["DemoMod:AC15","DemoMod:DirectionalPad","DemoMod:JK47","DemoMod:PotionOfGunFriendShip"],"picked":"DemoMod:Casey","floor":4},{"not_picked":["DemoMod:Unmoved","DemoMod:HuntsMan","DemoMod:HardPowerCard","DemoMod:SAA"],"picked":"DemoMod:Evolver","floor":6},{"not_picked":["DemoMod:HardPowerCard","DemoMod:Casey","DemoMod:StickyCrossBow","DemoMod:SAA"],"picked":"DemoMod:ConditionalReflex","floor":7},{"not_picked":["DemoMod:BattleInHaste","DemoMod:ZorGun","DemoMod:Casey","DemoMod:MegaHand"],"picked":"DemoMod:Replace","floor":11},{"not_picked":["DemoMod:LifeOrb","DemoMod:TeaPot","DemoMod:TripleGun","DemoMod:RadGun"],"picked":"DemoMod:Replace","floor":14}],"player_experience":302551,"relics_obtained":[{"floor":1,"key":"SynthV:TestCard"},{"floor":6,"key":"SynthV:C4"},{"floor":14,"key":"Regal Pillow"}],"event_choices":[],"is_beta":false,"boss_relics":[],"items_purged_floors":[12],"is_endless":false,"potions_floor_spawned":[1,2,4,11],"killed_by":"Hexaghost","ascension_level":5}}