{"host":"vwj4ugm4vbv87wd6","time":1610450194,"event":{"mods":["AchievementEnabler","BaseMod","Bestiary","Card Forge","Minty Spire (QoL Compilation)","Permanent Neow","StSLib"],"gold_per_floor":[135,177,87,123,142,225,243,297,297,297,379,397,124,151,151,225,225,295,371,394,394,409,485,498,536,548,641,697,735,747,785,797,884,896,921,943,339,405,236,287,287,313,313,382,432,466,520,564,564,589,589,589,589,145,195,195],"floor_reached":57,"playtime":6382,"items_purged":[],"score":4075,"play_id":"43007723-e9ad-412a-a58e-39c55bd917e0","local_time":"20210113001634","daily_mods":["Vintage","Heirloom","Flight","DeadlyEvents","Elite Swarm"],"is_ascension_mode":true,"campfire_choices":[{"floor":10,"key":"RECALL"},{"data":"Exhume","floor":15,"key":"SMITH"},{"data":"1","floor":32,"key":"LIFT"},{"data":"2","floor":41,"key":"LIFT"},{"data":"3","floor":49,"key":"LIFT"},{"data":"Impervious","floor":53,"key":"SMITH"}],"circlet_count":0,"master_deck":["AscendersBane","Feed+1","Double Tap+1","Adrenaline+1","Burst+1","Echo Form+1","Seek+1","DeusExMachina+1","DevaForm+1","Vault+1","HandOfGreed+1","Reboot+1","Malaise+1","Demon Form+1","Enlightenment+1","Rampage+1","Dash+1","Skim+1","Study+1","Offering+1","Exhume+1","Impervious+1","Rupture","Offering","Brutality","Berserk","Necronomicurse","Brutality","Exhume","Barricade","Impervious+1","Exhume"],"relics":["Burning Blood","Hammer of Thor","Seething Fire","Anvil of the Gods","Thread and Needle","Regal Pillow","Mango","Meat on the Bone","Shuriken","Happy Flower","Kunai","Blood Vial","Smiling Mask","Tiny Chest","PreservedInsect","Mummified Hand","Prayer Wheel","SlaversCollar","Darkstone Periapt","Red Mask","War Paint","Girya","Peace Pipe","Dream Catcher","MawBank","Paper Frog","Pantograph","Nunchaku","Pear","Blue Candle","Necronomicon","InkBottle","Runic Dome","Pen Nib","Bag of Marbles","Bronze Scales","Singing Bowl","Strange Spoon","Ginger","Frozen Eye","Molten Egg 2","Art of War","Anchor","Lizard Tail","Lantern","Bottled Lightning","Self Forming Clay","Bag of Preparation","ClockworkSouvenir","HornCleat","Mercury Hourglass"],"acts_visited":["Exordium","TheCity","TheBeyond","TheEnding"],"potions_floor_usage":[11],"damage_taken":[{"damage":0,"enemies":"2 Louse","floor":1,"turns":2},{"damage":0,"enemies":"Cultist","floor":2,"turns":2},{"damage":0,"enemies":"Small Slimes","floor":4,"turns":2},{"damage":0,"enemies":"Blue Slaver","floor":5,"turns":2},{"damage":6,"enemies":"3 Sentries","floor":6,"turns":4},{"damage":7,"enemies":"Looter","floor":7,"turns":2},{"damage":0,"enemies":"Gremlin Nob","floor":8,"turns":3},{"damage":0,"enemies":"3 Sentries","floor":11,"turns":4},{"damage":0,"enemies":"Large Slime","floor":12,"turns":3},{"damage":6,"enemies":"Gremlin Nob","floor":14,"turns":2},{"damage":4,"enemies":"The Guardian","floor":16,"turns":5},{"damage":14,"enemies":"3 Byrds","floor":18,"turns":5},{"damage":0,"enemies":"Masked Bandits","floor":19,"turns":3},{"damage":23,"enemies":"Chosen","floor":22,"turns":10},{"damage":1,"enemies":"Slavers","floor":23,"turns":3},{"damage":0,"enemies":"Snake Plant","floor":24,"turns":2},{"damage":6,"enemies":"Gremlin Leader","floor":25,"turns":4},{"damage":0,"enemies":"Slavers","floor":27,"turns":2},{"damage":2,"enemies":"Snecko","floor":28,"turns":3},{"damage":1,"enemies":"Book of Stabbing","floor":29,"turns":2},{"damage":15,"enemies":"Gremlin Leader","floor":31,"turns":4},{"damage":16,"enemies":"Champ","floor":33,"turns":3},{"damage":8,"enemies":"Orb Walker","floor":35,"turns":2},{"damage":25,"enemies":"3 Darklings","floor":36,"turns":3},{"damage":6,"enemies":"Sphere and 2 Shapes","floor":38,"turns":1},{"damage":8,"enemies":"Giant Head","floor":40,"turns":2},{"damage":14,"enemies":"Jaw Worm Horde","floor":44,"turns":3},{"damage":14,"enemies":"Reptomancer","floor":45,"turns":2},{"damage":6,"enemies":"Nemesis","floor":46,"turns":2},{"damage":6,"enemies":"Reptomancer","floor":47,"turns":1},{"damage":16,"enemies":"Spire Growth","floor":48,"turns":3},{"damage":6,"enemies":"Donu and Deca","floor":50,"turns":4},{"damage":8,"enemies":"Time Eater","floor":51,"turns":9},{"damage":10,"enemies":"Shield and Spear","floor":55,"turns":4},{"damage":34,"enemies":"The Heart","floor":56,"turns":5}],"seed_played":"2500020372242452720","potions_obtained":[{"floor":4,"key":"Swift Potion"},{"floor":5,"key":"SkillPotion"},{"floor":6,"key":"Energy Potion"},{"floor":12,"key":"AttackPotion"},{"floor":16,"key":"FearPotion"},{"floor":33,"key":"Block Potion"}],"is_trial":true,"path_per_floor":["M","M","?","M","M","E","M","E","T","R","E","M","$","E","R","B",null,"M","?","T","T","M","E","M","E","T","E","M","E","?","E","R","B",null,"M","M","$","M","$","E","R","T","T","M","E","E","E","M","R","B","B",null,"R","$","E","B",null],"character_chosen":"IRONCLAD","items_purchased":["Mummified Hand","Bronze Scales","Singing Bowl","Strange Spoon","Frozen Eye","ClockworkSouvenir","HornCleat"],"campfire_rested":0,"item_purchase_floors":[13,37,37,37,39,54,54],"current_hp_per_floor":[78,93,93,97,101,105,108,109,109,109,113,117,117,121,121,125,125,121,133,133,133,120,131,143,149,149,153,163,167,152,149,149,170,178,182,169,169,175,175,175,175,175,175,173,167,169,173,165,165,196,205,207,207,207,209,185],"gold":195,"neow_bonus":"","is_daily":false,"chose_seed":false,"campfire_upgraded":2,"win_rate":0.0,"timestamp":1610450194,"path_taken":["M","M","?","?","?","E","?","E","T","R","E","M","?","E","R","BOSS","M","?","?","?","?","E","M","E","T","E","M","?","?","E","R","BOSS","M","M","$","M","$","E","R","?","T","?","E","?","E","M","R","BOSS","BOSS","R","$","E","BOSS"],"items_purchased_type":["Relic","Relic","Relic","Relic","Relic","Relic","Relic"],"build_version":"2020-12-22","purchased_purges":0,"victory":true,"max_hp_per_floor":[79,93,93,97,101,105,109,109,109,109,113,117,117,121,121,125,125,129,133,133,133,137,141,145,149,149,153,163,167,173,177,177,181,181,185,189,189,193,193,193,193,193,193,197,197,197,199,199,199,203,207,207,207,207,213,213],"card_choices":[{"not_picked":["Corruption","Immolate","Reaper"],"picked":"SKIP","floor":6},{"not_picked":["Berserk","Brutality"],"picked":"Offering","floor":8},{"not_picked":["Demon Form","Berserk"],"picked":"Exhume","floor":11},{"not_picked":["Limit Break","Reaper","Double Tap"],"picked":"SKIP","floor":14},{"not_picked":["Double Tap","Bludgeon"],"picked":"Impervious","floor":16},{"not_picked":["Warcry","Heavy Blade"],"picked":"Rupture","floor":19},{"not_picked":["Reaper","Immolate"],"picked":"Offering","floor":23},{"not_picked":["Limit Break","Bludgeon","Double Tap"],"picked":"SKIP","floor":25},{"not_picked":["Offering","Immolate"],"picked":"Brutality","floor":27},{"not_picked":["Double Tap","Bludgeon"],"picked":"Berserk","floor":29},{"not_picked":["Immolate","Bludgeon"],"picked":"Brutality","floor":31},{"not_picked":["Fiend Fire","Impervious"],"picked":"Exhume","floor":33},{"not_picked":["Fiend Fire+1","Immolate+1"],"picked":"Barricade","floor":40},{"not_picked":["Demon Form","Exhume"],"picked":"Impervious","floor":45},{"not_picked":["Impervious","Double Tap"],"picked":"Exhume","floor":46},{"not_picked":["Bludgeon+1","Barricade","Exhume"],"picked":"Singing Bowl","floor":47},{"not_picked":["Limit Break","Corruption","Bludgeon+1"],"picked":"Singing Bowl","floor":55}],"player_experience":1130673,"relics_obtained":[{"floor":1,"key":"Regal Pillow"},{"floor":2,"key":"Mango"},{"floor":4,"key":"Shuriken"},{"floor":5,"key":"Happy Flower"},{"floor":6,"key":"Kunai"},{"floor":7,"key":"Blood Vial"},{"floor":8,"key":"Smiling Mask"},{"floor":11,"key":"Tiny Chest"},{"floor":12,"key":"PreservedInsect"},{"floor":14,"key":"Prayer Wheel"},{"floor":18,"key":"Darkstone Periapt"},{"floor":19,"key":"Red Mask"},{"floor":20,"key":"War Paint"},{"floor":21,"key":"Girya"},{"floor":22,"key":"Peace Pipe"},{"floor":23,"key":"Dream Catcher"},{"floor":24,"key":"MawBank"},{"floor":25,"key":"Paper Frog"},{"floor":26,"key":"Pantograph"},{"floor":27,"key":"Nunchaku"},{"floor":28,"key":"Pear"},{"floor":29,"key":"Blue Candle"},{"floor":30,"key":"Necronomicon"},{"floor":31,"key":"InkBottle"},{"floor":35,"key":"Pen Nib"},{"floor":36,"key":"Bag of Marbles"},{"floor":38,"key":"Ginger"},{"floor":40,"key":"Molten Egg 2"},{"floor":42,"key":"Art of War"},{"floor":43,"key":"Anchor"},{"floor":44,"key":"Lizard Tail"},{"floor":45,"key":"Lantern"},{"floor":46,"key":"Bottled Lightning"},{"floor":47,"key":"Self Forming Clay"},{"floor":48,"key":"Bag of Preparation"},{"floor":55,"key":"Mercury Hourglass"}],"event_choices":[{"damage_healed":0,"gold_gain":0,"player_choice":"Paid Gold","damage_taken":0,"relics_obtained":["Meat on the Bone"],"max_hp_gain":0,"max_hp_loss":0,"event_name":"WeMeetAgain","floor":3,"gold_loss":90},{"damage_healed":0,"gold_gain":0,"player_choice":"Fought Bandits","damage_taken":0,"max_hp_gain":0,"max_hp_loss":0,"event_name":"Masked Bandits","floor":19,"gold_loss":0},{"damage_healed":0,"gold_gain":0,"player_choice":"Obtained Book","damage_taken":21,"max_hp_gain":0,"max_hp_loss":0,"event_name":"Cursed Tome","floor":30,"gold_loss":0}],"is_beta":false,"boss_relics":[{"not_picked":["SacredBark","Mark of Pain"],"picked":"SlaversCollar"},{"not_picked":["Fusion Hammer","Runic Cube"],"picked":"Runic Dome"}],"items_purged_floors":[],"is_endless":false,"potions_floor_spawned":[4,5,6,12,16,19,28,29,33,35,38,40,44],"ascension_level":20}}