{"host":"appz8zkad29u9482","time":1610441191,"event":{"mods":["2.2 Compatiblity","Act Like it!","Aspiration","BaseMod","Beaked The Cultist","Better Altar","Better Match","Better Note","Better Skull","Better Third Choice","BetterRewards","CapriCore","Conspire","Disable Question Mark Monsters","Energized Spire","Gensokyo","GifTheSpireLib","Gold Saver","Halation","Hermit","Hubris","Infinite Spire","Jedi Mod","Marisa????????","Minty Spire (QoL Compilation)","Permanent Neow","Reimu??????","Replay The Spire","Somnambulant","Spicy Shops","StSLib","Strawberry Spire","Stuff the Spire","The Administrix","The Animator","The Cursed","The Hierophant","The Immortal","yUi"],"gold_per_floor":[12,26,45,61,61,88,88,113,137,152,152,228,247,247,247,353,353,373,393,395,395,418,463,463,463,509,547,553,553,394,420,420,526,576,592,592,592,592,592,592,637,759,841,870,890,890,924,941,941,947,947,947,392,418,426],"floor_reached":56,"playtime":3818,"items_purged":["Delirium"],"score":1470,"play_id":"698ed456-56be-47f4-898b-447887f968cb","local_time":"20210111224631","is_ascension_mode":true,"campfire_choices":[{"data":"Barricade","floor":7.0,"key":"SMITH"},{"data":"Rampage","floor":11.0,"key":"SMITH"},{"data":"Pommel Strike","floor":15.0,"key":"SMITH"},{"data":"strawberrySpire:FortFortyFour","floor":24,"key":"SMITH"},{"floor":29,"key":"RECALL"},{"data":"Juggernaut","floor":32,"key":"SMITH"},{"data":"StuffTheSpire:CelestialWarden","floor":40,"key":"SMITH"},{"data":"ReplayTheSpireMod:Black Plague","floor":49,"key":"SMITH"},{"data":"Flame Barrier","floor":52,"key":"SMITH"}],"circlet_count":0,"master_deck":["Strike_R+1","Strike_R+1","Strike_R","Defend_R","Defend_R","Defend_R","Defend_R","Bash","Barricade+1","Disarm+1","strawberrySpire:DebrisPile+1","Feel No Pain","Cleave+1","StuffTheSpire:Incineration+1","Feel No Pain","Rampage+1","Pommel Strike+1","strawberrySpire:FortFortyFour+1","conspire:Charge+1","Entrench+1","Warcry+1","StuffTheSpire:CelestialWarden+1","strawberrySpire:Aggression","StuffTheSpire:WarGroove+1","Replay:Parry","Juggernaut+1","jedi:bloodyhammer","Flame Barrier+1","True Grit+1","hubris:Fate+1","ReplayTheSpireMod:Stacked+1","jedi:unlimitedpower","ReplayTheSpireMod:Black Plague+1","Shrug It Off+1","strawberrySpire:DebrisPile+1","Body Slam+1","Secret Technique","Pommel Strike+1"],"relics":["Burning Blood","hubris:MedicalManual","infinitespire:Lychee Nut","Juzu Bracelet","infinitespire:Midas Blood","jedi:paperlyon","Bloody Idol","halation:EternalFortune","Replay:Mystery Machine","Oddly Smooth Stone","Happy Flower","ReplayTheSpireMod:Ninjato","Tiny House","jedi:matchstick","Simple Rune","conspire:GiftBox","ReplayTheSpireMod:Ring of Exchange","Ring of Hypnosis","StuffTheSpire:Experiment12","BargainBundle","Bronze Scales","Letter Opener","ReplayTheSpireMod:Spearhead"],"acts_visited":["Exordium","TheCity","TheBeyond","TheEnding"],"potions_floor_usage":[16,16,23,23,42,55],"damage_taken":[{"damage":6.0,"enemies":"Cultist","floor":1.0,"turns":3.0},{"damage":5.0,"enemies":"Jaw Worm","floor":2.0,"turns":3.0},{"damage":1.0,"enemies":"2 Louse","floor":3.0,"turns":4.0},{"damage":17.0,"enemies":"Looter","floor":4.0,"turns":3.0},{"damage":21.0,"enemies":"3 Sentries","floor":6.0,"turns":12.0},{"damage":27.0,"enemies":"Gremlin Nob","floor":8.0,"turns":4.0},{"damage":19.0,"enemies":"Blue Slaver","floor":10.0,"turns":5.0},{"damage":13.0,"enemies":"Large Slime","floor":13.0,"turns":8.0},{"damage":15,"enemies":"Slime Boss","floor":16,"turns":7},{"damage":9,"enemies":"Shell Parasite","floor":18,"turns":6},{"damage":0,"enemies":"Chosen","floor":19,"turns":4},{"damage":13,"enemies":"Snake Plant","floor":22,"turns":7},{"damage":40,"enemies":"Slavers","floor":23,"turns":8},{"damage":32,"enemies":"Gremlin Leader","floor":27,"turns":6},{"damage":0,"enemies":"Book of Stabbing","floor":31,"turns":6},{"damage":21,"enemies":"hubris:MusketHawk","floor":33,"turns":9},{"damage":11,"enemies":"3 Shapes","floor":35,"turns":3},{"damage":112,"enemies":"Reptomancer","floor":41,"turns":6},{"damage":44,"enemies":"infinitespire:Three Voidlings","floor":42,"turns":6},{"damage":22,"enemies":"Nightmare_Alpha","floor":42,"turns":14},{"damage":40,"enemies":"3 Darklings","floor":44,"turns":5},{"damage":10,"enemies":"4 Shapes","floor":45,"turns":5},{"damage":8,"enemies":"conspire:MimicChest","floor":47,"turns":5},{"damage":4,"enemies":"Jaw Worm Horde","floor":48,"turns":4},{"damage":33,"enemies":"infinitespire:MassOfShapes","floor":50,"turns":9},{"damage":0,"enemies":"Shield and Spear","floor":54,"turns":8},{"damage":21,"enemies":"The Heart","floor":55,"turns":10}],"seed_played":"-8576526992127335770","potions_obtained":[{"floor":1.0,"key":"infinitespire:BlackPotion"},{"floor":2.0,"key":"Strength Potion"},{"floor":8.0,"key":"SpeedPotion"},{"floor":13.0,"key":"BlessingOfTheForge"},{"floor":18,"key":"conspire:TimeTravelPotion"},{"floor":19,"key":"SteroidPotion"},{"floor":33,"key":"Weak Potion"},{"floor":34,"key":"Swift Potion"},{"floor":42,"key":"jedi:hoardpotion"}],"is_trial":false,"path_per_floor":["M","M","M","M","?","E","R","E","T","M","R","T","M","?","R","B",null,"M","M","?","?","M","E","R","?","T","E","?","R","$","E","R","B",null,"M","AVR","?","?","?","R","E","?","T","M","M","?","?","M","R","B",null,"R","$","E","B",null],"character_chosen":"IRONCLAD","items_purchased":["Replay:Parry","EssenceOfSteel","BargainBundle","Bronze Scales","Letter Opener","SpeedPotion","Secret Technique"],"campfire_rested":0,"item_purchase_floors":[30,30,53,53,53,53,53],"current_hp_per_floor":[80,80,80,69,62,47,47,26,26,19,19,19,18,18,18,15,60,60,60,30,33,52,54,54,54,59,62,53,53,53,63,63,63,68,68,68,68,68,68,68,13,66,68,67,68,68,68,68,68,55,68,68,68,68,56],"gold":426,"neow_bonus":"THREE_RARE_CARDS","is_daily":false,"chose_seed":false,"campfire_upgraded":8,"win_rate":0.0,"timestamp":1610441191,"path_taken":["M","M","M","?","?","E","R","E","T","M","R","?","M","?","R","BOSS","M","M","?","?","M","E","R","?","T","E","?","R","?","E","R","BOSS","M","AVR","?","?","?","R","E","?","T","M","M","?","?","M","R","BOSS","R","$","E","BOSS"],"items_purchased_type":["Card","Potion","Relic","Relic","Relic","Potion","Card"],"build_version":"2020-12-22","purchased_purges":1,"victory":true,"max_hp_per_floor":[80,80,80,80,80,80,80,60,60,60,60,60,60,60,60,60,60,60,60,60,63,63,63,63,63,63,63,63,63,63,63,63,63,68,68,68,68,68,68,68,68,68,68,68,68,68,68,68,68,68,68,68,68,68,68],"card_choices":[{"not_picked":["jedi:strikingstrike","jedi:unlimitedpower"],"picked":"Barricade","floor":0.0},{"not_picked":["strawberrySpire:Endurance","Infernal Blade"],"picked":"Disarm","floor":1.0},{"not_picked":["Perfected Strike","Massacre"],"picked":"strawberrySpire:DebrisPile","floor":2.0},{"not_picked":["Replay:Undeath\u0027s Touch","Headbutt"],"picked":"Feel No Pain","floor":3.0},{"not_picked":["Twin Strike","Intimidate"],"picked":"Cleave","floor":4.0},{"not_picked":["Twin Strike","Hemogenesis"],"picked":"StuffTheSpire:Incineration","floor":6.0},{"not_picked":["ReplayTheSpireMod:Stacked","Wild Strike"],"picked":"Feel No Pain","floor":8.0},{"not_picked":["Clash","Massacre"],"picked":"Rampage","floor":10.0},{"not_picked":["StuffTheSpire:Pyroclast","Rupture"],"picked":"Pommel Strike","floor":13.0},{"not_picked":["Double Tap","Reaper"],"picked":"strawberrySpire:FortFortyFour","floor":16},{"not_picked":["Anger","Perfected Strike"],"picked":"conspire:Charge+1","floor":18},{"not_picked":["strawberrySpire:CrashLanding","Cleave"],"picked":"Entrench","floor":19},{"not_picked":["conspire:Charge","Defy Death","Havoc"],"picked":"SKIP","floor":22},{"not_picked":["Run Through","True Grit"],"picked":"Warcry+1","floor":23},{"not_picked":["StuffTheSpire:Innocence","StuffTheSpire:Ambrosia"],"picked":"StuffTheSpire:CelestialWarden","floor":25},{"not_picked":["Infernal Blade+1","strawberrySpire:Spite"],"picked":"strawberrySpire:Aggression","floor":27},{"not_picked":["Pommel Strike+1","ReplayTheSpireMod:Strike From Hell"],"picked":"Juggernaut","floor":31},{"not_picked":["Juggernaut","Barricade"],"picked":"jedi:bloodyhammer","floor":33},{"not_picked":["Clash","Heavy Blade"],"picked":"Flame Barrier","floor":34},{"not_picked":["strawberrySpire:ZonePlayer+1","Abandon"],"picked":"True Grit+1","floor":35},{"not_picked":["Wild Strike+1","Hemogenesis","Fire Breathing+1"],"picked":"SKIP","floor":41},{"not_picked":["Clash","Armaments"],"picked":"ReplayTheSpireMod:Stacked+1","floor":42},{"not_picked":["hubris:StunningStrike","jedi:bloodyhammer"],"picked":"jedi:unlimitedpower","floor":42},{"not_picked":["infinitespire:FinalStrike","infinitespire:DeathsTouch"],"picked":"ReplayTheSpireMod:Black Plague","floor":42},{"not_picked":["Headbutt","Life Link"],"picked":"Shrug It Off+1","floor":44},{"not_picked":["ReplayTheSpireMod:Strike From Hell+1","Clash","Reckless Charge"],"picked":"SKIP","floor":45},{"not_picked":["Sever Soul","ReplayTheSpireMod:Stacked"],"picked":"strawberrySpire:DebrisPile+1","floor":47},{"not_picked":["Warcry+1","Intimidate"],"picked":"Body Slam+1","floor":48},{"not_picked":["strawberrySpire:DebrisPile","Flame Barrier+1"],"picked":"Pommel Strike+1","floor":54}],"player_experience":536000,"relics_obtained":[{"floor":6.0,"key":"hubris:MedicalManual"},{"floor":8.0,"key":"infinitespire:Lychee Nut"},{"floor":9.0,"key":"Juzu Bracelet"},{"floor":12.0,"key":"infinitespire:Midas Blood"},{"floor":14.0,"key":"StuffTheSpire:Gunfinga"},{"floor":23,"key":"Replay:Mystery Machine"},{"floor":26,"key":"Oddly Smooth Stone"},{"floor":27,"key":"Happy Flower"},{"floor":31,"key":"ReplayTheSpireMod:Ninjato"},{"floor":41,"key":"Simple Rune"},{"floor":42,"key":"conspire:GiftBox"},{"floor":46,"key":"ReplayTheSpireMod:Ring of Exchange"},{"floor":46,"key":"Ring of Hypnosis"},{"floor":47,"key":"StuffTheSpire:Experiment12"},{"floor":54,"key":"ReplayTheSpireMod:Spearhead"}],"event_choices":[{"cards_removed":["Strike_R"],"damage_healed":0.0,"max_hp_gain":0.0,"max_hp_loss":0.0,"gold_gain":0.0,"event_name":"Golden Wing","player_choice":"Card Removal","floor":5.0,"gold_loss":0.0,"damage_taken":7.0},{"damage_healed":0,"gold_gain":0,"player_choice":" Idol ","damage_taken":30,"relics_obtained":["Bloody Idol"],"max_hp_gain":60,"max_hp_loss":30,"event_name":"betterAltar:BetterAltar","floor":20,"potions_obtained":[],"relics_lost":[],"gold_loss":0},{"cards_removed":["Strike_R"],"damage_healed":0,"gold_gain":0,"player_choice":"Purged","damage_taken":0,"max_hp_gain":0,"max_hp_loss":0,"event_name":"Purifier","floor":39,"gold_loss":0}],"is_beta":false,"boss_relics":[{"not_picked":["halation:Risk","aspiration:MarisaSkillbook"],"picked":"jedi:paperlyon"},{"not_picked":["Replay:Bronze Core","Runic Cube"],"picked":"Tiny House"}],"items_purged_floors":[53],"is_endless":false,"potions_floor_spawned":[1,2,8,13,18,19,33,42,42],"ascension_level":2}}