{"host":"drkpql2ocxl3f5d4","time":1610437007,"event":{"mods":["Act Like it!","Ascension Reborn","Aspiration","BaseMod","Challenge The Spire","Colored Map","Conspire","Downfall","Energized Spire","Friendly Minions","Googly Eyes","Halation","Hubris","Infinite Spire","Jedi Mod","Minty Spire (QoL Compilation)","READ ME - Guardian Mod","Replay The Spire","Spikes Relics","StSLib","The Construct","vexMod"],"gold_per_floor":[99,115,115,265,280,32,32,51,51,12,44,44,69,88,103,206,206,206,220,5,23,23,8,34,68,68,84,103,103,103,113,131,131,131,131],"floor_reached":33,"playtime":2250,"items_purged":["Searing Blow"],"score":302,"play_id":"6ae0f613-86e8-4bb7-95f5-59443d7de214","local_time":"20210112083647","is_ascension_mode":false,"campfire_choices":[{"data":"hexamod:CrushingStance","floor":1,"key":"SMITH"},{"data":"Replay:SS_forest_2","floor":9,"key":"SMITH"},{"data":"hexamod:CatchUp","floor":12,"key":"SMITH"},{"data":"hexamod:HeatShield","floor":18,"key":"SMITH"},{"data":"hubris:Fate","floor":29,"key":"SMITH"}],"circlet_count":0,"master_deck":["hexamod:Strike","hexamod:Strike","hexamod:Strike+1","hexamod:Strike+1","hexamod:Defend+1","hexamod:Defend+1","hexamod:Defend","hexamod:Defend","hexamod:Sear+1","hexamod:Float+1","hexamod:CrushingStance+1","hexamod:HauntingEcho","Slimebound:Icky","hexamod:HeatShield+1","Replay:SS_forest_2+1","hexamod:CatchUp+1","hexamod:UnleashSpirits","True Grit+1","hexamod:ThirdSeal","hexamod:SixthSeal","hexamod:HauntingEcho+1","hexamod:NightmareStrike","hexamod:FastForward","hexamod:ApocalypseNow+1","hexamod:PowerFromBeyond+1","hexamod:ShieldOfDarkness+1","hexamod:GhostShield+1","hexamod:SpectersWail","hexamod:EmpoweredFlame+1","hexamod:GhostShield","hexamod:UnleashSpirits+1","hexamod:InspiringFlames","hexamod:HeatShield+1","hubris:Fate+1","hexamod:FastForward+1","hexamod:ThermalTransfer+1","hexamod:FourthSeal","hexamod:EmpoweredFlame+1","hexamod:Hexaguard","hexamod:FirstSeal"],"relics":["m_DevilBlood","Replay:Rubber Ducky","Torii","Omamori","Replay:Bottled Flurry","vexMod:MysteryBossChallenge","conspire:RoyalGoblet","Membership Card","War Paint","Toy Ornithopter"],"acts_visited":["Exordium","TheCity"],"potions_floor_usage":[13,16,16,19,21,27,32,33,33],"damage_taken":[{"damage":0,"enemies":"2 Louse","floor":2,"turns":2},{"damage":8,"enemies":"Small Slimes","floor":5,"turns":2},{"damage":0,"enemies":"downfall:FleeingMerchant","floor":6,"turns":4},{"damage":0,"enemies":"Cultist","floor":8,"turns":3},{"damage":4,"enemies":"downfall:FleeingMerchant","floor":10,"turns":4},{"damage":12,"enemies":"3 Sentries","floor":11,"turns":7},{"damage":21,"enemies":"Lagavulin","floor":13,"turns":6},{"damage":0,"enemies":"Exordium Wildlife","floor":14,"turns":5},{"damage":3,"enemies":"Gremlin Gang","floor":15,"turns":6},{"damage":33,"enemies":"downfall:Silent","floor":16,"turns":6},{"damage":7,"enemies":"Shell Parasite","floor":19,"turns":3},{"damage":2,"enemies":"downfall:FleeingMerchant","floor":20,"turns":4},{"damage":14,"enemies":"Shelled Parasite and Fungi","floor":21,"turns":7},{"damage":0,"enemies":"downfall:FleeingMerchant","floor":23,"turns":4},{"damage":46,"enemies":"Slavers","floor":25,"turns":9},{"damage":9,"enemies":"Centurion and Healer","floor":27,"turns":7},{"damage":8,"enemies":"Snake Plant","floor":28,"turns":3},{"damage":2,"enemies":"conspire:HollyBat","floor":31,"turns":13},{"damage":6,"enemies":"Snecko","floor":32,"turns":6},{"damage":80,"enemies":"downfall:Watcher","floor":33,"turns":15}],"seed_played":"1968420648224566759","potions_obtained":[{"floor":11,"key":"jedi:tentaclejuice"},{"floor":13,"key":"AttackPotion"},{"floor":14,"key":"Fire Potion"},{"floor":15,"key":"FearPotion"},{"floor":16,"key":"Slimebound:ThreeZeroPotion"},{"floor":19,"key":"hexamod:EctoCoolerPotion"},{"floor":21,"key":"Dexterity Potion"},{"floor":25,"key":"SkillPotion"},{"floor":31,"key":"Adrenaline Potion"},{"floor":32,"key":"LiquidMemories"}],"is_trial":false,"path_per_floor":["R","M","?","?","M","$","T","M","R","$","E","R","E","M","M","B",null,"R","M","$","M","?","$","T","E","AVR","M","M","R","?","M","M","B"],"character_chosen":"THE_SPIRIT","items_purchased":["Replay:Rubber Ducky","Replay:SS_forest_2","True Grit","Membership Card","hexamod:GhostShield","hexamod:SpectersWail"],"campfire_rested":0,"item_purchase_floors":[6,6,10,20,20,20],"current_hp_per_floor":[70,70,70,70,66,70,70,70,70,70,66,66,51,55,56,35,70,70,70,70,64,64,70,70,36,36,44,42,42,42,69,70,0,0,0],"gold":131,"neow_bonus":"ONE_RANDOM_RARE_CARD","is_daily":false,"chose_seed":false,"campfire_upgraded":5,"win_rate":0.0,"timestamp":1610437007,"path_taken":["R","M","?","?","M","?","T","?","R","$","E","R","E","M","M","BOSS","R","M","$","M","?","$","T","E","AVR","M","M","R","?","?","M","BOSS"],"items_purchased_type":["Relic","Card","Card","Relic","Card","Card"],"build_version":"2020-12-22","purchased_purges":1,"victory":false,"max_hp_per_floor":[70,70,70,70,70,70,70,70,70,70,70,70,70,70,70,70,70,70,70,70,70,70,70,70,70,70,70,70,70,70,70,70,70,70,70],"card_choices":[{"not_picked":["hexamod:FastForward","hexamod:SpectersWail"],"picked":"hexamod:HauntingEcho","floor":2},{"not_picked":["hexamod:ThermalTransfer","hexamod:HauntingEcho"],"picked":"Searing Blow","floor":5},{"not_picked":["hexamod:BurningTouch","hexamod:NightmareGuise"],"picked":"hexamod:HeatShield","floor":6},{"not_picked":["hexamod:DynamicBlow","hexamod:HeatMetal"],"picked":"hexamod:CatchUp","floor":8},{"not_picked":["True Grit","hexamod:BurningTouch"],"picked":"hexamod:UnleashSpirits","floor":10},{"not_picked":["hexamod:Incineration","hexamod:Firestarter"],"picked":"hexamod:ThirdSeal","floor":11},{"not_picked":["hexamod:SuperheatedStrike","hexamod:BurningTouch"],"picked":"hexamod:SixthSeal","floor":13},{"not_picked":["hexamod:PhantomFireball","hexamod:SpectersWail"],"picked":"hexamod:HauntingEcho","floor":13},{"not_picked":["hexamod:GhostOfSpirePresent","hexamod:ThermalTransfer"],"picked":"hexamod:NightmareStrike","floor":14},{"not_picked":["True Grit","hexamod:GhostShield","hexamod:SpectralSpark"],"picked":"SKIP","floor":14},{"not_picked":["hexamod:GhostShield","hexamod:HauntingEcho"],"picked":"hexamod:FastForward","floor":15},{"not_picked":["True Grit","hexamod:NightmareGuise","hexamod:SwordOfDarkness"],"picked":"SKIP","floor":15},{"not_picked":["hexamod:ApocalypticArmor","hexamod:ParanormalForm"],"picked":"hexamod:ApocalypseNow","floor":16},{"not_picked":["hexamod:SoulSteal","hexamod:EtherealExpedition"],"picked":"hexamod:PowerFromBeyond+1","floor":19},{"not_picked":["hexamod:HauntingEcho","hexamod:FastForward"],"picked":"hexamod:ShieldOfDarkness+1","floor":20},{"not_picked":["hexamod:ApocalypticArmor","hexamod:GhostOfSpireFuture","hexamod:GhostShield"],"picked":"SKIP","floor":20},{"not_picked":["hexamod:Firestarter","hexamod:NightmareStrike"],"picked":"hexamod:EmpoweredFlame","floor":21},{"not_picked":["hexamod:SwordOfDarkness","hexamod:BurningTouch"],"picked":"hexamod:GhostShield","floor":21},{"not_picked":["hexamod:SkipABeat","hexamod:RecurringNightmare"],"picked":"hexamod:InspiringFlames","floor":23},{"not_picked":["hexamod:Incineration+1","hexamod:CatchUp"],"picked":"hexamod:HeatShield+1","floor":25},{"not_picked":["hexamod:GhostLash","hexamod:GhostOfSpirePast+1","hexamod:Again"],"picked":"SKIP","floor":25},{"not_picked":["hexamod:ThermalTransfer","hexamod:FlamesFromBeyond+1"],"picked":"hexamod:FastForward+1","floor":27},{"not_picked":["hexamod:Rewind","hexamod:GhostLash","hexamod:NightmareGuise"],"picked":"SKIP","floor":27},{"not_picked":["hexamod:Toasty","hexamod:RainOfEmbers"],"picked":"hexamod:ThermalTransfer+1","floor":28},{"not_picked":["hexamod:ShieldOfDarkness","hexamod:FastForward"],"picked":"hexamod:FourthSeal","floor":31},{"not_picked":["hexamod:RadiantFlame","hexamod:ThermalTransfer"],"picked":"hexamod:EmpoweredFlame+1","floor":31},{"not_picked":["hexamod:ChargedBarrage","hexamod:NightmareStrike+1"],"picked":"hexamod:Hexaguard","floor":32},{"not_picked":["hexamod:SpectralSpark","hexamod:SpectersWail+1"],"picked":"hexamod:FirstSeal","floor":32}],"player_experience":710408,"relics_obtained":[{"floor":7,"key":"Torii"},{"floor":11,"key":"Omamori"},{"floor":13,"key":"Replay:Bottled Flurry"},{"floor":24,"key":"War Paint"}],"event_choices":[{"damage_healed":0,"gold_gain":0,"player_choice":"Read","damage_taken":0,"max_hp_gain":0,"max_hp_loss":0,"event_name":"The Library","floor":22,"gold_loss":0,"cards_obtained":["hexamod:UnleashSpirits"]},{"damage_healed":0,"gold_gain":0,"player_choice":"Forge","damage_taken":0,"max_hp_gain":0,"max_hp_loss":0,"event_name":"Accursed Blacksmith","floor":30,"gold_loss":0,"cards_upgraded":["hexamod:EmpoweredFlame"]}],"is_beta":false,"boss_relics":[{"not_picked":["halation:MonkeysPaw","infinitespire:Cupcake"],"picked":"vexMod:MysteryBossChallenge"}],"items_purged_floors":[26],"is_endless":false,"potions_floor_spawned":[11,13,14,15,16,19,21,25,31],"killed_by":"downfall:Watcher","ascension_level":0}}