{"host":"g8a0qo0vjtg6u5wv","time":1610456091,"event":{"mods":["BaseMod","Colored Map","Custom Start","KOR Keyword Fix","Minty Spire (QoL Compilation)","StSLib","SuperFastMode"],"gold_per_floor":[110,185,200,88,98,129,143,143,168,179,179,189,364,377,377,476,476,493,504,177,195,195,195,211,221,244,244,244],"floor_reached":27,"playtime":529,"items_purged":["Defend_P","Strike_P"],"score":397,"play_id":"782d1328-50b1-4d03-b022-b66fbbcdf63b","local_time":"20210112215451","is_ascension_mode":true,"campfire_choices":[{"data":"Vault","floor":8.0,"key":"SMITH"},{"data":"TalkToTheHand","floor":11.0,"key":"SMITH"},{"data":"Indignation","floor":15.0,"key":"SMITH"},{"floor":23,"key":"REST"}],"circlet_count":0,"master_deck":["Strike_P","Strike_P","Strike_P","Defend_P","Defend_P","Defend_P","Eruption+1","Vigilance+1","Perseverance","EmptyBody","Tantrum","Indignation+1","TalkToTheHand+1","Vault+1","SignatureMove+1","DeceiveReality","Doubt","LessonLearned","Tantrum","Halt+1","SpiritShield"],"relics":["PureWater","Bag of Preparation","Lantern","VioletLotus","Membership Card","Meat on the Bone","CeramicFish"],"acts_visited":["Exordium","TheCity"],"potions_floor_usage":[21],"damage_taken":[{"damage":0.0,"enemies":"Jaw Worm","floor":1.0,"turns":4.0},{"damage":2.0,"enemies":"Small Slimes","floor":3.0,"turns":3.0},{"damage":0.0,"enemies":"Cultist","floor":5.0,"turns":2.0},{"damage":25.0,"enemies":"3 Sentries","floor":6.0,"turns":5.0},{"damage":0.0,"enemies":"2 Fungi Beasts","floor":7.0,"turns":2.0},{"damage":0.0,"enemies":"3 Louse","floor":10.0,"turns":3.0},{"damage":0.0,"enemies":"Gremlin Gang","floor":12.0,"turns":3.0},{"damage":0.0,"enemies":"Looter","floor":14.0,"turns":1.0},{"damage":0.0,"enemies":"Slime Boss","floor":16.0,"turns":3.0},{"damage":7.0,"enemies":"3 Byrds","floor":18.0,"turns":8.0},{"damage":0,"enemies":"Spheric Guardian","floor":19,"turns":3},{"damage":33,"enemies":"Snake Plant","floor":21,"turns":3},{"damage":15,"enemies":"Snecko","floor":24,"turns":5},{"damage":9,"enemies":"Chosen and Byrds","floor":25,"turns":2},{"damage":48,"enemies":"Snake Plant","floor":27,"turns":2}],"seed_played":"2727797013957143324","potions_obtained":[{"floor":5.0,"key":"BottledMiracle"},{"floor":6.0,"key":"SkillPotion"},{"floor":7.0,"key":"Swift Potion"},{"floor":12.0,"key":"Energy Potion"},{"floor":18.0,"key":"LiquidBronze"},{"floor":25,"key":"Strength Potion"}],"is_trial":false,"path_per_floor":["M","?","M","$","M","E","M","R","T","M","R","M","?","M","R","B",null,"M","M","$","M","?","R","M","M","T","M"],"character_chosen":"WATCHER","items_purchased":["Tantrum","Membership Card","Meat on the Bone"],"campfire_rested":1,"item_purchase_floors":[4,20,20],"current_hp_per_floor":[65,54,52,52,52,27,27,27,27,27,27,27,27,27,27,27,61,54,54,54,33,33,54,39,42,42,0,0],"gold":244,"neow_bonus":"UPGRADE_CARD","is_daily":false,"chose_seed":false,"campfire_upgraded":3,"win_rate":0.0,"timestamp":1610456091,"path_taken":["M","?","M","$","M","E","M","R","T","M","R","M","?","M","R","BOSS","M","M","$","M","?","R","?","M","T","M"],"items_purchased_type":["Card","Relic","Relic"],"build_version":"2020-12-22","purchased_purges":2,"victory":false,"max_hp_per_floor":[72,72,72,72,72,72,72,72,72,72,72,72,72,72,72,72,72,72,72,72,72,72,72,72,72,72,72,72],"card_choices":[{"not_picked":["Protect","EmptyMind"],"picked":"Perseverance","floor":1.0},{"not_picked":["Consecrate","Weave"],"picked":"EmptyBody","floor":3.0},{"not_picked":["PathToVictory","SashWhip"],"picked":"Indignation","floor":5.0},{"not_picked":["ThirdEye","DeceiveReality"],"picked":"TalkToTheHand","floor":6.0},{"not_picked":["Prostrate","Crescendo"],"picked":"Vault","floor":7.0},{"not_picked":["Wireheading","Prostrate"],"picked":"SignatureMove","floor":10.0},{"not_picked":["FlyingSleeves","Evaluate"],"picked":"DeceiveReality","floor":12.0},{"not_picked":["BattleHymn","Conclude","ReachHeaven"],"picked":"SKIP","floor":14.0},{"not_picked":["DeusExMachina","Judgement"],"picked":"LessonLearned","floor":16.0},{"not_picked":["Perseverance","Consecrate"],"picked":"Tantrum","floor":18.0},{"not_picked":["WaveOfTheHand","Protect"],"picked":"Halt","floor":19},{"not_picked":["Evaluate","Wireheading+1","Tantrum+1"],"picked":"SKIP","floor":21},{"not_picked":["CutThroughFate+1","Conclude","JustLucky"],"picked":"SKIP","floor":24},{"not_picked":["CutThroughFate+1","Conclude","JustLucky"],"picked":"SKIP","floor":24},{"not_picked":["EmptyBody","Crescendo+1"],"picked":"SpiritShield","floor":25}],"player_experience":565657,"relics_obtained":[{"floor":6.0,"key":"Bag of Preparation"},{"floor":9.0,"key":"Lantern"},{"floor":26,"key":"CeramicFish"}],"event_choices":[{"damage_healed":0.0,"max_hp_gain":0.0,"max_hp_loss":0.0,"gold_gain":75.0,"event_name":"World of Goop","player_choice":"Gather Gold","floor":2.0,"gold_loss":0.0,"damage_taken":11.0},{"damage_healed":0.0,"max_hp_gain":0.0,"max_hp_loss":0.0,"gold_gain":175.0,"event_name":"Liars Game","player_choice":"AGREE","floor":13.0,"gold_loss":0.0,"damage_taken":0.0,"cards_obtained":["Doubt"]},{"damage_healed":0,"gold_gain":0,"player_choice":"Forge","damage_taken":0,"max_hp_gain":0,"max_hp_loss":0,"event_name":"Accursed Blacksmith","floor":22,"gold_loss":0,"cards_upgraded":["Halt"]}],"is_beta":false,"boss_relics":[{"not_picked":["Snecko Eye","Busted Crown"],"picked":"VioletLotus"}],"items_purged_floors":[4,20],"is_endless":false,"potions_floor_spawned":[5,6,7,12,18,25],"killed_by":"Snake Plant","ascension_level":7}}