{"host":"hve1dyh1ly81yl9f","time":1610466754,"event":{"mods":["BaseMod","Colored Map","DeckTracker","Highlight Path","Keyboard Shortcuts","Minty Spire (QoL Compilation)","Permanent Neow","Quick Restart","StSLib","SuperFastMode"],"gold_per_floor":[12,32,45,45,63,96,96,126,126,145,176,53,70,70,70,168,168,186,186,202,202,218,218,218],"floor_reached":23,"playtime":701,"items_purged":["Strike_R"],"score":298,"play_id":"dfd3ee92-e943-45fc-9a27-69d2ed49cec3","local_time":"20210113005234","is_ascension_mode":true,"campfire_choices":[{"floor":7.0,"key":"REST"},{"data":"Double Tap","floor":15.0,"key":"SMITH"}],"circlet_count":0,"master_deck":["Strike_R","Strike_R","Strike_R+1","Strike_R","Defend_R","Defend_R","Defend_R","Defend_R","Bash","Rampage+1","Headbutt","Double Tap+1","Headbutt","Fiend Fire","J.A.X.","Pommel Strike"],"relics":["Burning Blood","Magic Flower","HornCleat","Pen Nib","Paper Frog","Sundial","Unceasing Top","Black Star"],"acts_visited":["Exordium","TheCity"],"potions_floor_usage":[],"damage_taken":[{"damage":1.0,"enemies":"2 Louse","floor":1.0,"turns":3.0},{"damage":12.0,"enemies":"Jaw Worm","floor":2.0,"turns":2.0},{"damage":12.0,"enemies":"Small Slimes","floor":3.0,"turns":3.0},{"damage":17.0,"enemies":"Looter","floor":5.0,"turns":3.0},{"damage":32.0,"enemies":"Gremlin Nob","floor":6.0,"turns":4.0},{"damage":26.0,"enemies":"Lagavulin","floor":8.0,"turns":5.0},{"damage":6.0,"enemies":"2 Fungi Beasts","floor":10.0,"turns":3.0},{"damage":2.0,"enemies":"Gremlin Nob","floor":11.0,"turns":3.0},{"damage":17.0,"enemies":"Lots of Slimes","floor":13.0,"turns":4.0},{"damage":50.0,"enemies":"The Guardian","floor":16.0,"turns":6.0},{"damage":22.0,"enemies":"2 Thieves","floor":18.0,"turns":3.0},{"damage":9.0,"enemies":"Shell Parasite","floor":20.0,"turns":3.0},{"damage":10.0,"enemies":"Snake Plant","floor":22.0,"turns":3.0},{"damage":64,"enemies":"Gremlin Leader","floor":23,"turns":6}],"seed_played":"6389849566171985073","potions_obtained":[{"floor":1.0,"key":"Regen Potion"},{"floor":3.0,"key":"Ancient Potion"},{"floor":6.0,"key":"GamblersBrew"},{"floor":8.0,"key":"DuplicationPotion"}],"is_trial":false,"path_per_floor":["M","M","M","?","M","E","R","E","T","M","E","$","M","T","R","B",null,"M","?","M","?","M","E"],"character_chosen":"IRONCLAD","items_purchased":["BloodPotion"],"campfire_rested":1,"item_purchase_floors":[12],"current_hp_per_floor":[80,77,74,58,50,46,70,53,53,56,63,63,55,55,55,38,70,57,57,57,57,56,0,0],"gold":218,"neow_bonus":"ONE_RARE_RELIC","is_daily":false,"chose_seed":false,"campfire_upgraded":1,"win_rate":0.0,"timestamp":1610466754,"path_taken":["M","M","M","?","M","E","R","E","T","M","E","$","M","?","R","BOSS","M","?","M","?","M","E"],"items_purchased_type":["Potion"],"build_version":"2020-12-22","purchased_purges":1,"victory":false,"max_hp_per_floor":[80,80,80,80,80,80,80,80,80,80,80,80,80,80,80,80,80,80,80,80,80,80,80,80],"card_choices":[{"not_picked":["Uppercut","Pommel Strike"],"picked":"Rampage","floor":1.0},{"not_picked":["Wild Strike","Clothesline","Body Slam"],"picked":"SKIP","floor":2.0},{"not_picked":["Iron Wave","Hemokinesis","Havoc"],"picked":"SKIP","floor":3.0},{"not_picked":["Power Through","Dual Wield"],"picked":"Headbutt","floor":5.0},{"not_picked":["True Grit","Seeing Red","Wild Strike"],"picked":"SKIP","floor":6.0},{"not_picked":["Dark Embrace","Reckless Charge","Sword Boomerang"],"picked":"SKIP","floor":8.0},{"not_picked":["Iron Wave","Cleave"],"picked":"Double Tap","floor":10.0},{"not_picked":["Rupture","Twin Strike","Second Wind"],"picked":"SKIP","floor":11.0},{"not_picked":["Rupture","Twin Strike","Second Wind"],"picked":"SKIP","floor":11.0},{"not_picked":["Havoc","Dropkick"],"picked":"Headbutt","floor":13.0},{"not_picked":["Corruption","Double Tap"],"picked":"Fiend Fire","floor":16.0},{"not_picked":["Infernal Blade","Cleave","Seeing Red"],"picked":"SKIP","floor":18.0},{"not_picked":["Seeing Red","Warcry","True Grit"],"picked":"SKIP","floor":20.0},{"not_picked":["Reckless Charge","Inflame"],"picked":"Pommel Strike","floor":22.0}],"player_experience":317838,"relics_obtained":[{"floor":6.0,"key":"HornCleat"},{"floor":8.0,"key":"Pen Nib"},{"floor":9.0,"key":"Paper Frog"},{"floor":11.0,"key":"Sundial"},{"floor":14.0,"key":"Unceasing Top"}],"event_choices":[{"damage_healed":0.0,"max_hp_gain":0.0,"max_hp_loss":0.0,"gold_gain":0.0,"event_name":"Shining Light","player_choice":"Entered Light","floor":4.0,"gold_loss":0.0,"damage_taken":16.0,"cards_upgraded":["Rampage","Strike_R"]},{"damage_healed":0.0,"max_hp_gain":0.0,"max_hp_loss":0.0,"gold_gain":0.0,"event_name":"Drug Dealer","player_choice":"Obtain J.A.X.","floor":19.0,"gold_loss":0.0,"damage_taken":0.0,"cards_obtained":["J.A.X."]},{"damage_healed":0.0,"max_hp_gain":0.0,"max_hp_loss":0.0,"gold_gain":0.0,"event_name":"Ghosts","player_choice":"Ignored","floor":21.0,"gold_loss":0.0,"damage_taken":0.0}],"is_beta":false,"boss_relics":[{"not_picked":["Fusion Hammer","Tiny House"],"picked":"Black Star"}],"items_purged_floors":[12],"is_endless":false,"potions_floor_spawned":[1,3,6,8],"killed_by":"Gremlin Leader","ascension_level":8}}