{"host":"zxkjcgzis4pm3za5","time":1610418530,"event":{"mods":["AchievementEnabler","Act Like it!","BaseMod","Colored Map","Colored Powertips","Friendly Minions","GifTheSpireLib","Minty Spire (QoL Compilation)","Quick Restart","RNG Fix","Random Character Button","Relic Sorter","Relic Stats","StSLib"],"gold_per_floor":[110,127,138,63,74,74,88,120,120,120,150,150,150,150,150,227,227,243,257,276,276,154,154,184,202,202,77,110,122,151,168,168,247,247,266,285,285,332,182,182,215,215,286,316,316,316],"floor_reached":45,"playtime":2017,"items_purged":["Strike_R","Strike_R","Regret","Strike_R"],"score":945,"play_id":"429ed2fb-0c49-40cc-8646-88d13f41b975","local_time":"20210112075850","is_ascension_mode":true,"campfire_choices":[{"data":"Metallicize","floor":6.0,"key":"SMITH"},{"data":"Flex","floor":12.0,"key":"SMITH"},{"data":"Uppercut","floor":15.0,"key":"SMITH"},{"data":"Demon Form","floor":23.0,"key":"SMITH"},{"data":"Armaments","floor":32.0,"key":"SMITH"},{"data":"Limit Break","floor":40,"key":"SMITH"},{"data":"Dual Wield","floor":42,"key":"SMITH"}],"circlet_count":0,"master_deck":["AscendersBane","Strike_R","Strike_R","Defend_R+1","Defend_R+1","Defend_R","Defend_R","Bash","Headbutt","Limit Break+1","Twin Strike","Metallicize+1","Flex+1","Uppercut+1","Demon Form+1","Battle Trance","Havoc+1","Armaments+1","True Grit","Reaper","Sentinel","Power Through+1","Sword Boomerang","Warcry","Pummel","Corruption","Dual Wield+1","Limit Break+1","Decay"],"relics":["Burning Blood","Toy Ornithopter","Meat on the Bone","Bag of Marbles","Cursed Key","Dream Catcher","Mummified Hand","Turnip","Nunchaku","Coffee Dripper","Mango","PreservedInsect","Omamori"],"acts_visited":["Exordium","TheCity","TheBeyond"],"potions_floor_usage":[38,38,41],"damage_taken":[{"damage":0.0,"enemies":"Small Slimes","floor":1.0,"turns":3.0},{"damage":9.0,"enemies":"Jaw Worm","floor":2.0,"turns":4.0},{"damage":6.0,"enemies":"Cultist","floor":3.0,"turns":3.0},{"damage":15.0,"enemies":"3 Louse","floor":5.0,"turns":4.0},{"damage":2.0,"enemies":"2 Fungi Beasts","floor":7.0,"turns":4.0},{"damage":40.0,"enemies":"Gremlin Nob","floor":8.0,"turns":5.0},{"damage":18.0,"enemies":"Lagavulin","floor":11.0,"turns":8.0},{"damage":1.0,"enemies":"Slime Boss","floor":16.0,"turns":6.0},{"damage":21.0,"enemies":"3 Byrds","floor":18.0,"turns":6.0},{"damage":27.0,"enemies":"Shell Parasite","floor":19.0,"turns":6.0},{"damage":34.0,"enemies":"Chosen and Byrds","floor":20.0,"turns":5.0},{"damage":23.0,"enemies":"Slavers","floor":24.0,"turns":7.0},{"damage":17.0,"enemies":"3 Cultists","floor":25.0,"turns":5.0},{"damage":40.0,"enemies":"Gremlin Leader","floor":28.0,"turns":6.0},{"damage":16.0,"enemies":"Sentry and Sphere","floor":29.0,"turns":5.0},{"damage":5.0,"enemies":"Book of Stabbing","floor":30.0,"turns":3.0},{"damage":8.0,"enemies":"Snecko","floor":31.0,"turns":6.0},{"damage":25.0,"enemies":"Champ","floor":33.0,"turns":8.0},{"damage":0.0,"enemies":"Orb Walker","floor":35.0,"turns":4.0},{"damage":26.0,"enemies":"3 Darklings","floor":36.0,"turns":6.0},{"damage":53,"enemies":"2 Orb Walkers","floor":38,"turns":6},{"damage":32,"enemies":"Nemesis","floor":41,"turns":5},{"damage":63,"enemies":"Reptomancer","floor":44,"turns":8},{"damage":55,"enemies":"4 Shapes","floor":45,"turns":2}],"seed_played":"701708400080066249","potions_obtained":[{"floor":2.0,"key":"BloodPotion"},{"floor":3.0,"key":"ElixirPotion"},{"floor":8.0,"key":"EntropicBrew"},{"floor":11.0,"key":"Strength Potion"},{"floor":18.0,"key":"Dexterity Potion"},{"floor":21.0,"key":"EntropicBrew"},{"floor":21.0,"key":"HeartOfIron"},{"floor":29.0,"key":"Strength Potion"},{"floor":33.0,"key":"EssenceOfSteel"},{"floor":38,"key":"Swift Potion"}],"is_trial":false,"path_per_floor":["M","M","M","$","M","R","M","E","T","?","E","R","?","?","R","B",null,"M","M","M","?","$","R","E","M","T","$","E","M","E","M","R","B",null,"M","M","?","?","$","R","E","R","T","E","M"],"character_chosen":"IRONCLAD","items_purchased":["True Grit"],"campfire_rested":0,"item_purchase_floors":[22],"current_hp_per_floor":[81,78,78,78,69,69,73,39,39,23,44,44,49,49,49,59,80,75,71,55,55,55,55,53,74,74,74,75,65,87,85,85,87,87,87,67,67,56,56,56,63,63,63,48,0,0],"gold":316,"neow_bonus":"TEN_PERCENT_HP_BONUS","is_daily":false,"chose_seed":false,"campfire_upgraded":7,"win_rate":0.0,"timestamp":1610418530,"path_taken":["M","M","M","$","M","R","M","E","T","?","E","R","?","?","R","BOSS","M","?","M","?","$","R","E","M","T","$","E","M","E","M","R","BOSS","M","M","?","?","$","R","E","R","T","E","M"],"items_purchased_type":["Card"],"build_version":"2020-12-22","purchased_purges":4,"victory":false,"max_hp_per_floor":[82,82,82,82,82,82,82,82,82,82,82,82,87,87,87,87,87,87,87,87,87,87,87,87,87,87,87,87,87,87,87,87,87,87,87,87,87,101,101,101,101,101,101,101,101,101],"relic_stats":{"Dream Catcher":0,"Nunchaku":[7],"counters":[24,125],"Mummified Hand":[29],"Turnip":[5],"PreservedInsect":59,"Cursed Key":2,"obtain_stats":[{"Mango":38,"PreservedInsect":41,"Omamori":44,"Cursed Key":17,"Burning Blood":0,"Dream Catcher":24,"Nunchaku":30,"Mummified Hand":26,"Turnip":28,"Bag of Marbles":11,"Coffee Dripper":34,"Toy Ornithopter":8,"Meat on the Bone":9},{"Mango":21,"PreservedInsect":22,"Omamori":23,"Cursed Key":8,"Burning Blood":0,"Dream Catcher":12,"Nunchaku":16,"Mummified Hand":13,"Turnip":14,"Bag of Marbles":7,"Coffee Dripper":18,"Toy Ornithopter":6,"Meat on the Bone":6},{"Mango":110,"PreservedInsect":115,"Omamori":123,"Cursed Key":37,"Burning Blood":0,"Dream Catcher":61,"Nunchaku":80,"Mummified Hand":66,"Turnip":72,"Bag of Marbles":31,"Coffee Dripper":94,"Toy Ornithopter":23,"Meat on the Bone":23}],"Burning Blood":120,"Toy Ornithopter":55,"Meat on the Bone":48},"card_choices":[{"not_picked":["Wild Strike","Power Through"],"picked":"Headbutt","floor":1.0},{"not_picked":["Sword Boomerang","Battle Trance"],"picked":"Limit Break","floor":2.0},{"not_picked":["Seeing Red","Perfected Strike"],"picked":"Twin Strike","floor":3.0},{"not_picked":["Havoc","Sever Soul"],"picked":"Metallicize","floor":5.0},{"not_picked":["Battle Trance","Shrug It Off"],"picked":"Flex","floor":7.0},{"not_picked":["Pommel Strike","Heavy Blade"],"picked":"Shockwave","floor":8.0},{"not_picked":["Shockwave","Combust"],"picked":"Uppercut","floor":11.0},{"not_picked":["Barricade","Berserk"],"picked":"Demon Form","floor":16.0},{"not_picked":["Thunderclap","Bloodletting"],"picked":"Battle Trance","floor":18.0},{"not_picked":["Pommel Strike","Flex"],"picked":"Havoc+1","floor":19.0},{"not_picked":["Headbutt+1","Body Slam"],"picked":"Armaments","floor":20.0},{"not_picked":["Hemokinesis","Armaments"],"picked":"Reaper","floor":24.0},{"not_picked":["Warcry","Infernal Blade"],"picked":"Sentinel","floor":25.0},{"not_picked":["True Grit+1","Intimidate"],"picked":"Power Through+1","floor":28.0},{"not_picked":["Dropkick","Intimidate"],"picked":"Sword Boomerang","floor":29.0},{"not_picked":["Thunderclap","Iron Wave+1"],"picked":"Warcry","floor":30.0},{"not_picked":["Uppercut","Iron Wave"],"picked":"Pummel","floor":31.0},{"not_picked":["Double Tap","Impervious"],"picked":"Corruption","floor":33.0},{"not_picked":["Clash","Body Slam+1","Cleave"],"picked":"SKIP","floor":35.0},{"not_picked":["Entrench","Iron Wave"],"picked":"Dual Wield","floor":36.0},{"not_picked":["Combust+1","Sword Boomerang"],"picked":"Limit Break","floor":38},{"not_picked":["Anger","Brutality","Body Slam"],"picked":"SKIP","floor":41},{"not_picked":["Sword Boomerang","Anger","Pummel"],"picked":"SKIP","floor":44}],"player_experience":204757,"relics_obtained":[{"floor":8.0,"key":"Toy Ornithopter"},{"floor":9.0,"key":"Meat on the Bone"},{"floor":11.0,"key":"Bag of Marbles"},{"floor":24.0,"key":"Dream Catcher"},{"floor":26.0,"key":"Mummified Hand"},{"floor":28.0,"key":"Turnip"},{"floor":30.0,"key":"Nunchaku"},{"floor":38,"key":"Mango"},{"floor":41,"key":"PreservedInsect"},{"floor":44,"key":"Omamori"}],"event_choices":[{"damage_healed":0.0,"max_hp_gain":0.0,"max_hp_loss":0.0,"gold_gain":0.0,"event_name":"Shining Light","player_choice":"Entered Light","floor":10.0,"gold_loss":0.0,"damage_taken":16.0,"cards_upgraded":["Defend_R","Defend_R"]},{"damage_healed":0.0,"max_hp_gain":5.0,"max_hp_loss":0.0,"gold_gain":0.0,"event_name":"Big Fish","player_choice":"Donut","floor":13.0,"gold_loss":0.0,"damage_taken":0.0},{"damage_healed":0.0,"max_hp_gain":0.0,"max_hp_loss":0.0,"gold_gain":0.0,"event_name":"Accursed Blacksmith","player_choice":"Forge","floor":14.0,"gold_loss":0.0,"damage_taken":0.0,"cards_upgraded":["Limit Break"]},{"damage_healed":0.0,"max_hp_gain":0.0,"max_hp_loss":0.0,"gold_gain":0.0,"event_name":"Lab","player_choice":"Got Potions","floor":21.0,"gold_loss":0.0,"damage_taken":0.0},{"cards_removed":["Shockwave"],"damage_healed":0.0,"max_hp_gain":0.0,"max_hp_loss":0.0,"gold_gain":0.0,"event_name":"Falling","player_choice":"Removed Skill","floor":37.0,"gold_loss":0.0,"damage_taken":0.0},{"damage_healed":0,"gold_gain":0,"player_choice":"Fight","damage_taken":0,"max_hp_gain":0,"max_hp_loss":0,"event_name":"Mysterious Sphere","floor":38,"gold_loss":0}],"is_beta":false,"boss_relics":[{"not_picked":["Black Blood","Calling Bell"],"picked":"Cursed Key"},{"not_picked":["SlaversCollar","Tiny House"],"picked":"Coffee Dripper"}],"items_purged_floors":[4,22,27,39],"is_endless":false,"potions_floor_spawned":[2,3,8,11,18,29,33,36,38],"killed_by":"4 Shapes","ascension_level":14}}