{"host":"2lo6hma6kymb0g9i","time":1610470343,"event":{"mods":["BaseMod","Colored Map","DeckTracker","Minty Spire (QoL Compilation)"],"gold_per_floor":[109,109,89,109,121,121,139,139,165,165,198,214,224,149,149,222,222,237,237,257,257,267,267,284,284,284,294,327,327,252,252,252,330,330,342,342,358,104,119,119,119,137,137,152,167,167,184,19,19,19],"floor_reached":51,"playtime":4063,"items_purged":["Strike_B","Defend_B","Defend_B"],"score":1087,"play_id":"fd415aa7-02ae-4dde-aac9-019bb914f7f1","local_time":"20210113015223","is_ascension_mode":true,"campfire_choices":[{"floor":6,"key":"REST"},{"data":"Cold Snap","floor":8,"key":"SMITH"},{"data":"Dualcast","floor":10,"key":"SMITH"},{"data":"Defragment","floor":15,"key":"SMITH"},{"data":"Streamline","floor":23,"key":"SMITH"},{"data":"Cold Snap","floor":25,"key":"SMITH"},{"floor":29,"key":"REST"},{"floor":32,"key":"REST"},{"floor":40,"key":"REST"},{"floor":46,"key":"REST"},{"floor":49,"key":"REST"}],"circlet_count":0,"master_deck":["AscendersBane","Defend_B+1","Defend_B+1","Dualcast+1","Melter","Cold Snap+1","Cold Snap+1","Genetic Algorithm","Streamline+1","Turbo","Defragment+1","Echo Form","Conserve Battery+1","Reboot","Reboot","Barrage+1","Coolheaded+1","Capacitor"],"relics":["Cracked Core","War Paint","Toy Ornithopter","Mercury Hourglass","Akabeko","Matryoshka","SlaversCollar","ClockworkSouvenir","Shuriken","Ginger"],"acts_visited":["Exordium","TheCity","TheBeyond"],"potions_floor_usage":[18,27,47],"damage_taken":[{"damage":0,"enemies":"Small Slimes","floor":1,"turns":4},{"damage":0,"enemies":"Cultist","floor":4,"turns":3},{"damage":0,"enemies":"Jaw Worm","floor":5,"turns":4},{"damage":2,"enemies":"Red Slaver","floor":7,"turns":4},{"damage":1,"enemies":"3 Sentries","floor":11,"turns":9},{"damage":0,"enemies":"3 Louse","floor":12,"turns":2},{"damage":2,"enemies":"2 Fungi Beasts","floor":13,"turns":3},{"damage":17,"enemies":"The Guardian","floor":16,"turns":12},{"damage":12,"enemies":"3 Byrds","floor":18,"turns":4},{"damage":14,"enemies":"Chosen","floor":20,"turns":5},{"damage":6,"enemies":"Snecko","floor":22,"turns":5},{"damage":0,"enemies":"Centurion and Healer","floor":24,"turns":7},{"damage":0,"enemies":"Cultist and Chosen","floor":27,"turns":4},{"damage":15,"enemies":"Gremlin Leader","floor":28,"turns":7},{"damage":45,"enemies":"Automaton","floor":33,"turns":14},{"damage":3,"enemies":"Orb Walker","floor":35,"turns":4},{"damage":0,"enemies":"3 Shapes","floor":37,"turns":6},{"damage":56,"enemies":"Transient","floor":39,"turns":5},{"damage":5,"enemies":"4 Shapes","floor":42,"turns":7},{"damage":20,"enemies":"Writhing Mass","floor":44,"turns":8},{"damage":8,"enemies":"Jaw Worm Horde","floor":45,"turns":6},{"damage":10,"enemies":"Transient","floor":47,"turns":5},{"damage":20,"enemies":"Time Eater","floor":50,"turns":11}],"seed_played":"5140747842660632373","potions_obtained":[{"floor":1,"key":"FairyPotion"},{"floor":3,"key":"Explosive Potion"},{"floor":16,"key":"Fruit Juice"},{"floor":20,"key":"BlessingOfTheForge"},{"floor":24,"key":"DuplicationPotion"},{"floor":37,"key":"BlessingOfTheForge"},{"floor":44,"key":"AttackPotion"},{"floor":47,"key":"FearPotion"}],"is_trial":false,"path_per_floor":["M","?","?","M","M","R","M","R","T","R","E","M","M","$","R","B",null,"M","?","M","?","M","R","M","R","T","M","E","R","?","?","R","B",null,"M","?","M","$","M","R","?","M","T","M","M","R","M","$","R","B",null],"character_chosen":"DEFECT","items_purchased":["ClockworkSouvenir","Capacitor"],"campfire_rested":6,"item_purchase_floors":[38,48],"current_hp_per_floor":[46,28,28,28,28,49,47,47,47,47,46,46,44,44,44,27,60,58,58,44,44,38,38,38,38,38,43,28,50,50,28,52,7,63,60,60,60,60,4,28,16,11,11,16,8,32,27,27,51,31],"gold":19,"neow_bonus":"REMOVE_TWO","is_daily":false,"chose_seed":false,"campfire_upgraded":5,"win_rate":0.0,"timestamp":1610470343,"path_taken":["M","?","?","M","M","R","M","R","T","R","E","?","M","?","R","BOSS","M","?","?","?","M","R","M","R","T","M","E","R","?","?","R","BOSS","M","?","M","$","M","R","?","M","T","M","M","R","?","$","R","BOSS"],"items_purchased_type":["Relic","Card"],"build_version":"2020-12-22","purchased_purges":3,"victory":true,"max_hp_per_floor":[71,71,71,71,71,71,71,71,71,71,71,71,71,71,71,71,71,76,76,76,76,76,76,76,76,76,76,76,76,76,81,81,81,81,81,81,81,81,81,81,81,81,81,81,81,81,81,81,81,81],"card_choices":[{"not_picked":["Steam","Capacitor"],"picked":"Melter","floor":1},{"not_picked":["Conserve Battery","Melter"],"picked":"Cold Snap","floor":4},{"not_picked":["Leap","Stack"],"picked":"Cold Snap","floor":5},{"not_picked":["Sweeping Beam","Gash"],"picked":"Genetic Algorithm","floor":7},{"not_picked":["Melter","Ball Lightning"],"picked":"Streamline","floor":11},{"not_picked":["Beam Cell","Storm"],"picked":"Turbo","floor":12},{"not_picked":["Rebound","Cold Snap"],"picked":"Defragment","floor":13},{"not_picked":["Amplify","Machine Learning"],"picked":"Echo Form","floor":16},{"not_picked":["Sunder","Beam Cell"],"picked":"Conserve Battery+1","floor":18},{"not_picked":["Sweeping Beam+1","Reprogram","Go for the Eyes"],"picked":"SKIP","floor":20},{"not_picked":["Compile Driver+1","Stack+1","Force Field"],"picked":"SKIP","floor":22},{"not_picked":["Ball Lightning","Redo","Steam"],"picked":"SKIP","floor":24},{"not_picked":["White Noise","Force Field","Sunder+1"],"picked":"SKIP","floor":27},{"not_picked":["Reinforced Body","Fusion"],"picked":"Reboot","floor":28},{"not_picked":["Echo Form","Hyperbeam"],"picked":"Reboot","floor":33},{"not_picked":["Compile Driver+1","Undo","Streamline"],"picked":"SKIP","floor":35},{"not_picked":["Redo","Scrape+1"],"picked":"Barrage+1","floor":37},{"not_picked":["Rebound+1","Beam Cell","Hologram"],"picked":"SKIP","floor":39},{"not_picked":["Rainbow","Reprogram","Fusion+1"],"picked":"SKIP","floor":42},{"not_picked":["Beam Cell","Rebound"],"picked":"Coolheaded+1","floor":44},{"not_picked":["Beam Cell","Compile Driver","Sunder+1"],"picked":"SKIP","floor":45},{"not_picked":["Conserve Battery","Barrage","Compile Driver"],"picked":"SKIP","floor":47},{"not_picked":["Conserve Battery","Barrage","Compile Driver"],"picked":"SKIP","floor":47}],"player_experience":1046014,"relics_obtained":[{"floor":9,"key":"Toy Ornithopter"},{"floor":11,"key":"Mercury Hourglass"},{"floor":26,"key":"Akabeko"},{"floor":28,"key":"Matryoshka"},{"floor":43,"key":"Shuriken"},{"floor":43,"key":"Ginger"}],"event_choices":[{"damage_healed":0,"gold_gain":0,"player_choice":"Success","damage_taken":18,"relics_obtained":["War Paint"],"max_hp_gain":0,"max_hp_loss":0,"event_name":"Scrap Ooze","floor":2,"gold_loss":0},{"damage_healed":0,"gold_gain":0,"player_choice":"Bought 1 Potion","damage_taken":0,"max_hp_gain":0,"max_hp_loss":0,"event_name":"The Woman in Blue","floor":3,"gold_loss":0},{"cards_removed":["Strike_B"],"damage_healed":0,"gold_gain":0,"player_choice":"Card Removal","damage_taken":0,"max_hp_gain":0,"max_hp_loss":0,"event_name":"Wheel of Change","floor":19,"gold_loss":0},{"damage_healed":0,"gold_gain":0,"player_choice":"Ignored","damage_taken":0,"max_hp_gain":0,"max_hp_loss":0,"event_name":"Ghosts","floor":21,"gold_loss":0},{"cards_removed":["Zap"],"damage_healed":0,"gold_gain":0,"player_choice":"Gave Gold","damage_taken":0,"max_hp_gain":0,"max_hp_loss":0,"event_name":"Beggar","floor":30,"gold_loss":75},{"damage_healed":0,"gold_gain":0,"player_choice":"Shed Blood","damage_taken":27,"max_hp_gain":5,"max_hp_loss":0,"event_name":"Forgotten Altar","floor":31,"gold_loss":0},{"damage_healed":0,"gold_gain":0,"player_choice":"Ignored","damage_taken":0,"max_hp_gain":0,"max_hp_loss":0,"event_name":"Tomb of Lord Red Mask","floor":36,"gold_loss":0},{"damage_healed":0,"gold_gain":0,"player_choice":"Damaged","damage_taken":12,"max_hp_gain":0,"max_hp_loss":0,"event_name":"Wheel of Change","floor":41,"gold_loss":0}],"is_beta":false,"boss_relics":[{"not_picked":["Busted Crown","Ectoplasm","Runic Pyramid"]},{"not_picked":["Calling Bell","Sozu"],"picked":"SlaversCollar"}],"items_purged_floors":[14,38,48],"is_endless":false,"potions_floor_spawned":[1,12,16,20,24,37,44,47],"ascension_level":15}}