{"host":"0vlubjftylzdr3ny","time":1610479133,"event":{"mods":["Always Whale","BaseMod","GifTheSpireLib","Minty Spire (QoL Compilation)","Relic Filter","StSLib","Stuff the Spire"],"gold_per_floor":[112,40,57,57,74,74,149,180,180,180,180,208,208,235,235,235,235],"floor_reached":16,"playtime":479,"items_purged":[],"score":122,"play_id":"198d8aaf-a2f0-463f-b9bb-e815b195f79c","local_time":"20210112201853","is_ascension_mode":true,"campfire_choices":[{"data":"Zap","floor":6,"key":"SMITH"},{"data":"Defragment","floor":10,"key":"SMITH"},{"floor":13,"key":"REST"},{"floor":15,"key":"DIG"}],"circlet_count":0,"master_deck":["Strike_B","Strike_B","Strike_B","Strike_B","Defend_B","Defend_B","Defend_B","Defend_B","Zap+1","Dualcast","Beam Cell","Defragment+1","StuffTheSpire:Plugnplay","Conserve Battery","Static Discharge"],"relics":["Cracked Core","Lantern","Potion Belt","Gremlin Horn","Shovel","Ancient Tea Set","InkBottle"],"acts_visited":["Exordium"],"potions_floor_usage":[8,8,8,12,12,14],"damage_taken":[{"damage":1,"enemies":"Cultist","floor":1,"turns":3},{"damage":1,"enemies":"Jaw Worm","floor":3,"turns":2},{"damage":5,"enemies":"Small Slimes","floor":5,"turns":2},{"damage":35,"enemies":"3 Sentries","floor":8,"turns":7},{"damage":31,"enemies":"Gremlin Nob","floor":12,"turns":4},{"damage":11,"enemies":"Lagavulin","floor":14,"turns":6},{"damage":14,"enemies":"Hexaghost","floor":16,"turns":7}],"seed_played":"-5731466117336603002","potions_obtained":[{"floor":3,"key":"DuplicationPotion"},{"floor":5,"key":"EntropicBrew"},{"floor":8,"key":"SkillPotion"},{"floor":14,"key":"Ancient Potion"}],"is_trial":false,"path_per_floor":["M","$","M","$","M","R","?","E","T","R","?","E","R","E","R","B"],"character_chosen":"DEFECT","items_purchased":["Defragment"],"campfire_rested":1,"item_purchase_floors":[2],"current_hp_per_floor":[74,74,73,73,68,68,57,22,22,22,22,3,25,14,14,0,0],"gold":235,"neow_bonus":"RANDOM_COMMON_RELIC","is_daily":false,"chose_seed":false,"campfire_upgraded":2,"win_rate":0.0,"timestamp":1610479133,"path_taken":["M","$","M","$","M","R","?","E","T","R","?","E","R","E","R","BOSS"],"items_purchased_type":["Card"],"build_version":"2020-12-22","purchased_purges":0,"victory":false,"max_hp_per_floor":[75,75,75,75,75,75,75,75,75,75,75,75,75,75,75,75,75],"card_choices":[{"not_picked":["Cold Snap","Streamline"],"picked":"Beam Cell","floor":1},{"not_picked":["Go for the Eyes","Thunder Strike","Aggregate"],"picked":"SKIP","floor":3},{"not_picked":["Stack","Turbo","Fusion"],"picked":"SKIP","floor":5},{"not_picked":["Double Energy","Melter"],"picked":"StuffTheSpire:Plugnplay","floor":8},{"not_picked":["Consume","Go for the Eyes"],"picked":"Conserve Battery","floor":12},{"not_picked":["Scrape","Reprogram"],"picked":"Static Discharge","floor":14}],"player_experience":830652,"relics_obtained":[{"floor":8,"key":"Potion Belt"},{"floor":9,"key":"Gremlin Horn"},{"floor":12,"key":"Shovel"},{"floor":14,"key":"Ancient Tea Set"},{"floor":15,"key":"InkBottle"}],"event_choices":[{"damage_healed":0,"gold_gain":75,"player_choice":"Gather Gold","damage_taken":11,"max_hp_gain":0,"max_hp_loss":0,"event_name":"World of Goop","floor":7,"gold_loss":0},{"damage_healed":0,"gold_gain":0,"player_choice":"Ignored","damage_taken":0,"max_hp_gain":0,"max_hp_loss":0,"event_name":"Liars Game","floor":11,"gold_loss":0}],"is_beta":false,"boss_relics":[],"items_purged_floors":[],"is_endless":false,"potions_floor_spawned":[3,5,8,14],"killed_by":"Hexaghost","ascension_level":1}}