{"host":"jm9833yuloeli2yd","time":1610417775,"event":{"mods":["BaseMod","Better Altar","Better Match","Better Note","Better Sensory Stone","Better Skull","Better Third Choice","Better Vampires","BetterRewards","Colored Map","Colored Powertips","DeckTracker","Minty Spire (QoL Compilation)","Permanent Neow","Quick Restart","Slay-I","StSLib","SuperFastMode"],"gold_per_floor":[112,128,142,215,225,225,257,8,8,8,53,53,82,94,94,172,172,185,205,120,120,20,20,49,59,59,92,17,27,27,42,42,119,119,130,155,155,171,171,196,222,222,222,222,251,263,307,354,366,378,390,402,414,11,46,46],"floor_reached":57,"playtime":2970,"items_purged":["Strike_G"],"score":3738,"play_id":"f47307f0-fb7b-419c-8aef-4e16bea6f96d","local_time":"20210111211615","is_ascension_mode":true,"campfire_choices":[{"data":"Apotheosis","floor":6.0,"key":"SMITH"},{"data":"Neutralize","floor":15.0,"key":"SMITH"},{"data":"Slice","floor":23,"key":"SMITH"},{"data":"Blade Dance","floor":32,"key":"SMITH"},{"floor":44,"key":"REST"},{"floor":46,"key":"RECALL"},{"floor":49,"key":"REST"},{"floor":53,"key":"REST"}],"circlet_count":0,"master_deck":["AscendersBane","Strike_G","Strike_G","Strike_G","Defend_G","Defend_G","Defend_G","Defend_G","Defend_G","Survivor","Neutralize+1","Apotheosis+1","Poisoned Stab","Backflip","Slice+1","Wraith Form v2","After Image+1","Deflect","Escape Plan","Footwork+1","A Thousand Cuts+1","PiercingWail","Deflect","Blade Dance+1","Leg Sweep","Endless Agony+1","Night Terror","Leg Sweep","Heel Hook","Deflect","Burst","Predator+1","Dodge and Roll+1","Metamorphosis","Impatience","Endless Agony+1","Well Laid Plans+1","Phantasmal Killer","PiercingWail","Terror"],"relics":["Ring of the Snake","CaptainsWheel","Question Card","Bottled Flame","Medical Kit","Ornamental Fan","Art of War","Frozen Egg 2","SlaversCollar","Meat on the Bone","Blood Vial","Paper Crane","Sundial","Gremlin Horn","Fusion Hammer","WingedGreaves","Pantograph","Nunchaku","MawBank","Bottled Lightning","Snake Skull","Dead Branch","Eternal Feather"],"acts_visited":["Exordium","TheCity","TheBeyond","TheEnding"],"potions_floor_usage":[24,33,41,45,45,55],"damage_taken":[{"damage":0.0,"enemies":"Cultist","floor":1.0,"turns":3.0},{"damage":4.0,"enemies":"Small Slimes","floor":2.0,"turns":4.0},{"damage":1.0,"enemies":"Jaw Worm","floor":3.0,"turns":3.0},{"damage":3.0,"enemies":"Looter","floor":5.0,"turns":4.0},{"damage":11.0,"enemies":"Gremlin Nob","floor":7.0,"turns":4.0},{"damage":4.0,"enemies":"Lagavulin","floor":13.0,"turns":8.0},{"damage":0.0,"enemies":"2 Fungi Beasts","floor":14.0,"turns":5.0},{"damage":6.0,"enemies":"The Guardian","floor":16.0,"turns":12.0},{"damage":0.0,"enemies":"3 Byrds","floor":18.0,"turns":7.0},{"damage":0,"enemies":"Chosen","floor":19,"turns":10},{"damage":0,"enemies":"Book of Stabbing","floor":24,"turns":8},{"damage":8,"enemies":"Shelled Parasite and Fungi","floor":25,"turns":9},{"damage":0,"enemies":"Gremlin Leader","floor":27,"turns":6},{"damage":11,"enemies":"Snecko","floor":29,"turns":9},{"damage":0,"enemies":"Centurion and Healer","floor":31,"turns":12},{"damage":20,"enemies":"Automaton","floor":33,"turns":13},{"damage":0,"enemies":"Orb Walker","floor":35,"turns":6},{"damage":1,"enemies":"Mind Bloom Boss Battle","floor":36,"turns":8},{"damage":0,"enemies":"3 Shapes","floor":38,"turns":7},{"damage":8,"enemies":"Nemesis","floor":40,"turns":10},{"damage":21,"enemies":"Giant Head","floor":41,"turns":10},{"damage":0,"enemies":"Reptomancer","floor":45,"turns":6},{"damage":0,"enemies":"Nemesis","floor":47,"turns":7},{"damage":0,"enemies":"Reptomancer","floor":48,"turns":6},{"damage":14,"enemies":"Awakened One","floor":50,"turns":21},{"damage":53,"enemies":"Time Eater","floor":51,"turns":23},{"damage":13,"enemies":"Shield and Spear","floor":55,"turns":6},{"damage":10,"enemies":"The Heart","floor":56,"turns":11}],"seed_played":"-1036509479858920983","potions_obtained":[{"floor":1.0,"key":"ColorlessPotion"},{"floor":13.0,"key":"LiquidMemories"},{"floor":16.0,"key":"SpeedPotion"},{"floor":19,"key":"FearPotion"},{"floor":25,"key":"SpeedPotion"},{"floor":27,"key":"CultistPotion"},{"floor":36,"key":"GhostInAJar"},{"floor":38,"key":"DistilledChaos"},{"floor":41,"key":"Explosive Potion"},{"floor":55,"key":"Fruit Juice"}],"is_trial":false,"path_per_floor":["M","M","M","T","M","R","E","$","T","?","T","$","E","M","R","B",null,"M","M","?","?","$","R","E","M","T","E","$","M","?","M","R","B",null,"M","?","?","M","?","E","E","?","T","R","E","R","E","E","R","B","B",null,"R","$","E","B",null],"character_chosen":"THE_SILENT","items_purchased":["Apotheosis","Poisoned Stab","Poison Potion","Medical Kit","Deflect","Block Potion","Blade Dance","Leg Sweep","Dead Branch","Swift Potion","PiercingWail"],"campfire_rested":3,"item_purchase_floors":[0,0,0,8,8,8,22,28,54,54,54],"current_hp_per_floor":[52,48,47,47,44,44,33,33,33,33,33,33,29,29,29,23,55,55,55,55,35,35,35,37,43,43,45,45,36,36,38,38,32,58,60,61,61,63,63,57,38,38,38,57,59,59,61,63,66,52,25,56,66,66,53,56],"gold":46,"neow_bonus":"","is_daily":false,"chose_seed":false,"campfire_upgraded":4,"win_rate":0.0,"timestamp":1610417775,"path_taken":["M","M","M","?","M","R","E","$","T","?","?","$","E","M","R","BOSS","M","M","?","?","$","R","E","M","T","E","?","M","?","?","R","BOSS","M","?","?","M","?","E","E","?","T","R","E","R","E","E","R","BOSS","BOSS","R","$","E","BOSS"],"items_purchased_type":["Card","Card","Potion","Relic","Card","Potion","Card","Card","Relic","Potion","Card"],"build_version":"2020-12-22","purchased_purges":1,"victory":true,"max_hp_per_floor":[66,66,66,66,66,66,66,66,66,66,66,66,66,66,66,66,66,66,66,66,66,66,66,66,66,66,66,66,66,66,66,66,66,66,66,66,66,66,66,66,66,66,66,66,66,66,66,66,66,66,66,66,66,66,66,66],"card_choices":[{"not_picked":["Well Laid Plans","Concentrate"],"picked":"Backflip","floor":1.0},{"not_picked":["PiercingWail","Bane"],"picked":"Skewer","floor":2.0},{"not_picked":["Acrobatics","Deadly Poison"],"picked":"Slice","floor":3.0},{"not_picked":["PiercingWail","Skewer","Flechettes"],"picked":"Wraith Form v2","floor":5.0},{"not_picked":["Quick Slash","Sucker Punch","Escape Plan"],"picked":"After Image","floor":7.0},{"not_picked":["Backflip","Glass Knife","Slice"],"picked":"Escape Plan","floor":13.0},{"not_picked":["Deadly Poison","Underhanded Strike","All Out Attack"],"picked":"Footwork+1","floor":14.0},{"not_picked":["Glass Knife","Doppelganger","Corpse Explosion"],"picked":"A Thousand Cuts+1","floor":16.0},{"not_picked":["Bane","Cloak And Dagger","Dodge and Roll"],"picked":"PiercingWail","floor":18.0},{"not_picked":["Bouncing Flask","Poisoned Stab+1","Flying Knee"],"picked":"Deflect","floor":19},{"not_picked":["Tactician","Setup","Poisoned Stab"],"picked":"Leg Sweep","floor":24},{"not_picked":["Underhanded Strike+1","Outmaneuver","Leg Sweep"],"picked":"Endless Agony+1","floor":25},{"not_picked":["Skewer","Underhanded Strike","PiercingWail"],"picked":"Night Terror","floor":27},{"not_picked":["Acrobatics","Cloak And Dagger","Dagger Spray"],"picked":"Heel Hook","floor":29},{"not_picked":["Setup","Outmaneuver","Dagger Throw"],"picked":"Deflect","floor":31},{"not_picked":["Venomology","Grand Finale","Glass Knife"],"picked":"Burst","floor":33},{"not_picked":["Tactician","Dagger Spray","Quick Slash","Poisoned Stab+1"],"picked":"SKIP","floor":35},{"not_picked":["Dash","Outmaneuver","Dagger Throw"],"picked":"Predator+1","floor":36},{"not_picked":["Noxious Fumes+1","Sucker Punch","Blade Dance"],"picked":"Dodge and Roll+1","floor":38},{"not_picked":["Trip","Mind Blast","Enlightenment"],"picked":"Metamorphosis","floor":39},{"not_picked":["Purity","Deep Breath","Finesse"],"picked":"Impatience","floor":39},{"not_picked":["Flying Knee+1","Dagger Spray","Dagger Throw","Riddle With Holes"],"picked":"SKIP","floor":40},{"not_picked":["Dagger Spray","Poisoned Stab+1","Storm of Steel","Choke"],"picked":"SKIP","floor":41},{"not_picked":["Sucker Punch","Die Die Die","Backflip"],"picked":"Endless Agony+1","floor":45},{"not_picked":["Backflip","Dagger Spray","Deflect"],"picked":"Well Laid Plans+1","floor":47},{"not_picked":["Slice","Escape Plan","Prepared"],"picked":"Phantasmal Killer","floor":48},{"not_picked":["Blade Dance","Crippling Poison","Deadly Poison"],"picked":"Terror","floor":55}],"player_experience":1310758,"relics_obtained":[{"floor":4.0,"key":"Question Card"},{"floor":7.0,"key":"Bottled Flame"},{"floor":9.0,"key":"Ornamental Fan"},{"floor":11.0,"key":"Art of War"},{"floor":13.0,"key":"Frozen Egg 2"},{"floor":24,"key":"Paper Crane"},{"floor":26,"key":"Sundial"},{"floor":27,"key":"Gremlin Horn"},{"floor":36,"key":"WingedGreaves"},{"floor":40,"key":"Pantograph"},{"floor":41,"key":"Nunchaku"},{"floor":45,"key":"MawBank"},{"floor":47,"key":"Bottled Lightning"},{"floor":48,"key":"Snake Skull"},{"floor":55,"key":"Eternal Feather"}],"event_choices":[{"damage_healed":0.0,"max_hp_gain":0.0,"max_hp_loss":0.0,"gold_gain":0.0,"event_name":"Living Wall","player_choice":"Grow","floor":10.0,"gold_loss":0.0,"damage_taken":0.0,"cards_upgraded":["After Image"]},{"damage_healed":0,"gold_gain":0,"player_choice":"Obtained Relic","damage_taken":0,"relics_obtained":["Meat on the Bone"],"max_hp_gain":0,"max_hp_loss":0,"event_name":"Addict","floor":20,"gold_loss":85},{"damage_healed":0,"gold_gain":0,"player_choice":" Vial ","damage_taken":20,"relics_obtained":["Blood Vial"],"max_hp_gain":55,"max_hp_loss":35,"event_name":"betterAltar:BetterAltar","floor":21,"potions_obtained":[],"relics_lost":[],"gold_loss":0},{"damage_healed":0,"gold_gain":0,"player_choice":"Ignored","damage_taken":0,"max_hp_gain":0,"max_hp_loss":0,"event_name":"N\u0027loth","floor":30,"gold_loss":0},{"damage_healed":0,"gold_gain":0,"player_choice":"Fight","damage_taken":0,"max_hp_gain":0,"max_hp_loss":0,"event_name":"MindBloom","floor":36,"gold_loss":0},{"cards_removed":["Strike_G"],"damage_healed":0,"gold_gain":0,"player_choice":"Removed Attack","damage_taken":0,"max_hp_gain":0,"max_hp_loss":0,"event_name":"Falling","floor":37,"gold_loss":0},{"damage_healed":0,"gold_gain":3,"player_choice":"1","damage_taken":0,"max_hp_gain":0,"max_hp_loss":0,"event_name":"betterStone:BetterStone","floor":39,"gold_loss":0},{"cards_removed":["Skewer"],"damage_healed":0,"gold_gain":0,"player_choice":"Purged","damage_taken":0,"max_hp_gain":0,"max_hp_loss":0,"event_name":"Purifier","floor":42,"gold_loss":0}],"is_beta":false,"boss_relics":[{"not_picked":["Tiny House","Astrolabe"],"picked":"SlaversCollar"},{"not_picked":["Sozu","WristBlade"],"picked":"Fusion Hammer"}],"items_purged_floors":[22],"is_endless":false,"potions_floor_spawned":[1,13,16,19,25,27,36,38,41,55],"ascension_level":20}}