{"host":"m05ccpxu5tzpdfht","time":1610415594,"event":{"mods":["BaseMod","Marisa????????","Minty Spire (QoL Compilation)","Replay The Spire","Shop Mod","StSLib"],"gold_per_floor":[113,14,34,45,45,45,57,57,57,57,57,57,77,38,38,38,38],"floor_reached":16,"playtime":333,"items_purged":[],"score":135,"play_id":"f77a1358-d9d4-40c3-a016-ce868ba80b68","local_time":"20210111203954","is_ascension_mode":true,"campfire_choices":[{"data":"Loop","floor":6,"key":"SMITH"},{"data":"Ball Lightning","floor":8,"key":"SMITH"},{"floor":15,"key":"REST"}],"circlet_count":0,"master_deck":["AscendersBane","Strike_B","Strike_B","Defend_B","Defend_B+1","Defend_B+1","Zap","Dualcast","Loop+1","Crystallizer","Crystallizer","Ball Lightning+1","Force Field","Streamline","Machine Learning","Panic Button","Static Discharge"],"relics":["Cracked Core","Kunai"],"acts_visited":["Exordium"],"potions_floor_usage":[16],"damage_taken":[{"damage":0,"enemies":"Cultist","floor":1,"turns":3},{"damage":7,"enemies":"Small Slimes","floor":3,"turns":3},{"damage":9,"enemies":"Jaw Worm","floor":4,"turns":3},{"damage":0,"enemies":"Large Slime","floor":7,"turns":3},{"damage":5,"enemies":"Blue Slaver","floor":13,"turns":3},{"damage":53,"enemies":"Slime Boss","floor":16,"turns":7}],"seed_played":"-6997497081547249459","potions_obtained":[{"floor":1,"key":"Elixir"},{"floor":4,"key":"Dexterity Potion"}],"is_trial":false,"path_per_floor":["M","$","M","M","?","R","M","R","T","?","?","$","M","$","R","B"],"character_chosen":"DEFECT","items_purchased":["Crystallizer","Ball Lightning","Static Discharge"],"campfire_rested":1,"item_purchase_floors":[2,2,14],"current_hp_per_floor":[50,50,43,34,34,34,34,34,34,39,23,23,18,18,42,0,0],"gold":38,"neow_bonus":"REMOVE_TWO","is_daily":false,"chose_seed":false,"campfire_upgraded":2,"win_rate":0.0,"timestamp":1610415594,"path_taken":["M","$","?","?","?","R","?","R","T","?","?","?","M","$","R","BOSS"],"items_purchased_type":["Card","Card","Card"],"build_version":"2020-12-22","purchased_purges":0,"victory":false,"max_hp_per_floor":[75,75,75,75,75,75,75,75,75,80,80,80,80,80,80,80,80],"card_choices":[{"not_picked":["Glacier","Stack"],"picked":"Loop","floor":1},{"not_picked":["Reprogram","Go for the Eyes"],"picked":"Force Field","floor":3},{"not_picked":["Hologram","Sweeping Beam"],"picked":"Streamline","floor":4},{"not_picked":["Conserve Battery","Gash"],"picked":"Machine Learning","floor":7},{"not_picked":["Coolheaded","Barrage"],"picked":"Panic Button","floor":13}],"player_experience":659717,"relics_obtained":[{"floor":9,"key":"Kunai"}],"event_choices":[{"cards_removed":["Strike_B"],"damage_healed":0,"gold_gain":0,"player_choice":"Purged","damage_taken":0,"max_hp_gain":0,"max_hp_loss":0,"event_name":"Purifier","floor":5,"gold_loss":0},{"damage_healed":0,"gold_gain":0,"player_choice":"Donut","damage_taken":0,"max_hp_gain":5,"max_hp_loss":0,"event_name":"Big Fish","floor":10,"gold_loss":0},{"damage_healed":0,"gold_gain":0,"player_choice":"Entered Light","damage_taken":16,"max_hp_gain":0,"max_hp_loss":0,"event_name":"Shining Light","floor":11,"gold_loss":0,"cards_upgraded":["Defend_B","Defend_B"]}],"is_beta":false,"boss_relics":[],"items_purged_floors":[],"is_endless":false,"potions_floor_spawned":[1,4],"killed_by":"Slime Boss","ascension_level":10}}