{"host":"50per11302020","time":1610433574,"event":{"mods":["AchievementEnabler","BaseMod","Colored Map","Minty Spire (QoL Compilation)","Relic Stats","StSLib"],"gold_per_floor":[213,363,378,378,51,51,64,64,64,64,75,75,108,119,119,193,193,206,218,65,82,82,82,82,82],"floor_reached":24,"playtime":1617,"items_purged":["Doubt"],"score":372,"play_id":"be4880d1-6857-4a31-a949-71cdce4ba5f0","local_time":"20210111223934","is_ascension_mode":true,"campfire_choices":[{"data":"Calculated Gamble","floor":6.0,"key":"SMITH"},{"data":"Accuracy","floor":8.0,"key":"SMITH"},{"floor":12.0,"key":"REST"},{"data":"Infinite Blades","floor":15.0,"key":"SMITH"},{"floor":23.0,"key":"REST"}],"circlet_count":0,"master_deck":["AscendersBane","Strike_G","Strike_G","Strike_G","Strike_G","Strike_G","Defend_G","Defend_G","Defend_G","Defend_G","Defend_G","Survivor","Neutralize","Infinite Blades","Flying Knee","Accuracy+1","Calculated Gamble+1","Backstab","Cloak And Dagger","Infinite Blades+1","Blur","PiercingWail","Outmaneuver","Outmaneuver","A Thousand Cuts","CurseOfTheBell","Footwork","Infinite Blades","Storm of Steel","Terror"],"relics":["Ring of the Snake","Orrery","Smiling Mask","Calling Bell","Centennial Puzzle","White Beast Statue","Calipers","Nloth\u0027s Gift"],"acts_visited":["Exordium","TheCity"],"potions_floor_usage":[24],"damage_taken":[{"damage":4.0,"enemies":"Cultist","floor":1.0,"turns":4.0},{"damage":1.0,"enemies":"2 Louse","floor":3.0,"turns":5.0},{"damage":3.0,"enemies":"Jaw Worm","floor":7.0,"turns":4.0},{"damage":13.0,"enemies":"Blue Slaver","floor":11.0,"turns":3.0},{"damage":5.0,"enemies":"Lagavulin","floor":13.0,"turns":6.0},{"damage":1.0,"enemies":"3 Louse","floor":14.0,"turns":3.0},{"damage":29.0,"enemies":"Slime Boss","floor":16.0,"turns":10.0},{"damage":22.0,"enemies":"Chosen","floor":18.0,"turns":5.0},{"damage":15.0,"enemies":"Spheric Guardian","floor":19.0,"turns":4.0},{"damage":6.0,"enemies":"Centurion and Healer","floor":21.0,"turns":5.0},{"damage":47,"enemies":"Slavers","floor":24,"turns":5}],"seed_played":"-5377725200895135995","potions_obtained":[{"floor":7.0,"key":"SteroidPotion"},{"floor":11.0,"key":"SkillPotion"},{"floor":14.0,"key":"SpeedPotion"},{"floor":18.0,"key":"AttackPotion"},{"floor":19.0,"key":"Energy Potion"},{"floor":21.0,"key":"AttackPotion"}],"is_trial":false,"path_per_floor":["M","?","M","?","$","R","M","R","T","$","M","R","E","M","R","B",null,"M","M","$","M","?","R","E"],"character_chosen":"THE_SILENT","items_purchased":["Orrery","Infinite Blades","Infinite Blades","Storm of Steel"],"campfire_rested":2,"item_purchase_floors":[5,5,20,20],"current_hp_per_floor":[55,55,54,59,59,59,56,56,56,56,43,64,59,58,58,29,61,39,24,24,18,18,39,0,0],"gold":82,"neow_bonus":"HUNDRED_GOLD","is_daily":false,"chose_seed":false,"campfire_upgraded":3,"win_rate":0.0,"timestamp":1610433574,"path_taken":["M","?","M","?","$","R","M","R","T","?","?","R","E","M","R","BOSS","M","M","$","M","?","R","E"],"items_purchased_type":["Relic","Card","Card","Card"],"build_version":"2020-12-18","purchased_purges":1,"victory":false,"max_hp_per_floor":[66,66,66,71,71,71,71,71,71,71,71,71,71,71,71,71,71,71,71,71,71,71,71,71,71],"relic_stats":{"Centennial Puzzle":[12],"counters":[11,54],"Nloth\u0027s Gift":0,"Smiling Mask":0,"obtain_stats":[{"Calling Bell":17,"Centennial Puzzle":17,"Calipers":17,"Orrery":5,"Bag of Preparation":9,"Nloth\u0027s Gift":22,"Smiling Mask":13,"White Beast Statue":17,"Ring of the Snake":0},{"Calling Bell":7,"Centennial Puzzle":7,"Calipers":7,"Orrery":2,"Bag of Preparation":3,"Nloth\u0027s Gift":10,"Smiling Mask":5,"White Beast Statue":7,"Ring of the Snake":0},{"Calling Bell":35,"Centennial Puzzle":35,"Calipers":35,"Orrery":9,"Bag of Preparation":13,"Nloth\u0027s Gift":49,"Smiling Mask":22,"White Beast Statue":35,"Ring of the Snake":0}],"Ring of the Snake":[22]},"card_choices":[{"not_picked":["Dagger Throw","Underhanded Strike"],"picked":"Infinite Blades","floor":1.0},{"not_picked":["Tactician","Prepared"],"picked":"Flying Knee","floor":3.0},{"not_picked":["Storm of Steel","Poisoned Stab"],"picked":"Accuracy","floor":5.0},{"not_picked":["Caltrops","Sucker Punch"],"picked":"Calculated Gamble","floor":5.0},{"not_picked":["Concentrate","Outmaneuver"],"picked":"Backstab","floor":5.0},{"not_picked":["Heel Hook","Bane"],"picked":"Cloak And Dagger","floor":5.0},{"not_picked":["Skewer","Eviscerate"],"picked":"Blur","floor":7.0},{"not_picked":["Sucker Punch","Flying Knee"],"picked":"PiercingWail","floor":11.0},{"not_picked":["Quick Slash","Bane"],"picked":"Outmaneuver","floor":13.0},{"not_picked":["Escape Plan","Acrobatics"],"picked":"Outmaneuver","floor":14.0},{"not_picked":["Grand Finale","Die Die Die"],"picked":"A Thousand Cuts","floor":16.0},{"not_picked":["PiercingWail","Backstab","Skewer"],"picked":"SKIP","floor":18.0},{"not_picked":["Underhanded Strike","Acrobatics"],"picked":"Footwork","floor":19.0},{"not_picked":["Backstab","Poisoned Stab"],"picked":"Terror","floor":21.0}],"player_experience":181106,"relics_obtained":[{"floor":9.0,"key":"Bag of Preparation"},{"floor":13.0,"key":"Smiling Mask"},{"floor":17.0,"key":"Centennial Puzzle"},{"floor":17.0,"key":"White Beast Statue"},{"floor":17.0,"key":"Calipers"}],"event_choices":[{"damage_healed":0.0,"max_hp_gain":0.0,"max_hp_loss":0.0,"gold_gain":150.0,"event_name":"Liars Game","player_choice":"AGREE","floor":2.0,"gold_loss":0.0,"damage_taken":0.0,"cards_obtained":["Doubt"]},{"damage_healed":0.0,"max_hp_gain":5.0,"max_hp_loss":0.0,"gold_gain":0.0,"event_name":"Big Fish","player_choice":"Donut","floor":4.0,"gold_loss":0.0,"damage_taken":0.0},{"damage_healed":0.0,"max_hp_gain":0.0,"max_hp_loss":0.0,"gold_gain":0.0,"event_name":"N\u0027loth","player_choice":"Traded Relic","floor":22.0,"relics_lost":["Bag of Preparation"],"gold_loss":0.0,"damage_taken":0.0,"relics_obtained":["Nloth\u0027s Gift"]}],"is_beta":true,"boss_relics":[{"not_picked":["SlaversCollar","SacredBark"],"picked":"Calling Bell"}],"items_purged_floors":[5],"is_endless":false,"potions_floor_spawned":[7,11,14,16,18,19,21],"killed_by":"Slavers","ascension_level":18}}