{"host":"f6f8cjhjgha9mpdq","time":1610469756,"event":{"mods":["BaseMod","Minty Spire (QoL Compilation)","Permanent Neow","StSLib","SuperFastMode"],"gold_per_floor":[18,36,36,54,64,64,91,121,145,145,163,163,189,205,205,278,278,288,307,111,128,128,153,153,184,184,184,184,214,233,248,248,321,321,337,347,249,261,311,311,327,359,359,375,389,389,407,437,437,437,437,437,24,57,57],"floor_reached":56,"playtime":2894,"items_purged":["Defend_P","Defend_P","Defend_P"],"score":2426,"play_id":"f5133f1c-1c21-4043-9866-1f1aa4caf37a","local_time":"20210113014236","is_ascension_mode":true,"campfire_choices":[{"data":"Eruption","floor":6,"key":"SMITH"},{"data":"Fasting2","floor":12,"key":"SMITH"},{"data":"ClearTheMind","floor":15,"key":"SMITH"},{"data":"Scrawl","floor":24,"key":"SMITH"},{"data":"Tantrum","floor":27,"key":"SMITH"},{"data":"FlurryOfBlows","floor":32,"key":"SMITH"},{"data":"Blasphemy","floor":40,"key":"SMITH"},{"data":"Adaptation","floor":46,"key":"SMITH"},{"floor":49,"key":"RECALL"},{"data":"ThirdEye","floor":52,"key":"SMITH"}],"circlet_count":0,"master_deck":["AscendersBane","Strike_P","Strike_P","Strike_P","Defend_P","Eruption+1","Vigilance","Tantrum+1","FlurryOfBlows+1","Fasting2+1","ClearTheMind+1","Halt","ThirdEye+1","Blasphemy+1","Scrawl+1","ForeignInfluence+1","Wallop+1","Finesse","Adaptation+1","Finesse"],"relics":["HolyWater","FossilizedHelix","FaceOfCleric","Bag of Preparation","Vajra","Bag of Marbles","SlaversCollar","Membership Card","TungstenRod","Bottled Tornado","Bottled Flame","Centennial Puzzle","Yang","TeardropLocket","Medical Kit","Ice Cream","Lantern"],"acts_visited":["Exordium","TheCity","TheBeyond","TheEnding"],"potions_floor_usage":[13,50,55,55],"damage_taken":[{"damage":0,"enemies":"2 Louse","floor":1,"turns":2},{"damage":0,"enemies":"Cultist","floor":2,"turns":3},{"damage":0,"enemies":"Small Slimes","floor":4,"turns":3},{"damage":0,"enemies":"Looter","floor":5,"turns":2},{"damage":0,"enemies":"Gremlin Nob","floor":7,"turns":3},{"damage":0,"enemies":"Lots of Slimes","floor":11,"turns":3},{"damage":0,"enemies":"Lagavulin","floor":13,"turns":4},{"damage":0,"enemies":"3 Louse","floor":14,"turns":2},{"damage":7,"enemies":"The Guardian","floor":16,"turns":8},{"damage":0,"enemies":"3 Byrds","floor":18,"turns":3},{"damage":0,"enemies":"Shell Parasite","floor":19,"turns":1},{"damage":0,"enemies":"Snecko","floor":21,"turns":1},{"damage":0,"enemies":"Gremlin Leader","floor":23,"turns":3},{"damage":0,"enemies":"Slavers","floor":25,"turns":1},{"damage":9,"enemies":"Gremlin Leader","floor":29,"turns":3},{"damage":0,"enemies":"Centurion and Healer","floor":30,"turns":1},{"damage":0,"enemies":"Snake Plant","floor":31,"turns":2},{"damage":23,"enemies":"Automaton","floor":33,"turns":5},{"damage":0,"enemies":"3 Darklings","floor":35,"turns":1},{"damage":0,"enemies":"3 Shapes","floor":36,"turns":3},{"damage":0,"enemies":"Writhing Mass","floor":38,"turns":3},{"damage":0,"enemies":"Transient","floor":41,"turns":5},{"damage":0,"enemies":"Giant Head","floor":42,"turns":5},{"damage":0,"enemies":"Maw","floor":44,"turns":4},{"damage":0,"enemies":"3 Darklings","floor":45,"turns":2},{"damage":0,"enemies":"Transient","floor":47,"turns":5},{"damage":0,"enemies":"Nemesis","floor":48,"turns":3},{"damage":0,"enemies":"Time Eater","floor":50,"turns":4},{"damage":5,"enemies":"Shield and Spear","floor":54,"turns":2},{"damage":23,"enemies":"The Heart","floor":55,"turns":8}],"seed_played":"2023078958034470123","potions_obtained":[{"floor":1,"key":"FearPotion"},{"floor":2,"key":"BottledMiracle"},{"floor":13,"key":"BottledMiracle"}],"is_trial":false,"path_per_floor":["M","M","?","M","M","R","E","?","T","?","M","R","E","M","R","B",null,"M","M","$","M","?","E","R","E","T","R","?","E","M","M","R","B",null,"M","M","$","M","?","R","M","E","T","M","M","R","M","E","R","B",null,"R","$","E","B",null],"character_chosen":"WATCHER","items_purchased":["Membership Card","Finesse","Finesse","Medical Kit","Ambrosia","Ice Cream"],"campfire_rested":0,"item_purchase_floors":[20,37,53,53,53,53],"current_hp_per_floor":[61,61,61,62,63,63,64,64,64,64,65,65,66,67,67,61,72,73,74,74,75,75,76,76,77,77,77,77,69,70,71,71,49,75,76,77,77,78,78,78,79,80,80,81,82,82,83,84,84,85,92,92,92,88,66],"gold":57,"neow_bonus":"ONE_RARE_RELIC","is_daily":false,"chose_seed":false,"campfire_upgraded":9,"win_rate":0.0,"timestamp":1610469756,"path_taken":["M","M","?","M","?","R","E","?","T","?","M","R","E","M","R","BOSS","M","M","?","M","?","E","R","E","T","R","?","E","?","M","R","BOSS","M","M","?","M","?","R","M","E","T","?","M","R","?","E","R","BOSS","R","$","E","BOSS"],"items_purchased_type":["Relic","Card","Card","Relic","Potion","Relic"],"build_version":"2020-12-22","purchased_purges":3,"victory":true,"max_hp_per_floor":[68,68,68,69,70,70,71,71,71,71,72,72,73,74,74,75,75,76,77,77,78,78,79,79,80,80,80,80,81,82,83,83,84,84,85,86,86,87,87,87,88,89,89,90,91,91,92,93,93,94,94,94,94,95,96],"card_choices":[{"not_picked":["Nirvana","Wallop"],"picked":"Tantrum","floor":1},{"not_picked":["FollowUp","WindmillStrike"],"picked":"FlurryOfBlows","floor":2},{"not_picked":["Pray","Evaluate"],"picked":"Fasting2","floor":4},{"not_picked":["Indignation","CrushJoints"],"picked":"ClearTheMind","floor":5},{"not_picked":["WreathOfFlame","SashWhip"],"picked":"Halt","floor":7},{"not_picked":["WindmillStrike","Wallop","CutThroughFate"],"picked":"SKIP","floor":11},{"not_picked":["Indignation","JustLucky"],"picked":"Blasphemy","floor":13},{"not_picked":["FlurryOfBlows","Pray","SignatureMove"],"picked":"SKIP","floor":14},{"not_picked":["Blasphemy","Alpha"],"picked":"Scrawl","floor":16},{"not_picked":["Wireheading","FollowUp"],"picked":"ForeignInfluence+1","floor":18},{"not_picked":["PathToVictory","ClearTheMind","Halt"],"picked":"SKIP","floor":19},{"not_picked":["Indignation","CrushJoints","PathToVictory"],"picked":"SKIP","floor":21},{"not_picked":["CarveReality","Prostrate","ConjureBlade"],"picked":"SKIP","floor":23},{"not_picked":["CarveReality","Prostrate","ConjureBlade"],"picked":"SKIP","floor":23},{"not_picked":["Wireheading+1","Perseverance","DeceiveReality"],"picked":"SKIP","floor":25},{"not_picked":["EmptyBody","FlurryOfBlows","SignatureMove+1"],"picked":"SKIP","floor":29},{"not_picked":["Halt+1","MentalFortress","Crescendo+1"],"picked":"SKIP","floor":30},{"not_picked":["Indignation","ThirdEye","JustLucky"],"picked":"SKIP","floor":31},{"not_picked":["WheelKick+1","TalkToTheHand"],"picked":"Wallop+1","floor":35},{"not_picked":["Weave","Evaluate+1","FollowUp"],"picked":"SKIP","floor":36},{"not_picked":["Pray+1","FlyingSleeves+1","BowlingBash"],"picked":"SKIP","floor":38},{"not_picked":["SashWhip","BowlingBash","DeceiveReality+1"],"picked":"SKIP","floor":41},{"not_picked":["SashWhip","BowlingBash","DeceiveReality+1"],"picked":"SKIP","floor":41},{"not_picked":["Meditate+1","ThirdEye","Evaluate+1"],"picked":"SKIP","floor":42},{"not_picked":["PathToVictory+1","ClearTheMind"],"picked":"Adaptation","floor":44},{"not_picked":["Pray","WheelKick","Protect+1"],"picked":"SKIP","floor":45},{"not_picked":["Perseverance","ThirdEye","WheelKick"],"picked":"SKIP","floor":47},{"not_picked":["SashWhip+1","JustLucky","FlurryOfBlows+1"],"picked":"SKIP","floor":48},{"not_picked":["CutThroughFate","SignatureMove","WaveOfTheHand+1"],"picked":"SKIP","floor":54}],"player_experience":559061,"relics_obtained":[{"floor":7,"key":"Bag of Preparation"},{"floor":9,"key":"Vajra"},{"floor":13,"key":"Bag of Marbles"},{"floor":23,"key":"TungstenRod"},{"floor":25,"key":"Bottled Tornado"},{"floor":29,"key":"Bottled Flame"},{"floor":42,"key":"Centennial Puzzle"},{"floor":43,"key":"Yang"},{"floor":48,"key":"TeardropLocket"},{"floor":54,"key":"Lantern"}],"event_choices":[{"damage_healed":0,"gold_gain":0,"player_choice":"Trade","damage_taken":0,"relics_obtained":["FaceOfCleric"],"max_hp_gain":0,"max_hp_loss":0,"event_name":"FaceTrader","floor":3,"gold_loss":0},{"damage_healed":0,"gold_gain":30,"player_choice":"Searched \u00272\u0027 times","damage_taken":0,"max_hp_gain":0,"max_hp_loss":0,"event_name":"Dead Adventurer","floor":8,"gold_loss":0},{"damage_healed":0,"gold_gain":0,"cards_transformed":["Strike_P"],"player_choice":"Transformed","damage_taken":0,"max_hp_gain":0,"max_hp_loss":0,"event_name":"Transmorgrifier","floor":10,"gold_loss":0,"cards_obtained":["ThirdEye"]},{"damage_healed":0,"gold_gain":0,"player_choice":"Ignored","damage_taken":0,"max_hp_gain":0,"max_hp_loss":0,"event_name":"Ghosts","floor":22,"gold_loss":0},{"damage_healed":0,"gold_gain":0,"player_choice":"Ignored","damage_taken":0,"max_hp_gain":0,"max_hp_loss":0,"event_name":"Vampires","floor":28,"gold_loss":0},{"damage_healed":0,"gold_gain":50,"player_choice":"Pray","damage_taken":0,"max_hp_gain":0,"max_hp_loss":0,"event_name":"Golden Shrine","floor":39,"gold_loss":0}],"is_beta":false,"boss_relics":[{"not_picked":["Velvet Choker","SacredBark"],"picked":"SlaversCollar"},{"not_picked":["Runic Dome","Sozu"],"picked":"HolyWater"}],"items_purged_floors":[20,37,53],"is_endless":false,"potions_floor_spawned":[1,2,13,16,18,23,30,31,33,35,38,42,44],"ascension_level":16}}