{"host":"ucb2bgl3b4dpz2q7","time":1610422953,"event":{"mods":["Act Like it!","BaseMod","Custom Start","Gensokyo","Hallownest","Hermit","Koishi","Lobotomy","LobotomyExtend","Marisa£®ÏF”Í°°ƒß¿Ì…≥£©","Minty Spire (QoL Compilation)","Reimu£®≤©¿ˆ¡È√Œ£©","Remilia£®¿Ÿ√◊¿Ú—«£©","StSLib","The Administrix","The Bug Knight","The Servant 0.9.4","Waifu the Spire","Yakumo Yukari mod","Youmu£®ªÍ∆«—˝√Œ£©"],"gold_per_floor":[137,137,155,255,271,297,297,323,393,393,428,445,445,445,445,545,545,565,565,565,565,117,117,132,163,239,264,264,264,274,294,294,389,389,400,400,410,425,425,425,425,113,113,145,145,156,156,172,172,172],"floor_reached":51,"playtime":4973,"items_purged":[],"score":924,"play_id":"4bf980ba-df95-44f4-8bfd-3beeccfc78b3","local_time":"20210112114233","is_ascension_mode":true,"campfire_choices":[{"data":"WangLiang_OokamiKakushi_purple+1","floor":7.0,"key":"PURGE"},{"floor":10.0,"key":"RECALL"},{"floor":15.0,"key":"REST"},{"floor":23.0,"key":"REST"},{"floor":29.0,"key":"REST"},{"floor":32.0,"key":"REST"},{"data":"Mirror_TwoAndThreeElementRealm_purple","floor":40.0,"key":"SMITH"},{"floor":47,"key":"REST"},{"floor":49,"key":"REST"}],"circlet_count":0,"master_deck":["Shading:ReiMu+1","Nest_LightFlightworm_purple+1","EighthInstrument_OneDividesIntoTwo_purple+1","Know_ledgeAbilityRealm_purple+1","Mirror_WaveAndshot_purple+1","Bait_Toxicbait_purple+1","Mirror_TwoAndThreeElementRealm_purple+1","Boundary_LifeAndDeath_purple+1","D_absorption_purple+1","D_absorption_purple+1","DistantPastFriend_purple+1","Fantasy_PerpetualMotionMachine_purple+1","Fantasy_PerpetualMotionMachine_purple+1","Fantasy_PerpetualMotionMachine_purple+1","ProofOfUnderstanding_purple+1","LoveAcrossDimensions_purple+1","Mirror_TwoAndThreeElementRealm_purple+1"],"relics":["Boundary_crack","Memoryfragments_purpleEX","ThegodofHakurei_purpleEX","Yang","TheEssenceOfRealm","Seventeenyearold_girl_Forever","Wakizashi","Antimatter_spacedebris","TentaclePot:ReiMu","LetterFromLob","Peace Pipe","Pen Nib","Shuriken","PureWhite:ReiMu","HonorFeather","SlaversCollar","Anchor","Ancient Tea Set","Lee\u0027s Waffle","StrikeDummy","Singing Bowl","Cursed Key","Lizard Tail","Strawberry"],"acts_visited":["Exordium","TheCity","TheBeyond"],"potions_floor_usage":[],"damage_taken":[{"damage":11.0,"enemies":"Jaw Worm","floor":1.0,"turns":2.0},{"damage":0.0,"enemies":"Cultist","floor":3.0,"turns":2.0},{"damage":3.0,"enemies":"Small Slimes","floor":5.0,"turns":3.0},{"damage":0.0,"enemies":"Lagavulin","floor":6.0,"turns":4.0},{"damage":5.0,"enemies":"HollowMod:MossKnight","floor":8.0,"turns":3.0},{"damage":0.0,"enemies":"Gremlin Nob","floor":11.0,"turns":3.0},{"damage":12.0,"enemies":"2 Fungi Beasts","floor":12.0,"turns":4.0},{"damage":55.0,"enemies":"Red Slaver","floor":13.0,"turns":3.0},{"damage":0.0,"enemies":"Slime Boss","floor":16.0,"turns":6.0},{"damage":5.0,"enemies":"3 Byrds","floor":18.0,"turns":3.0},{"damage":11.0,"enemies":"2 Thieves","floor":24.0,"turns":3.0},{"damage":25.0,"enemies":"Slavers","floor":25.0,"turns":4.0},{"damage":4.0,"enemies":"Book of Stabbing","floor":27.0,"turns":3.0},{"damage":19.0,"enemies":"Snake Plant","floor":30.0,"turns":4.0},{"damage":7.0,"enemies":"Chosen and Byrds","floor":31.0,"turns":3.0},{"damage":0.0,"enemies":"Automaton","floor":33.0,"turns":3.0},{"damage":47.0,"enemies":"3 Darklings","floor":35.0,"turns":4.0},{"damage":8.0,"enemies":"Orb Walker","floor":37.0,"turns":2.0},{"damage":3.0,"enemies":"Transient","floor":38.0,"turns":4.0},{"damage":4,"enemies":"Giant Head","floor":44,"turns":3},{"damage":2,"enemies":"Writhing Mass","floor":46,"turns":2},{"damage":0,"enemies":"Spire Growth","floor":48,"turns":3},{"damage":21,"enemies":"Donu and Deca","floor":50,"turns":4},{"damage":1,"enemies":"Malkuth","floor":51,"turns":4},{"damage":28,"enemies":"Hod","floor":51,"turns":4},{"damage":32,"enemies":"Tiphereth","floor":51,"turns":22},{"damage":25,"enemies":"Binah","floor":51,"turns":8},{"damage":0,"enemies":"Angela","floor":51,"turns":5}],"seed_played":"7041719878261357716","potions_obtained":[{"floor":3.0,"key":"ColorlessPotion"},{"floor":11.0,"key":"ColorlessPotion"},{"floor":12.0,"key":"Block Potion"},{"floor":24.0,"key":"GrandPatriotsElixir:ReiMu"},{"floor":25.0,"key":"DuplicationPotion"},{"floor":30.0,"key":"DuplicationPotion"},{"floor":38.0,"key":"CultistPotion"}],"is_trial":true,"path_per_floor":["M","$","M","?","M","E","R","E","T","R","E","M","M","?","R","B",null,"M","?","?","?","$","R","M","E","T","E","?","R","M","M","R","B",null,"M","?","M","M","?","R","?","$","T","E","$","M","R","M","R","B",null],"character_chosen":"Youkari","items_purchased":["Anchor","Ancient Tea Set","Lee\u0027s Waffle","Lizard Tail"],"campfire_rested":6,"item_purchase_floors":[22,22,22,42],"current_hp_per_floor":[70,70,70,70,70,70,70,70,70,70,70,70,20,20,70,70,70,70,70,70,70,77,77,67,77,77,79,79,79,64,73,83,83,83,51,48,64,78,78,89,85,85,85,94,94,96,96,98,98,93],"gold":172,"neow_bonus":"","is_daily":false,"chose_seed":false,"campfire_upgraded":1,"win_rate":0.0,"timestamp":1610422953,"path_taken":["M","$","M","?","?","E","R","E","T","R","E","M","M","?","R","BOSS","M","?","?","?","$","R","M","E","T","E","?","R","M","M","R","BOSS","M","?","M","?","?","R","?","?","T","E","?","M","R","M","R","BOSS"],"items_purchased_type":["Relic","Relic","Relic","Relic"],"build_version":"2020-12-22","purchased_purges":0,"victory":true,"max_hp_per_floor":[70,70,70,70,70,70,70,70,70,70,70,70,70,70,70,70,70,70,70,70,70,77,77,77,77,77,79,79,79,81,83,83,83,83,85,85,87,89,89,89,85,85,85,94,94,96,96,98,98,98],"card_choices":[{"not_picked":["Mirror_FormAndEmptin_purple","Line_surface_state_purple","Shallow_ocean_purpleEX"],"picked":"SKIP","floor":1.0},{"not_picked":["SharpContractionReality_purple","CommonSense_AntiCommonSense_purple","WeekHit_purple"],"picked":"SKIP","floor":3.0},{"not_picked":["Mirror_WaveAndshot_purple","Worldmountain_purple","Boundary_DynamicStaticEquilibrium_purple"],"picked":"SKIP","floor":5.0},{"not_picked":["CommonSense_AntiCommonSense_purple","Shallow_ocean_purpleEX","OmniscientAndOmnipotent_Monster_purple"],"picked":"SKIP","floor":6.0},{"not_picked":["DimensionStaggered_purple","CommonSense_AntiCommonSense_purple","Shallow_ocean_purpleEX"],"picked":"SKIP","floor":8.0},{"not_picked":["StateErode_purple","OpenedBox_purple","Worldmountain_purple"],"picked":"SKIP","floor":11.0},{"not_picked":["MetroBOOM_purple","Line_surface_state_purple","WeekHit_purple"],"picked":"SKIP","floor":12.0},{"not_picked":["SfantasyHide_purple","Boundary_DynamicStaticEquilibrium_purple+1","StateErode_purple"],"picked":"SKIP","floor":18.0},{"not_picked":["DimensionStaggered_purple","AdvanceAttack_purple+1","Anti_communist_purple"],"picked":"SKIP","floor":24.0},{"not_picked":["Erosivefilter_purple","WorldDissolvedintheRealm_purple+1","ExistenceContinue_purple"],"picked":"SKIP","floor":25.0},{"not_picked":["Anti_communist_purple","MetroBOOM_purple","MonsterNeedle_purple"],"picked":"Singing Bowl","floor":27.0},{"not_picked":["Line_surface_state_purple","Fantasy_PerpetualMotionMachine_purple","Mirror_FormAndEmptin_purple"],"picked":"Singing Bowl","floor":30.0},{"not_picked":["WorldDissolvedintheRealm_purple","SharpContractionReality_purple","Realm_recovery_purpleEX+1"],"picked":"Singing Bowl","floor":31.0},{"not_picked":["LoveAcrossDimensions_purple","D_absorption_purple"],"picked":"Mirror_TwoAndThreeElementRealm_purple","floor":33.0},{"not_picked":["Bait_Toxicbait_purple+1","Charmbait_purple+1","AdvanceAttack_purple+1"],"picked":"Singing Bowl","floor":35.0},{"not_picked":["StretchesForeverDream_purple+1","AdvanceAttack_purple","Umbrella_purple"],"picked":"Singing Bowl","floor":37.0},{"not_picked":["ExistenceContinue_purple","Umbrella_purple+1","MeetDecomposer_purple"],"picked":"Singing Bowl","floor":38.0},{"not_picked":["Line_surface_state_purple","ContainerChange_purple","DarkRealmRedLine_purple+1"],"picked":"Singing Bowl","floor":44},{"not_picked":["Mirror_FormAndEmptin_purple+1","Boundary_DynamicStaticEquilibrium_purple","SharpContractionReality_purple+1"],"picked":"Singing Bowl","floor":46},{"not_picked":["StateDuplicate_purple+1","DimensionStaggered_purple","Charmbait_purple"],"picked":"Singing Bowl","floor":48}],"player_experience":606474,"relics_obtained":[{"floor":1.0,"key":"LetterFromLob"},{"floor":6.0,"key":"Peace Pipe"},{"floor":8.0,"key":"Pen Nib"},{"floor":9.0,"key":"Shuriken"},{"floor":11.0,"key":"PureWhite:ReiMu"},{"floor":25.0,"key":"StrikeDummy"},{"floor":27.0,"key":"Singing Bowl"},{"floor":44,"key":"Strawberry"}],"event_choices":[{"damage_healed":0.0,"max_hp_gain":0.0,"max_hp_loss":0.0,"gold_gain":100.0,"event_name":"Golden Shrine","player_choice":"Pray","floor":4.0,"gold_loss":0.0,"damage_taken":0.0},{"damage_healed":0.0,"max_hp_gain":0.0,"max_hp_loss":0.0,"gold_gain":0.0,"event_name":"Liars Game","player_choice":"Ignored","floor":14.0,"gold_loss":0.0,"damage_taken":0.0},{"damage_healed":0.0,"max_hp_gain":0.0,"max_hp_loss":0.0,"gold_gain":0.0,"event_name":"Ghosts","player_choice":"Ignored","floor":20.0,"gold_loss":0.0,"damage_taken":0.0},{"damage_healed":0.0,"max_hp_gain":0.0,"max_hp_loss":0.0,"gold_gain":0.0,"event_name":"Cursed Tome","player_choice":"Ignored","floor":21.0,"gold_loss":0.0,"damage_taken":0.0},{"cards_removed":["EighthInstrument_OneDividesIntoTwo_purple"],"damage_healed":0.0,"max_hp_gain":0.0,"max_hp_loss":0.0,"gold_gain":0.0,"event_name":"Bonfire Elementals","player_choice":"Offered Uncommon","floor":28.0,"gold_loss":0.0,"damage_taken":0.0},{"damage_healed":0.0,"max_hp_gain":0.0,"max_hp_loss":0.0,"gold_gain":0.0,"event_name":"Designer","player_choice":"Punched","floor":36.0,"gold_loss":0.0,"damage_taken":3.0},{"damage_healed":0.0,"max_hp_gain":0.0,"max_hp_loss":0.0,"gold_gain":0.0,"event_name":"Tomb of Lord Red Mask","player_choice":"Ignored","floor":39.0,"gold_loss":0.0,"damage_taken":0.0},{"damage_healed":0.0,"max_hp_gain":0.0,"max_hp_loss":4.0,"gold_gain":0.0,"event_name":"Winding Halls","player_choice":"Max HP","floor":41.0,"gold_loss":0.0,"damage_taken":0.0}],"is_beta":false,"boss_relics":[{"not_picked":["Velvet Choker","Calling Bell"],"picked":"SlaversCollar"},{"not_picked":["Pandora\u0027s Box","Runic Dome"],"picked":"Cursed Key"}],"items_purged_floors":[],"is_endless":false,"potions_floor_spawned":[3,11,12,13,24,25,30,35,38,46],"ascension_level":1}}