{"host":"8i4doyxqctgl5qb0","time":1610430581,"event":{"mods":["AchievementEnabler","BaseMod","Block Reminder","Colored Powertips","Downfall","Hermit","Minty Spire (QoL Compilation)","Permanent Neow","Potion Indicator Mod","Rare Cards Sparkle","StSLib","SuperFastMode","The Jungle"],"gold_per_floor":[217,217,232,244,7,7,33,33,33,108,123,123,123,150,150,248,248,235,63,63,0,0,0],"floor_reached":22,"playtime":627,"items_purged":["Strike_R"],"score":243,"play_id":"f0412190-68fa-4f9f-847c-13b44002fb57","local_time":"20210112134941","is_ascension_mode":true,"campfire_choices":[{"data":"Inflame","floor":6.0,"key":"SMITH"},{"data":"Metallicize","floor":8.0,"key":"SMITH"},{"data":"Armaments","floor":13,"key":"SMITH"},{"floor":15,"key":"REST"}],"circlet_count":0,"master_deck":["Strike_R","Strike_R","Defend_R","Defend_R","Defend_R","Bash","Metallicize+1","Headbutt","Clash","Inflame+1","Ghostly Armor","Armaments+1","Shrug It Off","Juggernaut","Cleave+1","Armaments"],"relics":["Burning Blood","Membership Card","Regal Pillow","StrikeDummy","Art of War","Odd Mushroom","Empty Cage","Molten Egg 2","Nilry\u0027s Codex"],"acts_visited":["Exordium","TheCity"],"potions_floor_usage":[],"damage_taken":[{"damage":13.0,"enemies":"Jaw Worm","floor":1.0,"turns":5.0},{"damage":6.0,"enemies":"Cultist","floor":3.0,"turns":3.0},{"damage":0.0,"enemies":"Small Slimes","floor":4.0,"turns":3.0},{"damage":19.0,"enemies":"Lagavulin","floor":7.0,"turns":7.0},{"damage":6.0,"enemies":"3 Louse","floor":11.0,"turns":3.0},{"damage":22,"enemies":"The Mushroom Lair","floor":14,"turns":5},{"damage":39,"enemies":"Slime Boss","floor":16,"turns":11},{"damage":26,"enemies":"2 Thieves","floor":18,"turns":4},{"damage":33,"enemies":"3 Byrds","floor":22,"turns":7}],"seed_played":"-5631001597081219673","potions_obtained":[{"floor":1.0,"key":"SkillPotion"},{"floor":4.0,"key":"Regen Potion"},{"floor":11.0,"key":"EssenceOfSteel"}],"is_trial":false,"path_per_floor":["M","?","M","M","$","R","E","R","T","?","M","?","R","?","R","B",null,"M","$","?","?","M"],"character_chosen":"IRONCLAD","items_purchased":["Membership Card","Inflame","Regal Pillow","Molten Egg 2","Armaments"],"campfire_rested":1,"item_purchase_floors":[5,5,5,19,19],"current_hp_per_floor":[65,65,65,71,71,71,58,58,58,47,47,47,47,31,70,37,69,49,49,33,33,0,0],"gold":0,"neow_bonus":"HUNDRED_GOLD","is_daily":false,"chose_seed":false,"campfire_upgraded":3,"win_rate":0.0,"timestamp":1610430581,"path_taken":["M","?","?","M","$","R","E","R","T","?","M","?","R","?","R","BOSS","M","$","?","?","M"],"items_purchased_type":["Relic","Card","Relic","Relic","Card"],"build_version":"2020-12-22","purchased_purges":1,"victory":false,"max_hp_per_floor":[80,80,80,80,80,80,80,80,80,80,80,80,80,80,80,80,80,80,80,80,80,80,80],"card_choices":[{"not_picked":["Sword Boomerang","Spot Weakness"],"picked":"Metallicize","floor":1.0},{"not_picked":["True Grit","Iron Wave"],"picked":"Headbutt","floor":3.0},{"not_picked":["Anger","Perfected Strike"],"picked":"Clash","floor":4.0},{"not_picked":["Headbutt","Rage"],"picked":"Ghostly Armor","floor":7.0},{"not_picked":["Clothesline","Pummel"],"picked":"Armaments","floor":11.0},{"not_picked":["Dropkick","Armaments"],"picked":"Shrug It Off","floor":14},{"not_picked":["Double Tap","Limit Break"],"picked":"Juggernaut","floor":16},{"not_picked":["Wild Strike","Iron Wave+1"],"picked":"Cleave+1","floor":18}],"player_experience":163013,"relics_obtained":[{"floor":7.0,"key":"StrikeDummy"},{"floor":9.0,"key":"Art of War"},{"floor":14,"key":"Odd Mushroom"},{"floor":20,"key":"Nilry\u0027s Codex"}],"event_choices":[{"cards_removed":["Strike_R"],"damage_healed":0.0,"max_hp_gain":0.0,"max_hp_loss":0.0,"gold_gain":0.0,"event_name":"Wheel of Change","player_choice":"Card Removal","floor":2.0,"gold_loss":0.0,"damage_taken":0.0},{"damage_healed":0.0,"max_hp_gain":0.0,"max_hp_loss":0.0,"gold_gain":75.0,"event_name":"World of Goop","player_choice":"Gather Gold","floor":10.0,"gold_loss":0.0,"damage_taken":11.0},{"damage_healed":0,"gold_gain":0,"player_choice":"Searched \u00270\u0027 times","damage_taken":0,"max_hp_gain":0,"max_hp_loss":0,"event_name":"Dead Adventurer","floor":12,"gold_loss":0},{"damage_healed":0,"gold_gain":0,"player_choice":"Fought Mushrooms","damage_taken":0,"max_hp_gain":0,"max_hp_loss":0,"event_name":"Mushrooms","floor":14,"gold_loss":0},{"damage_healed":0,"gold_gain":0,"player_choice":"Obtained Book","damage_taken":16,"max_hp_gain":0,"max_hp_loss":0,"event_name":"Cursed Tome","floor":20,"gold_loss":0},{"damage_healed":0,"gold_gain":0,"player_choice":"Paid Fearfully","damage_taken":0,"max_hp_gain":0,"max_hp_loss":0,"event_name":"Masked Bandits","floor":21,"gold_loss":63}],"is_beta":false,"boss_relics":[{"not_picked":["Fusion Hammer","Runic Dome"],"picked":"Empty Cage"}],"items_purged_floors":[19],"is_endless":false,"potions_floor_spawned":[1,4,11],"killed_by":"3 Byrds","ascension_level":7}}