{"host":"sav7uxregyirlf69","time":1610421962,"event":{"mods":["AchievementEnabler","BaseMod","Colored Map","DeckTracker","Keyboard Shortcuts","Minty Spire (QoL Compilation)","READ ME - Guardian Mod","StSLib","SuperFastMode"],"gold_per_floor":[111,125,143,162,162,162,197,197,220,220,238,268,285,265,265,340,340,351,44,61,61,80,80,90,90,90,109,141,141,141,161,161,236,236,248,259,101,101,114,139,139,172,224,224,236,13,32,65,65,65,65],"floor_reached":50,"playtime":1381,"items_purged":["Accuracy","Setup","Normality"],"score":1228,"play_id":"d7d67fe2-5565-45ef-a6b7-52463a7a5e82","local_time":"20210112122602","is_ascension_mode":true,"campfire_choices":[{"data":"Bouncing Flask","floor":6,"key":"SMITH"},{"data":"All Out Attack","floor":8,"key":"SMITH"},{"data":"Neutralize","floor":10,"key":"SMITH"},{"data":"Tactician","floor":15,"key":"SMITH"},{"data":"Reflex","floor":23,"key":"SMITH"},{"data":"Reflex","floor":25,"key":"SMITH"},{"data":"Bullet Time","floor":29,"key":"SMITH"},{"floor":32,"key":"REST"},{"floor":44,"key":"REST"},{"floor":49,"key":"RECALL"}],"circlet_count":0,"master_deck":["AscendersBane","Survivor","Neutralize+1","All Out Attack+1","Backflip","Flying Knee","Bouncing Flask+1","Dagger Spray","Tactician+1","Heel Hook","Adrenaline","Leg Sweep","Unload","Caltrops","Adrenaline","Reflex+1","Bullet Time+1","Poisoned Stab","Calculated Gamble+1","Reflex+1","Night Terror","Prepared","Calculated Gamble","Well Laid Plans","Madness","Madness","Tactician","Wraith Form v2"],"relics":["Ring of the Snake","NeowsBlessing","Regal Pillow","Lantern","Anchor","Pandora\u0027s Box","ClockworkSouvenir","HornCleat","MealTicket","Vajra","Cursed Key","Bronze Scales","Membership Card","Prayer Wheel"],"acts_visited":["Exordium","TheCity","TheBeyond"],"potions_floor_usage":[7,12,27,28,33,48,50],"damage_taken":[{"damage":0,"enemies":"Small Slimes","floor":1,"turns":1},{"damage":0,"enemies":"Cultist","floor":2,"turns":1},{"damage":0,"enemies":"2 Louse","floor":3,"turns":1},{"damage":6,"enemies":"Lots of Slimes","floor":4,"turns":3},{"damage":3,"enemies":"Gremlin Nob","floor":7,"turns":3},{"damage":4,"enemies":"Red Slaver","floor":11,"turns":3},{"damage":12,"enemies":"Lagavulin","floor":12,"turns":4},{"damage":0,"enemies":"3 Louse","floor":13,"turns":3},{"damage":30,"enemies":"Hexaghost","floor":16,"turns":9},{"damage":0,"enemies":"Spheric Guardian","floor":18,"turns":3},{"damage":0,"enemies":"3 Byrds","floor":20,"turns":2},{"damage":2,"enemies":"Snecko","floor":22,"turns":3},{"damage":4,"enemies":"Cultist and Chosen","floor":24,"turns":4},{"damage":0,"enemies":"Shelled Parasite and Fungi","floor":27,"turns":3},{"damage":37,"enemies":"Slavers","floor":28,"turns":5},{"damage":8,"enemies":"Sentry and Sphere","floor":31,"turns":4},{"damage":30,"enemies":"Automaton","floor":33,"turns":9},{"damage":0,"enemies":"Orb Walker","floor":35,"turns":3},{"damage":0,"enemies":"3 Shapes","floor":36,"turns":3},{"damage":17,"enemies":"Sphere and 2 Shapes","floor":39,"turns":4},{"damage":5,"enemies":"Nemesis","floor":40,"turns":5},{"damage":25,"enemies":"Reptomancer","floor":42,"turns":6},{"damage":18,"enemies":"Spire Growth","floor":45,"turns":5},{"damage":6,"enemies":"Maw","floor":47,"turns":5},{"damage":0,"enemies":"Nemesis","floor":48,"turns":5},{"damage":53,"enemies":"Time Eater","floor":50,"turns":9}],"seed_played":"3750729244142320778","potions_obtained":[{"floor":1,"key":"Block Potion"},{"floor":3,"key":"Fire Potion"},{"floor":7,"key":"Ancient Potion"},{"floor":11,"key":"DuplicationPotion"},{"floor":13,"key":"Regen Potion"},{"floor":28,"key":"CunningPotion"},{"floor":31,"key":"GhostInAJar"},{"floor":42,"key":"Swift Potion"},{"floor":48,"key":"Dexterity Potion"}],"is_trial":false,"path_per_floor":["M","M","M","M","?","R","E","R","T","R","M","E","M","?","R","B",null,"M","$","M","$","M","R","M","R","T","M","E","R","?","M","R","B",null,"M","M","$","?","M","E","?","E","T","R","M","$","M","E","R","B"],"character_chosen":"THE_SILENT","items_purchased":["Reflex","ClockworkSouvenir","Prepared","Membership Card"],"campfire_rested":2,"item_purchase_floors":[19,19,37,46],"current_hp_per_floor":[59,59,59,53,53,53,50,50,50,50,46,34,34,34,34,4,51,51,51,51,51,49,49,45,45,45,57,20,20,20,12,46,16,54,54,54,66,66,49,44,32,7,7,41,23,38,32,32,32,0,0],"gold":65,"neow_bonus":"THREE_ENEMY_KILL","is_daily":false,"chose_seed":false,"campfire_upgraded":7,"win_rate":0.0,"timestamp":1610421962,"path_taken":["M","M","M","M","?","R","E","R","T","R","M","E","?","?","R","BOSS","M","$","?","$","M","R","M","R","T","?","E","R","?","?","R","BOSS","M","M","?","?","M","E","?","E","T","R","M","$","M","E","R","BOSS"],"items_purchased_type":["Card","Relic","Card","Relic"],"build_version":"2020-12-22","purchased_purges":3,"victory":false,"max_hp_per_floor":[66,66,66,66,66,66,66,66,66,66,66,66,66,66,66,66,66,66,66,66,66,66,66,66,66,66,66,66,66,66,66,66,66,66,66,66,66,66,66,66,66,66,66,66,66,66,66,66,66,66,66],"card_choices":[{"not_picked":["Expertise","Slice"],"picked":"All Out Attack","floor":1},{"not_picked":["Blur","Outmaneuver"],"picked":"Backflip","floor":2},{"not_picked":["Bane","Skewer"],"picked":"Flying Knee","floor":3},{"not_picked":["Infinite Blades","Quick Slash"],"picked":"Bouncing Flask","floor":4},{"not_picked":["Deflect","Leg Sweep"],"picked":"Dagger Spray","floor":7},{"not_picked":["Prepared","Skewer"],"picked":"Tactician","floor":11},{"not_picked":["Flying Knee","Leg Sweep","Grand Finale"],"picked":"SKIP","floor":12},{"not_picked":["Deadly Poison","Bane"],"picked":"Heel Hook","floor":13},{"not_picked":["Doppelganger","A Thousand Cuts"],"picked":"Adrenaline","floor":16},{"not_picked":["Caltrops","Blade Dance"],"picked":"Calculated Gamble+1","floor":18},{"not_picked":["Cloak And Dagger","Poisoned Stab","Slice+1"],"picked":"SKIP","floor":20},{"not_picked":["Masterful Stab","Dagger Spray","Outmaneuver"],"picked":"SKIP","floor":22},{"not_picked":["PiercingWail","Deadly Poison","Skewer+1"],"picked":"SKIP","floor":24},{"not_picked":["Predator","Quick Slash","Dagger Spray"],"picked":"SKIP","floor":27},{"not_picked":["Storm of Steel","Backstab+1","Cloak And Dagger"],"picked":"SKIP","floor":28},{"not_picked":["Storm of Steel","Backstab+1","Cloak And Dagger"],"picked":"SKIP","floor":28},{"not_picked":["PiercingWail","Leg Sweep+1","Skewer"],"picked":"SKIP","floor":31},{"not_picked":["A Thousand Cuts","Burst"],"picked":"Night Terror","floor":33},{"not_picked":["Dagger Throw","Outmaneuver","Deflect+1"],"picked":"SKIP","floor":35},{"not_picked":["Backstab+1","Quick Slash","Bouncing Flask+1"],"picked":"SKIP","floor":36},{"not_picked":["Prepared","Dash+1"],"picked":"Calculated Gamble","floor":39},{"not_picked":["Outmaneuver","Dash+1"],"picked":"Well Laid Plans","floor":40},{"not_picked":["Cloak And Dagger","Dodge and Roll+1"],"picked":"Tactician","floor":42},{"not_picked":["Flying Knee+1","Backflip","Finisher"],"picked":"SKIP","floor":45},{"not_picked":["Dagger Spray+1","Deadly Poison","Deflect"],"picked":"SKIP","floor":47},{"not_picked":["Deadly Poison","Reflex"],"picked":"Wraith Form v2","floor":48}],"player_experience":1258584,"relics_obtained":[{"floor":7,"key":"Regal Pillow"},{"floor":9,"key":"Lantern"},{"floor":12,"key":"Anchor"},{"floor":26,"key":"HornCleat"},{"floor":28,"key":"MealTicket"},{"floor":42,"key":"Bronze Scales"},{"floor":48,"key":"Prayer Wheel"}],"event_choices":[{"damage_healed":0,"gold_gain":0,"player_choice":"Got Potions","damage_taken":0,"max_hp_gain":0,"max_hp_loss":0,"event_name":"Lab","floor":5,"gold_loss":0},{"damage_healed":0,"gold_gain":0,"player_choice":"Bought 1 Potion","damage_taken":0,"max_hp_gain":0,"max_hp_loss":0,"event_name":"The Woman in Blue","floor":14,"gold_loss":0},{"cards_removed":["Caltrops"],"damage_healed":0,"gold_gain":0,"player_choice":"Gave Card","damage_taken":0,"relics_obtained":["Vajra"],"max_hp_gain":0,"max_hp_loss":0,"event_name":"WeMeetAgain","floor":30,"gold_loss":0},{"damage_healed":0,"gold_gain":0,"player_choice":"Ignored","damage_taken":0,"max_hp_gain":0,"max_hp_loss":0,"event_name":"Tomb of Lord Red Mask","floor":38,"gold_loss":0},{"damage_healed":0,"gold_gain":0,"player_choice":"Embrace Madness","damage_taken":12,"max_hp_gain":0,"max_hp_loss":0,"event_name":"Winding Halls","floor":41,"gold_loss":0,"cards_obtained":["Madness","Madness"]}],"is_beta":false,"boss_relics":[{"not_picked":["Fusion Hammer","Tiny House"],"picked":"Pandora\u0027s Box"},{"not_picked":["Philosopher\u0027s Stone","Runic Dome"],"picked":"Cursed Key"}],"items_purged_floors":[19,37,46],"is_endless":false,"potions_floor_spawned":[1,3,7,11,13,16,18,24,28,31,42,45,47,48],"killed_by":"Time Eater","ascension_level":20}}