{"host":"h4lp0eeso8a0ssq0","time":1610432806,"event":{"mods":["2.2 Compatiblity","AchievementEnabler","BaseMod","CapriCore","Colored Map","Minty Spire (QoL Compilation)","StSLib","SuperFastMode"],"gold_per_floor":[119,119,119,119,142,178,194,220,220,236,19,19,19,34,34,159,159,179,11,32,32,53,97,97,110,110,148,148,148,171,22,22,145,145,159,492,492,492],"floor_reached":37,"playtime":1410,"items_purged":["Strike_G","Strike_G"],"score":645,"play_id":"8837d703-6ded-4c20-a46b-21bd4976827d","local_time":"20210112152646","is_ascension_mode":true,"campfire_choices":[{"floor":13.0,"key":"REST"},{"data":"Prepared","floor":15.0,"key":"SMITH"},{"floor":24.0,"key":"REST"},{"floor":28,"key":"REST"},{"floor":32,"key":"REST"}],"circlet_count":0,"master_deck":["AscendersBane","Strike_G+1","Strike_G+1","Strike_G+1","Defend_G+1","Defend_G+1","Defend_G+1","Defend_G+1","Defend_G+1","Survivor","Neutralize","Dagger Spray","Dagger Spray","Backstab","Prepared+1","Eviscerate","Grand Finale","Burst","Well Laid Plans","Backflip","Malaise","Acrobatics","Grand Finale","Wraith Form v2","Quick Slash"],"relics":["Ring of the Serpent","NeowsBlessing","Kunai","Tough Bandages","Happy Flower","Odd Mushroom","Art of War","Sundial","TungstenRod","Lizard Tail","InkBottle","Strawberry","DollysMirror","Sozu"],"acts_visited":["Exordium","TheCity","TheBeyond"],"potions_floor_usage":[33],"damage_taken":[{"damage":0.0,"enemies":"Jaw Worm","floor":1.0,"turns":1.0},{"damage":0.0,"enemies":"2 Louse","floor":5.0,"turns":1.0},{"damage":0.0,"enemies":"Gremlin Nob","floor":6.0,"turns":1.0},{"damage":0.0,"enemies":"Cultist","floor":7.0,"turns":2.0},{"damage":6.0,"enemies":"The Mushroom Lair","floor":8.0,"turns":4.0},{"damage":4.0,"enemies":"Large Slime","floor":10.0,"turns":6.0},{"damage":0.0,"enemies":"Exordium Wildlife","floor":14.0,"turns":2.0},{"damage":53.0,"enemies":"Slime Boss","floor":16.0,"turns":18.0},{"damage":6.0,"enemies":"Chosen","floor":18.0,"turns":8.0},{"damage":13.0,"enemies":"Spheric Guardian","floor":20.0,"turns":4.0},{"damage":5.0,"enemies":"3 Cultists","floor":22.0,"turns":3.0},{"damage":14.0,"enemies":"Book of Stabbing","floor":23.0,"turns":6.0},{"damage":2,"enemies":"Cultist and Chosen","floor":25,"turns":4},{"damage":57,"enemies":"Slavers","floor":27,"turns":9},{"damage":17,"enemies":"Collector","floor":33,"turns":8},{"damage":24,"enemies":"3 Shapes","floor":35,"turns":7},{"damage":19,"enemies":"3 Darklings","floor":37,"turns":4}],"seed_played":"-8662052149994657908","potions_obtained":[{"floor":6.0,"key":"Dexterity Potion"},{"floor":8.0,"key":"Block Potion"},{"floor":14.0,"key":"Dexterity Potion"},{"floor":20.0,"key":"GamblersBrew"},{"floor":25,"key":"FairyPotion"},{"floor":27,"key":"FearPotion"},{"floor":33,"key":"ColorlessPotion"}],"is_trial":false,"path_per_floor":["M","?","T","?","M","E","M","?","T","M","$","?","R","M","R","B",null,"M","$","M","?","M","E","R","M","T","E","R","?","T","$","R","B",null,"M","?","M"],"character_chosen":"THE_SILENT","items_purchased":["Grand Finale","Well Laid Plans","DollysMirror"],"campfire_rested":4,"item_purchase_floors":[11,19,31],"current_hp_per_floor":[63,46,46,34,34,34,34,28,28,24,24,47,68,68,68,15,56,50,50,37,37,32,18,39,37,37,10,31,31,38,38,61,44,69,45,45,26,26],"gold":492,"neow_bonus":"THREE_ENEMY_KILL","is_daily":false,"chose_seed":false,"campfire_upgraded":1,"win_rate":0.0,"timestamp":1610432806,"path_taken":["M","?","?","?","M","E","M","?","T","M","$","?","R","M","R","BOSS","M","$","M","?","?","E","R","M","T","E","R","?","?","?","R","BOSS","M","?","M"],"items_purchased_type":["Card","Card","Relic"],"build_version":"2020-12-22","purchased_purges":2,"victory":false,"max_hp_per_floor":[70,70,70,70,70,70,70,70,70,70,70,70,70,70,70,70,70,70,70,70,70,70,70,70,70,70,70,70,70,77,77,77,77,77,77,77,77,77],"card_choices":[{"not_picked":["Sucker Punch","Bane"],"picked":"Dagger Spray","floor":1.0},{"not_picked":["Dagger Throw","Underhanded Strike"],"picked":"Dagger Spray","floor":5.0},{"not_picked":["Tactician","Expertise"],"picked":"Backstab","floor":6.0},{"not_picked":["Dodge and Roll","Slice","Dagger Spray"],"picked":"SKIP","floor":7.0},{"not_picked":["Cloak And Dagger","Bane"],"picked":"Prepared","floor":8.0},{"not_picked":["Deflect","Endless Agony"],"picked":"Eviscerate","floor":10.0},{"not_picked":["Outmaneuver","Slice","PiercingWail"],"picked":"SKIP","floor":14.0},{"not_picked":["Malaise","Night Terror"],"picked":"Burst","floor":16.0},{"not_picked":["Poisoned Stab","Slice","Dagger Spray"],"picked":"SKIP","floor":18.0},{"not_picked":["Masterful Stab","Outmaneuver"],"picked":"Backflip","floor":20.0},{"not_picked":["Accuracy","Dagger Throw","Endless Agony"],"picked":"SKIP","floor":22.0},{"not_picked":["Dodge and Roll+1","Masterful Stab","Endless Agony"],"picked":"SKIP","floor":23.0},{"not_picked":["Bane+1","Dodge and Roll"],"picked":"Malaise","floor":25},{"not_picked":["PiercingWail","Dagger Throw+1"],"picked":"Acrobatics","floor":27},{"not_picked":["Burst","After Image"],"picked":"Wraith Form v2","floor":33},{"not_picked":["Bane+1","Poisoned Stab+1"],"picked":"Quick Slash","floor":35}],"player_experience":141271,"relics_obtained":[{"floor":3.0,"key":"Kunai"},{"floor":6.0,"key":"Happy Flower"},{"floor":8.0,"key":"Odd Mushroom"},{"floor":9.0,"key":"Art of War"},{"floor":23.0,"key":"TungstenRod"},{"floor":26,"key":"Lizard Tail"},{"floor":27,"key":"InkBottle"},{"floor":30,"key":"Strawberry"}],"event_choices":[{"damage_healed":0.0,"max_hp_gain":0.0,"max_hp_loss":0.0,"gold_gain":0.0,"event_name":"Golden Idol","player_choice":"Take Damage","floor":2.0,"gold_loss":0.0,"damage_taken":17.0,"relics_obtained":["Golden Idol"]},{"damage_healed":0.0,"max_hp_gain":0.0,"max_hp_loss":0.0,"gold_gain":0.0,"event_name":"Scrap Ooze","player_choice":"Success","floor":4.0,"gold_loss":0.0,"damage_taken":12.0,"relics_obtained":["Tough Bandages"]},{"damage_healed":0.0,"max_hp_gain":0.0,"max_hp_loss":0.0,"gold_gain":0.0,"event_name":"Mushrooms","player_choice":"Fought Mushrooms","floor":8.0,"gold_loss":0.0,"damage_taken":0.0},{"damage_healed":23.0,"max_hp_gain":0.0,"max_hp_loss":0.0,"gold_gain":0.0,"event_name":"Big Fish","player_choice":"Banana","floor":12.0,"gold_loss":0.0,"damage_taken":0.0},{"damage_healed":0.0,"max_hp_gain":0.0,"max_hp_loss":0.0,"gold_gain":0.0,"event_name":"WeMeetAgain","player_choice":"Gave Potion","floor":21.0,"gold_loss":0.0,"damage_taken":0.0,"relics_obtained":["Sundial"]},{"damage_healed":0,"gold_gain":0,"player_choice":"Simplicity","damage_taken":0,"max_hp_gain":0,"max_hp_loss":0,"event_name":"Back to Basics","floor":29,"gold_loss":0,"cards_upgraded":["Strike_G","Strike_G","Strike_G","Defend_G","Defend_G","Defend_G","Defend_G","Defend_G"]},{"damage_healed":0,"gold_gain":333,"player_choice":"Gave Idol","damage_taken":0,"max_hp_gain":0,"max_hp_loss":0,"event_name":"The Moai Head","floor":36,"relics_lost":["Golden Idol"],"gold_loss":0}],"is_beta":false,"boss_relics":[{"not_picked":["SlaversCollar","Calling Bell"],"picked":"Ring of the Serpent"},{"not_picked":["Philosopher\u0027s Stone","Busted Crown"],"picked":"Sozu"}],"items_purged_floors":[11,19],"is_endless":false,"potions_floor_spawned":[6,8,14,20,25,27,33],"killed_by":"3 Darklings","ascension_level":10}}