{"host":"9jj9tzo2iym4bpat","time":1610492367,"event":{"mods":["Act Like it!","BaseMod","CapriCore","Gensokyo","Luminous","Marisa????????","Minty Spire (QoL Compilation)","Permanent Neow","StSLib","Td1madao Mod","The Animator","The Immortal","The Marked","The Servant 0.9.4"],"gold_per_floor":[217,9,9,9,26,59,59,79,102,121,138,138,138],"floor_reached":12,"language":"ENG","playtime":543,"items_purged":[],"score":80,"play_id":"1782b1fc-9f3f-480c-b445-d4f8208ad75f","local_time":"20210112165927","is_ascension_mode":false,"campfire_choices":[{"floor":7,"key":"REST"}],"circlet_count":0,"master_deck":["Strike_S","Strike_S+1","Strike_S","Strike_S+1","Defend_S","Defend_S","Defend_S","KidneyShot","Exchange","SilverBlades","FastForward","Starlight","Hightail","Spin","Spin","Alleviate"],"relics":["Uniform","Omamori","Bag of Marbles","Whetstone","Boot"],"acts_visited":["Exordium"],"potions_floor_usage":[11],"damage_taken":[{"damage":0,"enemies":"Cultist","floor":1,"turns":4},{"damage":3,"enemies":"Jaw Worm","floor":5,"turns":3},{"damage":58,"enemies":"Gremlin Nob","floor":6,"turns":6},{"damage":10,"enemies":"Small Slimes","floor":8,"turns":2},{"damage":3,"enemies":"2 Fungi Beasts","floor":10,"turns":3},{"damage":0,"enemies":"Looter","floor":11,"turns":4},{"damage":41,"enemies":"Lagavulin","floor":12,"turns":5}],"seed_played":"-1273659488111044039","potions_obtained":[{"floor":8,"key":"Regen Potion"},{"floor":10,"key":"FairyPotion"}],"is_trial":false,"path_per_floor":["M","$","?","?","M","E","R","M","T","M","M","E"],"character_chosen":"THE_SERVANT","items_purchased":["Omamori","FastForward"],"campfire_rested":1,"item_purchase_floors":[2,2],"current_hp_per_floor":[65,65,65,65,62,4,23,13,13,10,15,0,0],"gold":138,"neow_bonus":"HUNDRED_GOLD","is_daily":false,"chose_seed":false,"campfire_upgraded":0,"win_rate":0.0,"timestamp":1610492367,"path_taken":["M","$","?","?","?","E","R","M","T","M","M","E"],"items_purchased_type":["Relic","Card"],"build_version":"2020-12-22","purchased_purges":0,"victory":false,"max_hp_per_floor":[65,65,65,65,65,65,65,65,65,65,65,65,65],"card_choices":[{"not_picked":["Starlight","GearUp"],"picked":"SilverBlades","floor":1},{"not_picked":["FastForward","TimeWarp"],"picked":"Starlight","floor":5},{"not_picked":["FloweringNight","Shuttle"],"picked":"Hightail","floor":6},{"not_picked":["ShatteredReality","MoonPhase"],"picked":"Spin","floor":8},{"not_picked":["Potential","Defy"],"picked":"Spin","floor":10},{"not_picked":["Revamp","Ricochet"],"picked":"Alleviate","floor":11}],"player_experience":227492,"relics_obtained":[{"floor":6,"key":"Whetstone"},{"floor":9,"key":"Boot"}],"event_choices":[{"damage_healed":0,"gold_gain":0,"player_choice":"Box","damage_taken":0,"relics_obtained":["Bag of Marbles"],"max_hp_gain":0,"max_hp_loss":0,"event_name":"Big Fish","floor":3,"gold_loss":0,"cards_obtained":["Regret"]},{"cards_removed":["Defend_S"],"damage_healed":0,"gold_gain":0,"player_choice":"Offered Basic","damage_taken":0,"max_hp_gain":0,"max_hp_loss":0,"event_name":"Bonfire Elementals","floor":4,"gold_loss":0}],"is_beta":false,"boss_relics":[],"items_purged_floors":[],"is_endless":false,"potions_floor_spawned":[8,10],"killed_by":"Lagavulin","ascension_level":0}}