{"host":"ojme7g6xlqwffsso","time":1610450893,"event":{"mods":["Act Like it!","BaseMod","Beaked The Cultist","Downfall","Hermit","Infinite Spire","MarisaÅiñ∂âJÅ@ñÇóùçπÅj","Minty Spire (QoL Compilation)","Replay The Spire","Shade Mod","Shop Mod","StSLib","The Alterego","The Cursed","Yuri Mod"],"gold_per_floor":[112,162,174,186,198,227,257,287,299,486,121,148,163,197,197,298,298,312,312,322,336,348,348,348,348,348,381,381,398,413,441,441,537,537,549,598,598,598,57,87,87,102,170,0,0,0,35,45,45,142,142,134,128,85,85,85,85,82,64,64,64,67,67,67,44,44,133,133,134,148,151,151,151,163,163,39,39,39,58,58,62,125,125,218,218,217,255,34,37,50,80,80,46,46],"floor_reached":93,"playtime":5115,"items_purged":["Delirium","Wraith","Writhe","Doubt","Replay:UnknownCurse","Looming Evil","Regret"],"score":1824,"play_id":"4e3a266a-94f5-4198-9518-ada133fddcbe","local_time":"20210112202813","is_ascension_mode":false,"campfire_choices":[{"data":"beaked:CrazyRituals","floor":15,"key":"SMITH"},{"data":"beaked:Brace","floor":23,"key":"SMITH"},{"data":"beaked:Brace","floor":25,"key":"SMITH"},{"data":"beaked:Ceremony","floor":28,"key":"SMITH"},{"data":"beaked:RitualOfBody","floor":32,"key":"SMITH"},{"data":"beaked:MachineEssence","floor":41,"key":"SMITH"},{"floor":49,"key":"DIG"},{"data":"beaked:BloodRitual","floor":57,"key":"SMITH"},{"data":"beaked:Ceremony","floor":61,"key":"SMITH"},{"data":"TheCursedMod:Dregs","floor":66,"key":"PURGE"},{"data":"beaked:Ceremony","floor":83,"key":"SMITH"}],"circlet_count":0,"master_deck":["beaked:Strike_Y","beaked:Strike_Y","beaked:Strike_Y+1","beaked:Strike_Y+1","beaked:Defend_Y+1","beaked:Defend_Y+1","beaked:Ceremony+1","beaked:Ceremony+1","beaked:Ceremony+1","Panache","beaked:Windmill","beaked:SacrificialScars+1","beaked:Brace+1","beaked:Windmill","beaked:RitualOfBody+1","beaked:HuntressEssence","beaked:Brace+1","beaked:TuckingFeathers","beaked:CrazyRituals+1","Slimebound:Icky","beaked:Sacrifice","beaked:Hexing+1","ReplayTheSpireMod:Doomed","beaked:Poke","beaked:MachineEssence+1","beaked:RitualOfBody+1","beaked:DesperateSwing+1","beaked:FeelMyPain","beaked:BloodRitual+1","beaked:Poke+1","infinitespire:Gouge","Slimebound:Icky","beaked:AwakenedForm+1","Clumsy","hexamod:Haunted","AbeCurse","ReplayTheSpireMod:??????????????????????","Replay:UnknownCurse","beaked:Resilience","beaked:Cower","ReplayTheSpireMod:IOU","Guardian:Aged","beaked:DesperateSwing","beaked:SacrificialScars+1","CurseOfTheBell","beaked:ShadowFade+1"],"relics":["beaked:MendingPlumage","Ring of Greed","Blue Doll","Ring of Searing","Gremlin Horn","MerchantsRug","Art of War","ReplayTheSpireMod:TigerMarble","TungstenRod","Philosopher\u0027s Stone","HornCleat","Smiling Mask","infinitespire:PuzzleCube","ChewingGum","OrangePellets","Lantern","Juzu Bracelet","Orichalcum","Golden Egg","Red Mask","Thread and Needle","infinitespire:FocusingShard","Cursed Key","Toolbox","Replay:Bandana","Dead Branch","Pondfish Scales","infinitespire:Lychee Nut","Golden Idol","Abe\u0027s Treasure","MutagenicStrength","Replay:Mystery Machine","Replay:Multitool","Pen Nib","Pantograph","Omamori","Sundial","Counterbalance","Matryoshka","Letter Opener"],"acts_visited":["Exordium","TheCity","TheBeyond","Exordium","TheCity","TheBeyond"],"potions_floor_usage":[12,93],"damage_taken":[{"damage":10,"enemies":"Small Slimes","floor":1,"turns":8},{"damage":10,"enemies":"Jaw Worm","floor":6,"turns":6},{"damage":12,"enemies":"2 Louse","floor":7,"turns":5},{"damage":23,"enemies":"Lots of Slimes","floor":8,"turns":5},{"damage":20,"enemies":"Lagavulin","floor":12,"turns":6},{"damage":18,"enemies":"Exordium Wildlife","floor":13,"turns":4},{"damage":1,"enemies":"Replay:BlueRogue","floor":14,"turns":7},{"damage":51,"enemies":"Slime Boss","floor":16,"turns":9},{"damage":43,"enemies":"3 Byrds","floor":18,"turns":5},{"damage":32,"enemies":"Chosen","floor":20,"turns":6},{"damage":43,"enemies":"Centurion and Healer","floor":21,"turns":8},{"damage":7,"enemies":"Snecko","floor":22,"turns":7},{"damage":51,"enemies":"Nightmare","floor":27,"turns":8},{"damage":65,"enemies":"Shelled Parasite and Fungi","floor":29,"turns":10},{"damage":42,"enemies":"Centurion and Healer","floor":30,"turns":10},{"damage":45,"enemies":"Gremlin Leader","floor":31,"turns":7},{"damage":104,"enemies":"Champ","floor":33,"turns":9},{"damage":78,"enemies":"3 Shapes","floor":35,"turns":9},{"damage":65,"enemies":"2 Orb Walkers","floor":36,"turns":6},{"damage":127,"enemies":"Nightmare","floor":40,"turns":9},{"damage":41,"enemies":"Orb Walker","floor":42,"turns":5},{"damage":76,"enemies":"Nemesis","floor":47,"turns":7},{"damage":109,"enemies":"Sphere and 2 Shapes","floor":48,"turns":6},{"damage":134,"enemies":"Donu and Deca","floor":50,"turns":8},{"damage":16,"enemies":"Small Slimes","floor":52,"turns":3},{"damage":14,"enemies":"2 Louse","floor":53,"turns":3},{"damage":87,"enemies":"Cultist","floor":58,"turns":4},{"damage":5,"enemies":"Blue Slaver","floor":62,"turns":5},{"damage":26,"enemies":"3 Sentries","floor":63,"turns":4},{"damage":58,"enemies":"Fading Forest","floor":67,"turns":6},{"damage":63,"enemies":"Shell Parasite","floor":69,"turns":3},{"damage":62,"enemies":"Chosen","floor":70,"turns":3},{"damage":61,"enemies":"Snecko","floor":71,"turns":5},{"damage":74,"enemies":"Book of Stabbing","floor":74,"turns":4},{"damage":40,"enemies":"Snake Plant","floor":79,"turns":3},{"damage":33,"enemies":"3 Cultists","floor":81,"turns":5},{"damage":57,"enemies":"Automaton","floor":84,"turns":6},{"damage":105,"enemies":"Orb Walker","floor":86,"turns":4},{"damage":53,"enemies":"3 Shapes","floor":87,"turns":2},{"damage":95,"enemies":"Spire Growth","floor":89,"turns":4},{"damage":24,"enemies":"Sphere and 2 Shapes","floor":90,"turns":2},{"damage":36,"enemies":"Nemesis","floor":91,"turns":3},{"damage":12,"enemies":"infinitespire:Three Voidlings","floor":93,"turns":1},{"damage":176,"enemies":"Nightmare_Alpha","floor":93,"turns":6}],"seed_played":"8865560279115085539","potions_obtained":[{"floor":1,"key":"Block Potion"},{"floor":8,"key":"FairyPotion"},{"floor":12,"key":"SmokeBomb"},{"floor":13,"key":"Milkshake"},{"floor":42,"key":"Elixir"},{"floor":62,"key":"SpeedPotion"},{"floor":70,"key":"FearPotion"},{"floor":74,"key":"FearPotion"},{"floor":79,"key":"Fire Potion"},{"floor":91,"key":"Explosive Potion"},{"floor":92,"key":"Slimebound:ThreeZeroPotion"},{"floor":92,"key":"CultistPotion"}],"is_trial":false,"path_per_floor":["M","?","?","?","?","M","M","M","T","?","$","E","M","E","R","B",null,"M","?","M","M","M","R","?","R","T","NM","R","M","M","E","R","B",null,"M","?","?","?","$","NM","R","M","T","?","AVR","?","E","M","R","B",null,"M","M","$","?","?","R","M","$","T","R","M","E","?","$","R","B",null,"M","M","M","?","?","E","?","$","T","R","M","R","M","?","R","B",null,"M","M","$","M","M","E","R","?"],"character_chosen":"BEAKED_THE_CULTIST","items_purchased":["MerchantsRug","Art of War","beaked:Hexing+1","OrangePellets","Lantern","Juzu Bracelet","beaked:Poke+1","Toolbox","Replay:Bandana","Pen Nib","Matryoshka"],"campfire_rested":0,"item_purchase_floors":[11,11,11,39,39,39,39,54,54,76,88],"current_hp_per_floor":[47,47,47,5,5,12,14,12,12,12,12,12,10,31,31,16,68,51,51,40,43,65,65,65,65,65,65,65,70,74,77,77,54,98,61,61,61,61,61,43,43,69,69,69,69,69,86,71,71,59,139,140,144,144,144,135,135,69,69,69,69,93,101,73,73,73,119,119,91,65,127,127,100,51,51,51,61,61,85,85,151,151,151,160,160,114,98,98,25,23,50,50,0,0],"gold":46,"neow_bonus":"RANDOM_COLORLESS_2","is_daily":false,"chose_seed":false,"campfire_upgraded":9,"win_rate":0.0,"timestamp":1610450893,"path_taken":["M","?","?","?","?","M","M","M","T","?","$","E","M","E","R","BOSS","M","?","M","M","?","R","?","R","T","NM","R","M","M","E","R","BOSS","M","?","?","?","$","NM","R","M","T","?","AVR","?","E","M","R","BOSS","M","M","$","?","?","R","M","$","T","R","M","E","?","?","R","BOSS","M","M","M","?","?","E","?","$","T","R","M","R","M","?","R","BOSS","M","M","$","M","M","E","R","?"],"items_purchased_type":["Relic","Relic","Card","Relic","Relic","Relic","Card","Relic","Relic","Relic","Relic"],"build_version":"2020-12-22","purchased_purges":7,"victory":false,"max_hp_per_floor":[50,50,50,50,50,50,53,56,56,56,56,56,59,62,62,68,68,71,71,74,80,83,83,83,83,83,86,86,92,95,98,98,98,98,104,121,121,121,121,124,124,124,124,124,124,124,127,133,133,139,139,142,148,148,148,148,148,151,151,151,151,153,116,116,116,116,119,119,122,128,131,131,136,139,139,139,149,149,149,149,157,157,157,160,160,166,172,172,178,184,187,187,193,193],"card_choices":[{"not_picked":["ReplayTheSpireMod:Necrogeddon","Master of Strategy"],"picked":"Panache","floor":0},{"not_picked":["beaked:Flinch","beaked:Struggle"],"picked":"beaked:Windmill","floor":1},{"not_picked":["beaked:WarriorEssence","beaked:Evade"],"picked":"beaked:TuckingFeathers","floor":6},{"not_picked":["beaked:Tweet","beaked:SurvivalInstinct"],"picked":"beaked:CrazyRituals","floor":7},{"not_picked":["beaked:CrazyRituals","beaked:Resilience"],"picked":"beaked:Sacrifice","floor":8},{"not_picked":["beaked:Poke","beaked:Windmill","beaked:SurvivalInstinct"],"picked":"SKIP","floor":12},{"not_picked":["beaked:Tweet","beaked:Resilience","beaked:Cower"],"picked":"SKIP","floor":13},{"not_picked":["beaked:WindBringer","beaked:Overexert"],"picked":"beaked:Poke","floor":14},{"not_picked":["beaked:Caw","beaked:Brainwash"],"picked":"beaked:MachineEssence","floor":16},{"not_picked":["beaked:DigDeep","beaked:CursingBlood+1","beaked:BraceForImpact"],"picked":"SKIP","floor":18},{"not_picked":["beaked:Poke","beaked:Tradeoff","beaked:Daydream"],"picked":"SKIP","floor":20},{"not_picked":["beaked:Redirect+1","beaked:CrazyRituals","beaked:MimicWarrior"],"picked":"SKIP","floor":21},{"not_picked":["beaked:WarriorEssence+1","beaked:Flinch","beaked:BraceForImpact"],"picked":"SKIP","floor":22},{"not_picked":["beaked:BraceForImpact","beaked:WarriorEssence+1"],"picked":"beaked:RitualOfBody","floor":27},{"not_picked":["beaked:RuinSticks+1","beaked:Hexing","beaked:Evade"],"picked":"SKIP","floor":29},{"not_picked":["beaked:VigorBurst","beaked:Windmill"],"picked":"beaked:DesperateSwing+1","floor":30},{"not_picked":["beaked:FeelMyPain","beaked:Poke","beaked:Pecker"],"picked":"SKIP","floor":31},{"not_picked":["beaked:Poke","beaked:Pecker"],"picked":"beaked:FeelMyPain","floor":31},{"not_picked":["ReplayTheSpireMod:Wings of Steel+1","beaked:TuckingFeathers"],"picked":"beaked:BloodRitual","floor":35},{"not_picked":["infinitespire:Execution","infinitespire:DeathsTouch"],"picked":"infinitespire:Gouge","floor":40},{"not_picked":["beaked:Tweet","ReplayTheSpireMod:Wings of Steel+1","beaked:SacrificialDive+1"],"picked":"SKIP","floor":40},{"not_picked":["beaked:DigDeep","beaked:VigorBurst+1","beaked:Daydream"],"picked":"SKIP","floor":42},{"not_picked":["beaked:SacrificialAttack","beaked:Poke+1","beaked:MachineEssence"],"picked":"SKIP","floor":47},{"not_picked":["beaked:Mantra","beaked:WarriorSpirit+1","beaked:RuinSticks"],"picked":"SKIP","floor":48},{"not_picked":["beaked:SacrificialScars","beaked:Sacrifice"],"picked":"beaked:AwakenedForm","floor":50},{"not_picked":["beaked:Evade","beaked:BounceBack","beaked:Resilience"],"picked":"SKIP","floor":52},{"not_picked":["beaked:MaddeningMurmurs","beaked:TuckingFeathers","beaked:Tweet"],"picked":"SKIP","floor":53},{"not_picked":["beaked:TuckingFeathers","ReplayTheSpireMod:Wings of Steel","beaked:SurvivalInstinct"],"picked":"SKIP","floor":58},{"not_picked":["beaked:Mantra","beaked:Pecker","beaked:WarriorSpirit"],"picked":"SKIP","floor":62},{"not_picked":["beaked:DesperateSwing","beaked:Tweet","beaked:BraceForImpact"],"picked":"SKIP","floor":63},{"not_picked":["infinitespire:UltimateForm","ReplayTheSpireMod:Black Plague"],"picked":"ReplayTheSpireMod:??????????????????????","floor":68},{"not_picked":["beaked:Foresight","beaked:Cower","beaked:Resilience"],"picked":"SKIP","floor":69},{"not_picked":["beaked:Brace+1","beaked:RitualOfBody","beaked:Cower"],"picked":"SKIP","floor":70},{"not_picked":["beaked:BarbedWire","beaked:Flinch","beaked:VigorBurst"],"picked":"SKIP","floor":71},{"not_picked":["beaked:BloodRitual","beaked:Molting","beaked:MimicWarrior"],"picked":"SKIP","floor":74},{"not_picked":["beaked:Foresight","beaked:BloodRitual","beaked:Molting"],"picked":"SKIP","floor":79},{"not_picked":["beaked:Poke","beaked:TuckingFeathers","beaked:Windmill"],"picked":"SKIP","floor":81},{"not_picked":["beaked:WarriorSpirit","beaked:CursingBlood+1"],"picked":"beaked:DesperateSwing","floor":82},{"not_picked":["beaked:ShadowFade","beaked:DarkTribute"],"picked":"beaked:SacrificialScars","floor":84},{"not_picked":["beaked:WarriorEssence+1","beaked:CursingBlood","beaked:DigDeeper"],"picked":"SKIP","floor":86},{"not_picked":["beaked:BraceForImpact","beaked:Daydream"],"picked":"beaked:ShadowFade","floor":87},{"not_picked":["beaked:Insight","beaked:Redirect+1","beaked:Foresight"],"picked":"SKIP","floor":89},{"not_picked":["beaked:Foresight","beaked:BraceForImpact","beaked:Poke+1"],"picked":"SKIP","floor":90},{"not_picked":["beaked:MimicWarrior","ReplayTheSpireMod:Prepare the Ceremony","beaked:DigDeep"],"picked":"SKIP","floor":91}],"player_experience":933168,"relics_obtained":[{"floor":2,"key":"Ring of Greed"},{"floor":2,"key":"Blue Doll"},{"floor":2,"key":"MawBank"},{"floor":2,"key":"Ring of Searing"},{"floor":9,"key":"Gremlin Horn"},{"floor":12,"key":"ReplayTheSpireMod:TigerMarble"},{"floor":14,"key":"TungstenRod"},{"floor":26,"key":"HornCleat"},{"floor":27,"key":"Smiling Mask"},{"floor":31,"key":"infinitespire:PuzzleCube"},{"floor":36,"key":"Mango"},{"floor":40,"key":"Orichalcum"},{"floor":43,"key":"Golden Egg"},{"floor":47,"key":"Replay:WaspNest"},{"floor":49,"key":"infinitespire:FocusingShard"},{"floor":55,"key":"Dead Branch"},{"floor":60,"key":"Whetstone"},{"floor":63,"key":"infinitespire:Lychee Nut"},{"floor":74,"key":"Replay:Mystery Machine"},{"floor":77,"key":"Pear"},{"floor":82,"key":"Pantograph"},{"floor":85,"key":"Omamori"},{"floor":85,"key":"Sundial"},{"floor":85,"key":"Counterbalance"},{"floor":91,"key":"Letter Opener"}],"event_choices":[{"damage_healed":0,"gold_gain":0,"player_choice":"Success","damage_taken":42,"relics_obtained":["Replay:Bottled Eggs"],"max_hp_gain":0,"max_hp_loss":0,"event_name":"Scrap Ooze","floor":4,"gold_loss":0},{"damage_healed":0,"gold_gain":175,"player_choice":"AGREE","damage_taken":0,"max_hp_gain":0,"max_hp_loss":0,"event_name":"Liars Game","floor":10,"gold_loss":0,"cards_obtained":["Doubt"]},{"damage_healed":0,"gold_gain":0,"player_choice":"Upgraded","damage_taken":0,"max_hp_gain":0,"max_hp_loss":0,"event_name":"Upgrade Shrine","floor":19,"gold_loss":0,"cards_upgraded":["beaked:RitualOfBody"]},{"damage_healed":0,"gold_gain":0,"player_choice":"Ignored","damage_taken":0,"max_hp_gain":0,"max_hp_loss":0,"event_name":"Ghosts","floor":24,"gold_loss":0},{"damage_healed":0,"gold_gain":0,"player_choice":"Fight","damage_taken":0,"max_hp_gain":0,"max_hp_loss":0,"event_name":"Mysterious Sphere","floor":36,"gold_loss":0},{"damage_healed":0,"gold_gain":0,"player_choice":"Memory 1","damage_taken":0,"max_hp_gain":0,"max_hp_loss":0,"event_name":"SensoryStone","floor":37,"gold_loss":0},{"cards_removed":["beaked:Strike_Y"],"damage_healed":0,"gold_gain":0,"player_choice":"Removed Attack","damage_taken":0,"max_hp_gain":0,"max_hp_loss":0,"event_name":"Falling","floor":38,"gold_loss":0},{"damage_healed":0,"gold_gain":0,"player_choice":"Paid","damage_taken":0,"relics_obtained":["Red Mask"],"max_hp_gain":0,"max_hp_loss":0,"event_name":"Tomb of Lord Red Mask","floor":44,"gold_loss":170},{"damage_healed":0,"gold_gain":0,"player_choice":"Got Potions","damage_taken":0,"max_hp_gain":0,"max_hp_loss":0,"event_name":"Lab","floor":46,"gold_loss":0},{"damage_healed":0,"gold_gain":0,"player_choice":"Success","damage_taken":12,"relics_obtained":["Pondfish Scales"],"max_hp_gain":0,"max_hp_loss":0,"event_name":"Scrap Ooze","floor":56,"gold_loss":0},{"damage_healed":0,"gold_gain":0,"player_choice":"Take Damage","damage_taken":29,"relics_obtained":["Golden Idol"],"max_hp_gain":0,"max_hp_loss":0,"event_name":"Golden Idol","floor":64,"gold_loss":0},{"damage_healed":0,"gold_gain":0,"player_choice":"Inject Mutagens","damage_taken":0,"relics_obtained":["MutagenicStrength"],"max_hp_gain":0,"max_hp_loss":0,"event_name":"Drug Dealer","floor":72,"gold_loss":0},{"damage_healed":0,"gold_gain":0,"player_choice":"Shed Blood","damage_taken":33,"max_hp_gain":5,"max_hp_loss":0,"event_name":"Forgotten Altar","floor":73,"gold_loss":0},{"damage_healed":0,"gold_gain":0,"cards_transformed":["beaked:Defend_Y"],"player_choice":"Transformed","damage_taken":0,"max_hp_gain":0,"max_hp_loss":0,"event_name":"Transmorgrifier","floor":80,"gold_loss":0,"cards_obtained":["beaked:Cower"]}],"is_beta":false,"boss_relics":[{"not_picked":["Tiny House","Runic Pyramid"],"picked":"Philosopher\u0027s Stone"},{"not_picked":["Replay:Bronze Core","SlaversCollar"],"picked":"ChewingGum"},{"not_picked":["beaked:SacredDeck","Replay:Drink Me"],"picked":"Cursed Key"},{"not_picked":["Velvet Choker","beaked:MawFillet"],"picked":"Abe\u0027s Treasure"},{"not_picked":["Replay:Ancient Bell","infinitespire:Cupcake"],"picked":"Calling Bell"}],"items_purged_floors":[11,39,45,54,59,65,88],"is_endless":true,"potions_floor_spawned":[1,8,12,13,16,18,21,29,42,48,53,62,70,74,79,87,91],"killed_by":"Nightmare_Alpha","ascension_level":0}}