{"host":"grklf728wqifs9z9","time":1610423924,"event":{"mods":["BaseMod","Downfall","MarisaÅiñ∂âJÅ@ñÇóùçπÅj","Minty Spire (QoL Compilation)","Replay The Spire","Shop Mod","StSLib","The Animator","The Bug Knight","The Cursed","The Disciple","The Necromancer","The Servant 0.9.4"],"gold_per_floor":[128,128,140,140,140,140,169,169,193,193,193,368,368,368,384,384,384,384,384],"floor_reached":18,"playtime":1077,"items_purged":[],"score":100,"play_id":"668ec532-3628-4776-8433-219a562fe822","local_time":"20210112125844","is_ascension_mode":false,"campfire_choices":[{"floor":8,"key":"RECALL"},{"data":"animator:Darkness","floor":13,"key":"SMITH"},{"floor":17,"key":"REST"}],"circlet_count":0,"master_deck":["animator:Strike_NoGameNoLife","animator:Defend_NoGameNoLife","animator:Strike","animator:Strike","animator:Strike","animator:Defend","animator:Defend","animator:Defend","animator:DolaSchwi","animator:DolaCouronne","animator:NagisaMomoe","animator:YachiyoNanami","animator:Darkness+1","animator:DolaStephanie","Injury","Doubt","Spreading Infection","TheCursedMod:SoulReap"],"relics":["animator:TheMissingPiece","animator:PurgingStone","animator:CursedBlade","Golden Idol","PrismaticShard","NlothsMask"],"acts_visited":["Exordium"],"potions_floor_usage":[9],"damage_taken":[{"damage":0,"enemies":"Small Slimes","floor":1,"turns":3},{"damage":12,"enemies":"Jaw Worm","floor":3,"turns":4},{"damage":2,"enemies":"Cultist","floor":7,"turns":5},{"damage":5,"enemies":"Looter","floor":9,"turns":4},{"damage":0,"enemies":"Large Slime","floor":15,"turns":4},{"damage":77,"enemies":"Hexaghost","floor":18,"turns":16}],"seed_played":"-4883338591907178441","potions_obtained":[{"floor":3,"key":"DistilledChaos"}],"is_trial":false,"path_per_floor":["M","?","M","PTL","PTL","$","M","R","M","?","T","?","R","?","M","?","R","B"],"character_chosen":"THE_ANIMATOR","items_purchased":[],"campfire_rested":1,"item_purchase_floors":[],"current_hp_per_floor":[66,66,55,55,55,55,53,53,48,48,48,48,48,48,48,48,67,0,0],"gold":384,"neow_bonus":"BOSS_RELIC","is_daily":false,"chose_seed":false,"campfire_upgraded":1,"win_rate":0.0,"timestamp":1610423924,"path_taken":["M","?","M","PTL","PTL","?","M","R","?","?","T","?","R","?","M","?","R","BOSS"],"items_purchased_type":[],"build_version":"2020-12-22","purchased_purges":0,"victory":false,"max_hp_per_floor":[66,66,67,67,67,67,67,67,67,67,67,67,67,67,67,67,67,67,67],"card_choices":[{"not_picked":["animator:Gillette","animator:ChaikaBohdan"],"picked":"animator:NagisaMomoe","floor":1},{"not_picked":["animator:DolaRiku","animator:ChaikaBohdan"],"picked":"animator:YachiyoNanami","floor":3},{"not_picked":["animator:Illya","animator:DolaRiku"],"picked":"animator:Darkness","floor":7},{"not_picked":["animator:DolaSchwi","animator:DolaCouronne"],"picked":"animator:DolaStephanie","floor":9},{"not_picked":["animator:Shion","animator:GuildGirl"],"picked":"TheCursedMod:SoulReap","floor":15}],"player_experience":113451,"relics_obtained":[],"event_choices":[{"damage_healed":0,"gold_gain":0,"player_choice":"Leave","damage_taken":0,"max_hp_gain":0,"max_hp_loss":0,"event_name":"The Cleric","floor":2,"gold_loss":0},{"damage_healed":0,"gold_gain":0,"player_choice":"Take Wound","damage_taken":0,"relics_obtained":["Golden Idol"],"max_hp_gain":0,"max_hp_loss":0,"event_name":"Golden Idol","floor":10,"gold_loss":0,"cards_obtained":["Injury"]},{"damage_healed":0,"gold_gain":175,"player_choice":"AGREE","damage_taken":0,"max_hp_gain":0,"max_hp_loss":0,"event_name":"Liars Game","floor":12,"gold_loss":0,"cards_obtained":["Doubt"]},{"damage_healed":0,"gold_gain":0,"player_choice":"Trade","damage_taken":0,"relics_obtained":["NlothsMask"],"max_hp_gain":0,"max_hp_loss":0,"event_name":"FaceTrader","floor":16,"gold_loss":0}],"is_beta":false,"boss_relics":[],"items_purged_floors":[],"is_endless":false,"potions_floor_spawned":[3],"killed_by":"Hexaghost","ascension_level":0}}