{"host":"i7jfea87xc8lz16p","time":1610410330,"event":{"mods":["AchievementEnabler","BaseMod","Colored Powertips","Minty Spire (QoL Compilation)","Relic Stats"],"gold_per_floor":[113,113,126,144,144,144,162,172,195,195,195,228,22,33,33,112,112,126,126,145,60,70,70,82,115,141,141,141,160,190,209,209,209,209],"floor_reached":33,"playtime":1436,"items_purged":["Strike_G"],"score":578,"play_id":"be7dde2b-ebcd-447c-aebf-3e4eaf3784ba","local_time":"20210112011210","is_ascension_mode":true,"campfire_choices":[{"data":"Poisoned Stab","floor":6,"key":"SMITH"},{"floor":11,"key":"REST"},{"floor":15,"key":"REST"},{"data":"Crippling Poison","floor":23,"key":"SMITH"},{"floor":27,"key":"REST"},{"floor":32,"key":"REST"}],"circlet_count":0,"master_deck":["AscendersBane","Strike_G","Defend_G","Defend_G","Defend_G","Defend_G","Defend_G","Survivor","Neutralize+1","Poisoned Stab+1","Dagger Throw","Crippling Poison+1","Poisoned Stab","PiercingWail","Footwork+1","Bouncing Flask","Glass Knife","PiercingWail","Leg Sweep","Dagger Spray+1"],"relics":["Empty Cage","Frozen Egg 2","Smiling Mask","StoneCalendar","Busted Crown","Molten Egg 2","Anchor","Bag of Preparation","Strawberry"],"acts_visited":["Exordium","TheCity"],"potions_floor_usage":[7,12,16,16,20,24,25,30,33],"damage_taken":[{"damage":18,"enemies":"Cultist","floor":1,"turns":6},{"damage":7,"enemies":"Small Slimes","floor":3,"turns":6},{"damage":7,"enemies":"2 Louse","floor":4,"turns":5},{"damage":2,"enemies":"Red Slaver","floor":7,"turns":4},{"damage":5,"enemies":"2 Fungi Beasts","floor":8,"turns":3},{"damage":25,"enemies":"Lagavulin","floor":12,"turns":5},{"damage":9,"enemies":"Exordium Thugs","floor":14,"turns":7},{"damage":18,"enemies":"Slime Boss","floor":16,"turns":7},{"damage":0,"enemies":"Spheric Guardian","floor":18,"turns":3},{"damage":5,"enemies":"2 Thieves","floor":20,"turns":4},{"damage":2,"enemies":"Snecko","floor":22,"turns":6},{"damage":4,"enemies":"3 Cultists","floor":24,"turns":5},{"damage":25,"enemies":"Book of Stabbing","floor":25,"turns":6},{"damage":4,"enemies":"Snake Plant","floor":29,"turns":4},{"damage":14,"enemies":"Gremlin Leader","floor":30,"turns":7},{"damage":4,"enemies":"Centurion and Healer","floor":31,"turns":7},{"damage":58,"enemies":"Automaton","floor":33,"turns":8}],"seed_played":"4985446256331088475","potions_obtained":[{"floor":3,"key":"Regen Potion"},{"floor":8,"key":"Strength Potion"},{"floor":16,"key":"AttackPotion"},{"floor":20,"key":"Poison Potion"},{"floor":24,"key":"AttackPotion"},{"floor":29,"key":"Swift Potion"},{"floor":31,"key":"Regen Potion"}],"is_trial":false,"path_per_floor":["M","T","M","M","?","R","M","M","T","?","R","E","$","M","R","B",null,"M","?","M","?","M","R","M","E","T","R","?","M","E","M","R","B"],"character_chosen":"THE_SILENT","items_purchased":["Footwork+1","Fire Potion","FearPotion"],"campfire_rested":4,"item_purchase_floors":[13,13,13],"current_hp_per_floor":[41,41,34,27,27,27,37,32,32,32,51,26,26,17,36,18,54,54,54,49,49,47,47,43,18,18,37,37,33,26,22,43,0,0],"gold":209,"neow_bonus":"BOSS_RELIC","is_daily":false,"chose_seed":false,"campfire_upgraded":2,"win_rate":0.0,"timestamp":1610410330,"path_taken":["M","?","M","M","?","R","M","M","T","?","R","E","$","M","R","BOSS","M","?","M","?","?","R","M","E","T","R","?","M","E","M","R","BOSS"],"items_purchased_type":["Card","Potion","Potion"],"build_version":"2020-12-22","purchased_purges":1,"victory":false,"max_hp_per_floor":[66,66,66,66,66,66,66,66,66,66,66,66,66,66,66,66,66,66,66,66,66,66,66,66,66,66,66,66,66,73,73,73,73,73],"relic_stats":{"Busted Crown":16,"counters":[17,93],"StoneCalendar":[235],"Bag of Preparation":[8],"Smiling Mask":25,"obtain_stats":[{"Anchor":25,"Busted Crown":17,"Strawberry":30,"StoneCalendar":12,"Molten Egg 2":21,"Bag of Preparation":26,"Frozen Egg 2":2,"Empty Cage":0,"Smiling Mask":9,"Ring of the Snake":0},{"Anchor":13,"Busted Crown":8,"Strawberry":15,"StoneCalendar":6,"Molten Egg 2":10,"Bag of Preparation":13,"Frozen Egg 2":1,"Empty Cage":0,"Smiling Mask":5,"Ring of the Snake":0},{"Anchor":67,"Busted Crown":43,"Strawberry":78,"StoneCalendar":29,"Molten Egg 2":50,"Bag of Preparation":67,"Frozen Egg 2":6,"Empty Cage":0,"Smiling Mask":24,"Ring of the Snake":0}]},"card_choices":[{"not_picked":["Acrobatics","Dodge and Roll","Setup"],"picked":"SKIP","floor":1},{"not_picked":["Slice","Dash"],"picked":"Poisoned Stab","floor":3},{"not_picked":["Skewer","Underhanded Strike"],"picked":"Dagger Throw","floor":4},{"not_picked":["Dagger Throw","Deflect"],"picked":"Crippling Poison","floor":7},{"not_picked":["Skewer","Dash"],"picked":"Poisoned Stab","floor":8},{"not_picked":["Sucker Punch","Malaise"],"picked":"PiercingWail","floor":12},{"not_picked":["Eviscerate","Deflect"],"picked":"Bouncing Flask","floor":14},{"not_picked":["Bullet Time","A Thousand Cuts+1"],"picked":"Glass Knife","floor":16},{"not_picked":[],"picked":"PiercingWail","floor":18},{"not_picked":[],"picked":"Leg Sweep","floor":20},{"not_picked":[],"picked":"Dagger Spray+1","floor":22},{"not_picked":["Poisoned Stab+1"],"picked":"SKIP","floor":24},{"not_picked":["Bouncing Flask"],"picked":"SKIP","floor":25},{"not_picked":["Deadly Poison"],"picked":"SKIP","floor":29},{"not_picked":["Infinite Blades+1"],"picked":"SKIP","floor":30},{"not_picked":["Slice+1"],"picked":"SKIP","floor":31}],"player_experience":1749078,"relics_obtained":[{"floor":2,"key":"Frozen Egg 2"},{"floor":9,"key":"Smiling Mask"},{"floor":12,"key":"StoneCalendar"},{"floor":25,"key":"Anchor"},{"floor":26,"key":"Bag of Preparation"},{"floor":30,"key":"Strawberry"}],"event_choices":[{"damage_healed":0,"gold_gain":0,"player_choice":"Grow","damage_taken":0,"max_hp_gain":0,"max_hp_loss":0,"event_name":"Living Wall","floor":5,"gold_loss":0,"cards_upgraded":["Neutralize"]},{"cards_removed":["Strike_G"],"damage_healed":0,"gold_gain":0,"player_choice":"Offered Basic","damage_taken":0,"max_hp_gain":0,"max_hp_loss":0,"event_name":"Bonfire Elementals","floor":10,"gold_loss":0},{"damage_healed":0,"gold_gain":0,"player_choice":"Ignored","damage_taken":0,"max_hp_gain":0,"max_hp_loss":0,"event_name":"Vampires","floor":19,"gold_loss":0},{"damage_healed":0,"gold_gain":0,"player_choice":"Obtained Relic","damage_taken":0,"relics_obtained":["Molten Egg 2"],"max_hp_gain":0,"max_hp_loss":0,"event_name":"Addict","floor":21,"gold_loss":85},{"damage_healed":0,"gold_gain":0,"player_choice":"Ignored","damage_taken":0,"max_hp_gain":0,"max_hp_loss":0,"event_name":"Cursed Tome","floor":28,"gold_loss":0}],"is_beta":false,"boss_relics":[{"not_picked":["WristBlade","Calling Bell"],"picked":"Busted Crown"}],"items_purged_floors":[13],"is_endless":false,"potions_floor_spawned":[3,8,16,20,24,29,31],"killed_by":"Automaton","ascension_level":20}}