{"host":"1zjc08c6hob33401","time":1610411651,"event":{"mods":["AchievementEnabler","Act Like it!","Aspiration","BaseMod","Downfall","Energized Spire","Evolution","GifTheSpireLib","Hubris","Infinite Spire","Jedi Mod","Minty Spire (QoL Compilation)","Pale of the Ancients","Quick Restart","Replay The Spire","Retaliation","Shop Mod","StSLib","Stuff the Spire","The Blue Laboratory","Wandering Minibosses","vexMod"],"gold_per_floor":[117,117,135,135,151,151,169,169,169,169,181,192,209,239,239,344,344,356,356,371,186,203,237,237,237,237,269,283,299,299,309,309,407,407,418,429,449,64,77,77,77],"floor_reached":40,"playtime":6557,"items_purged":["Defend_B"],"score":608,"play_id":"c1655a51-bd30-4c15-b3e7-195d21eb5ee3","local_time":"20210112023411","is_ascension_mode":true,"campfire_choices":[{"data":"Zap","floor":6.0,"key":"SMITH"},{"data":"Self Repair","floor":8.0,"key":"SMITH"},{"data":"Beam Cell","floor":10.0,"key":"SMITH"},{"data":"jedi:darknesscall","floor":15.0,"key":"SMITH"},{"data":"Hyperbeam","floor":24.0,"key":"SMITH"},{"data":"Biased Cognition","floor":30.0,"key":"SMITH"},{"data":"StuffTheSpire:Vigor","floor":32.0,"key":"SMITH"}],"circlet_count":0,"master_deck":["Sweeping Beam","Sweeping Beam+1","Strike_B","Strike_B","Defend_B","Defend_B","Defend_B","Zap+1","Dualcast","Self Repair+1","Steam","Beam Cell+1","Glacier","Beam Cell","jedi:gatheringstorm","Compile Driver","jedi:darknesscall+1","Hyperbeam+1","Compile Driver+1","Defragment+1","StuffTheSpire:Vigor+1","jedi:blockon+1","Cold Snap","Biased Cognition+1","Cold Snap+1","jedi:BurstLightning+1","Mirror Shield","Chaos+1","Streamline+1","Redo+1","Genetic Algorithm","Loop"],"relics":["Cracked Core","EVO:Axolotl","infinitespire:Broken Mirror","hubris:Reverence","SlaversCollar","jedi:battlestandard","Quantum Egg","Solar Panel","StuffTheSpire:EmeraldSignet","aspiration:SecretTechniqueScroll","infinitespire:PuzzleCube"],"acts_visited":["Exordium","TheCity","TheBeyond"],"potions_floor_usage":[40],"damage_taken":[{"damage":13.0,"enemies":"Jaw Worm","floor":1.0,"turns":4.0},{"damage":0.0,"enemies":"Small Slimes","floor":3.0,"turns":2.0},{"damage":9.0,"enemies":"2 Louse","floor":5.0,"turns":2.0},{"damage":20.0,"enemies":"Large Slime","floor":7.0,"turns":6.0},{"damage":2.0,"enemies":"Blue Slaver","floor":11.0,"turns":3.0},{"damage":10.0,"enemies":"3 Louse","floor":12.0,"turns":3.0},{"damage":7.0,"enemies":"Red Slaver","floor":13.0,"turns":4.0},{"damage":4.0,"enemies":"Replay:BlueRogue","floor":14.0,"turns":4.0},{"damage":56.0,"enemies":"Fading Forest","floor":16.0,"turns":11.0},{"damage":11.0,"enemies":"2 Thieves","floor":18.0,"turns":3.0},{"damage":20.0,"enemies":"Spheric Guardian","floor":20.0,"turns":4.0},{"damage":8.0,"enemies":"3 Cultists","floor":22.0,"turns":6.0},{"damage":4.0,"enemies":"Replay:Snechameleon","floor":23.0,"turns":5.0},{"damage":13.0,"enemies":"Book of Stabbing","floor":27.0,"turns":4.0},{"damage":1.0,"enemies":"Centurion and Healer","floor":28.0,"turns":7.0},{"damage":16.0,"enemies":"Snake Plant","floor":29.0,"turns":2.0},{"damage":20.0,"enemies":"Shelled Parasite and Fungi","floor":31.0,"turns":6.0},{"damage":59.0,"enemies":"hubris:MusketHawk","floor":33.0,"turns":10.0},{"damage":0.0,"enemies":"Orb Walker","floor":35.0,"turns":2.0},{"damage":59.0,"enemies":"3 Darklings","floor":36.0,"turns":6.0},{"damage":7.0,"enemies":"Sphere and 2 Shapes","floor":37.0,"turns":3.0},{"damage":30.0,"enemies":"Jaw Worm Horde","floor":39.0,"turns":4.0},{"damage":3,"enemies":"Giant Head","floor":40,"turns":1}],"seed_played":"-8260987666210960292","potions_obtained":[{"floor":5.0,"key":"Swift Potion"},{"floor":12.0,"key":"blueLaboratory:RelayPotion"},{"floor":14.0,"key":"blueLaboratory:BottleOfVodka"},{"floor":22.0,"key":"blueLaboratory:LouseDecoction"},{"floor":28.0,"key":"blueLaboratory:ImpenetrablePotion"},{"floor":29.0,"key":"blueLaboratory:AbyssPotion"},{"floor":31.0,"key":"DDmod:CleansePotion"},{"floor":33.0,"key":"LiquidMemories"},{"floor":39.0,"key":"blueLaboratory:PhilterOfMotion"}],"is_trial":false,"path_per_floor":["M","?","M","?","M","R","M","R","T","R","M","M","M","E","R","B",null,"M","AVR","M","?","M","E","R","?","T","E","M","M","R","M","R","B",null,"M","M","M","$","M","E"],"character_chosen":"DEFECT","items_purchased":["infinitespire:PuzzleCube","Genetic Algorithm","Loop"],"campfire_rested":0,"item_purchase_floors":[38,38,38],"current_hp_per_floor":[62,62,69,69,67,67,54,54,54,54,62,62,65,61,61,23,67,56,56,46,46,48,54,54,62,62,61,72,68,68,60,60,25,68,72,27,32,32,2,0,0],"gold":77,"neow_bonus":"TEN_PERCENT_HP_BONUS","is_daily":false,"chose_seed":false,"campfire_upgraded":7,"win_rate":0.0,"timestamp":1610411651,"path_taken":["M","?","M","?","M","R","M","R","T","R","M","M","M","E","R","BOSS","M","AVR","M","?","M","E","R","?","T","E","M","M","R","M","R","BOSS","M","M","M","$","M","E"],"items_purchased_type":["Relic","Card","Card"],"build_version":"2020-12-22","purchased_purges":1,"victory":false,"max_hp_per_floor":[82,82,82,82,82,82,82,82,82,82,82,82,82,82,82,82,82,82,82,82,82,82,82,82,82,82,82,82,82,82,82,82,82,82,82,82,82,82,82,82,82],"card_choices":[{"not_picked":["Skim","Barrage"],"picked":"Self Repair","floor":1.0},{"not_picked":["Hologram","Stack"],"picked":"Steam","floor":3.0},{"not_picked":["Cold Snap","Coolheaded"],"picked":"Beam Cell","floor":5.0},{"not_picked":["Rebound","Self Repair"],"picked":"Glacier","floor":7.0},{"not_picked":["StuffTheSpire:LoadUp","hubris:Ukulele"],"picked":"Beam Cell","floor":11.0},{"not_picked":["Streamline","Beam Cell"],"picked":"jedi:gatheringstorm","floor":12.0},{"not_picked":["Coolheaded","Self Repair"],"picked":"Compile Driver","floor":13.0},{"not_picked":["jedi:blockon","jedi:hex"],"picked":"jedi:darknesscall","floor":14.0},{"not_picked":["jedi:darknesscall","jedi:gatheringstorm"],"picked":"Hyperbeam","floor":16.0},{"not_picked":["Turbo","Darkness"],"picked":"Compile Driver+1","floor":18.0},{"not_picked":["Sweeping Beam+1","jedi:BurstFrost"],"picked":"Defragment+1","floor":20.0},{"not_picked":["Barrage","Skim"],"picked":"jedi:blockon+1","floor":22.0},{"not_picked":["Hologram","Compile Driver"],"picked":"Cold Snap","floor":23.0},{"not_picked":["Rebound","jedi:blockon"],"picked":"Biased Cognition","floor":27.0},{"not_picked":["Conserve Battery","StuffTheSpire:LoadUp"],"picked":"Cold Snap+1","floor":28.0},{"not_picked":["Leap","Coolheaded"],"picked":"jedi:BurstLightning+1","floor":29.0},{"not_picked":["ReplayTheSpireMod:Reroute Power","Redo","StuffTheSpire:Plugnplay"],"picked":"SKIP","floor":31.0},{"not_picked":["Machine Learning","hubris:Prefetch"],"picked":"Mirror Shield","floor":33.0},{"not_picked":["Gash+1","Panic Button+1"],"picked":"Chaos+1","floor":35.0},{"not_picked":["Conserve Battery","StuffTheSpire:Plugnplay+1"],"picked":"Streamline+1","floor":36.0},{"not_picked":["Rebound","Coolheaded"],"picked":"Redo+1","floor":37.0},{"not_picked":["jedi:BurstLightning+1","Compile Driver","StuffTheSpire:LoadUp+1"],"picked":"SKIP","floor":39.0}],"player_experience":546798,"relics_obtained":[{"floor":9.0,"key":"infinitespire:Broken Mirror"},{"floor":14.0,"key":"hubris:Reverence"},{"floor":23.0,"key":"Quantum Egg"},{"floor":26.0,"key":"Solar Panel"},{"floor":27.0,"key":"StuffTheSpire:EmeraldSignet"}],"event_choices":[{"damage_healed":0.0,"max_hp_gain":0.0,"max_hp_loss":0.0,"gold_gain":0.0,"event_name":"Liars Game","player_choice":"Ignored","floor":2.0,"gold_loss":0.0,"damage_taken":0.0}],"is_beta":false,"boss_relics":[{"not_picked":["Black Star","hubris:Stopwatch"],"picked":"SlaversCollar"},{"not_picked":["infinitespire:Cupcake","StuffTheSpire:RunicConfusion"],"picked":"aspiration:SecretTechniqueScroll"}],"items_purged_floors":[38],"is_endless":false,"potions_floor_spawned":[5,12,14,22,28,29,31,33,39],"killed_by":"Giant Head","ascension_level":8}}