{"host":"yqhiqbig8kve4qcd","time":1610417002,"event":{"mods":["Aspiration","BaseMod","Block Reminder","Colored Powertips","Conspire","Downfall","Filter the Spire","Hermit","Hubris","Infinite Spire","Minty Spire (QoL Compilation)","Permanent Neow","Quick Restart","Replay The Spire","StSLib","The Jungle","vexMod"],"gold_per_floor":[215,215,230,242,242,242,258,277,277,277,277,277,291,84,84,180,180,195,32,42,42,62,62,75,75,75,75,89,101,101,101,101,101,101],"floor_reached":33,"playtime":2400,"items_purged":["hermit:Strike_Hermit"],"score":289,"play_id":"dd2cdcda-af39-4398-8947-2109a35d032c","local_time":"20210111210322","is_ascension_mode":false,"campfire_choices":[{"floor":6,"key":"RECALL"},{"data":"hermit:FlashPowder","floor":10,"key":"SMITH"},{"data":"hermit:Magnum","floor":15,"key":"SMITH"},{"floor":23,"key":"REST"},{"floor":30,"key":"REST"},{"floor":32,"key":"REST"}],"circlet_count":0,"master_deck":["hermit:Defend_Hermit","hermit:Defend_Hermit","hermit:Defend_Hermit","hermit:Defend_Hermit","hermit:Snapshot","hermit:Covet","hermit:Snipe","hermit:SprayPray","hermit:BigShot","hermit:Quickdraw","hermit:FlashPowder+1","hermit:Malice","hermit:PistolWhip","hermit:WideOpen","hermit:Magnum+1","hermit:Magnum","hermit:HeroicBravado","hermit:LowProfile+1","hermit:Ricochet+1","hermit:Headshot+1","hermit:Feint","hermit:Maintenance+1","hermit:Midnight","hermit:HeroicBravado"],"relics":["hermit:Momento","hubris:Towel","vexMod:BigBerry","Replay:Accelerometer","infinitespire:Broken Mirror"],"acts_visited":["Exordium","Exordium"],"potions_floor_usage":[16,16,20,29],"damage_taken":[{"damage":0,"enemies":"Small Slimes","floor":1,"turns":3},{"damage":1,"enemies":"Cultist","floor":3,"turns":3},{"damage":6,"enemies":"Jaw Worm","floor":4,"turns":2},{"damage":7,"enemies":"Blue Slaver","floor":7,"turns":3},{"damage":0,"enemies":"Looter","floor":8,"turns":1},{"damage":1,"enemies":"3 Louse","floor":13,"turns":3},{"damage":40,"enemies":"Slime Boss","floor":16,"turns":11},{"damage":22,"enemies":"theJungle:GiantWrat","floor":18,"turns":7},{"damage":13,"enemies":"Shell Parasite","floor":20,"turns":5},{"damage":15,"enemies":"Snake Plant","floor":22,"turns":6},{"damage":10,"enemies":"theJungle:JungleHuntersEncounter","floor":24,"turns":9},{"damage":38,"enemies":"theJungle:Lyon","floor":28,"turns":6},{"damage":27,"enemies":"theJungle:2_Snecko_Cultists","floor":29,"turns":6},{"damage":6,"enemies":"theJungle:QueenSpyder","floor":33,"turns":6}],"seed_played":"3248687042971597772","potions_obtained":[{"floor":3,"key":"AttackPotion"},{"floor":4,"key":"Energy Potion"},{"floor":7,"key":"Venom Potion"},{"floor":16,"key":"SteroidPotion"},{"floor":24,"key":"conspire:TimeTravelPotion"},{"floor":29,"key":"GamblersBrew"}],"is_trial":false,"path_per_floor":["M","?","M","M","?","R","M","M","T","R","?","?","M","$","R","B",null,"M","$","M","?","M","R","M","AVR","T","$","M","M","R","?","R","B"],"character_chosen":"HERMIT","items_purchased":["hermit:Magnum","Slimebound:ThreeZeroPotion","hermit:Ricochet+1","hermit:Tonic"],"campfire_rested":3,"item_purchase_floors":[14,14,19,19],"current_hp_per_floor":[75,75,74,68,68,68,61,61,61,61,61,61,60,60,60,20,105,83,83,70,70,55,86,76,76,76,76,38,29,60,60,91,85,85],"gold":101,"neow_bonus":"HUNDRED_GOLD","is_daily":false,"chose_seed":false,"campfire_upgraded":2,"win_rate":0.0,"timestamp":1610417002,"path_taken":["M","?","M","?","?","R","M","M","T","R","?","?","M","$","R","BOSS","M","$","M","?","M","R","M","AVR","T","?","?","M","R","?","R","BOSS"],"items_purchased_type":["Card","Potion","Card","Potion"],"build_version":"2020-12-22","purchased_purges":1,"victory":false,"max_hp_per_floor":[75,75,75,75,75,75,75,75,75,75,75,75,75,75,75,75,105,105,105,105,105,105,105,105,105,105,105,105,105,105,105,105,105,105],"card_choices":[{"not_picked":["hermit:Coalescence","hermit:LuckOfTheDraw"],"picked":"hermit:Snipe","floor":1},{"not_picked":["hermit:Roulette","hermit:Vantage"],"picked":"hermit:BigShot","floor":3},{"not_picked":["hermit:Brawl","hermit:Coalescence"],"picked":"hermit:Quickdraw","floor":4},{"not_picked":["hermit:Manifest","hermit:CursedWeapon"],"picked":"hermit:Malice","floor":7},{"not_picked":["hermit:Coalescence","hermit:Desperado"],"picked":"hermit:PistolWhip","floor":8},{"not_picked":["hermit:Shortfuse","hermit:Manifest"],"picked":"hermit:WideOpen","floor":13},{"not_picked":["hermit:EternalForm","hermit:DeadOrAlive"],"picked":"hermit:HeroicBravado","floor":16},{"not_picked":["hermit:Vantage","hermit:HighCaliber"],"picked":"hermit:LowProfile+1","floor":18},{"not_picked":["hermit:Manifest","hermit:FlashPowder+1"],"picked":"hermit:Headshot+1","floor":20},{"not_picked":["hermit:Snipe","hermit:TrackingShot"],"picked":"hermit:Feint","floor":22},{"not_picked":["hermit:Coalescence","hermit:EyeOfTheStorm"],"picked":"hermit:Maintenance+1","floor":24},{"not_picked":["hermit:Maintenance","hermit:Desperado"],"picked":"hermit:Midnight","floor":28},{"not_picked":["hermit:Roulette","hermit:LowProfile"],"picked":"hermit:HeroicBravado","floor":29}],"player_experience":426258,"relics_obtained":[{"floor":26,"key":"infinitespire:Broken Mirror"}],"event_choices":[{"damage_healed":0,"gold_gain":0,"cards_transformed":["hermit:Strike_Hermit"],"player_choice":"Transformed","damage_taken":0,"max_hp_gain":0,"max_hp_loss":0,"event_name":"Transmorgrifier","floor":2,"gold_loss":0,"cards_obtained":["hermit:SprayPray"]},{"damage_healed":0,"gold_gain":0,"cards_transformed":["hermit:Strike_Hermit"],"player_choice":"Change","damage_taken":0,"max_hp_gain":0,"max_hp_loss":0,"event_name":"Living Wall","floor":5,"gold_loss":0,"cards_obtained":["hermit:FlashPowder"]},{"damage_healed":0,"gold_gain":0,"player_choice":"Disagree","damage_taken":0,"max_hp_gain":0,"max_hp_loss":0,"event_name":"conspire:LoneGhost","floor":12,"gold_loss":0},{"cards_removed":["hermit:Strike_Hermit"],"damage_healed":0,"gold_gain":0,"player_choice":"Purged","damage_taken":0,"max_hp_gain":0,"max_hp_loss":0,"event_name":"Purifier","floor":21,"gold_loss":0},{"damage_healed":0,"gold_gain":0,"player_choice":"Leave","damage_taken":0,"max_hp_gain":0,"max_hp_loss":0,"event_name":"conspire:Investor","floor":31,"gold_loss":0}],"is_beta":false,"boss_relics":[{"not_picked":["Pandora\u0027s Box","vexMod:TanglingVine"],"picked":"vexMod:BigBerry"}],"items_purged_floors":[19],"is_endless":false,"potions_floor_spawned":[3,4,7,16,24,29],"killed_by":"theJungle:QueenSpyder","ascension_level":0}}