{"host":"5hj512uv6i1x1iks","time":1610476320,"event":{"mods":["BaseMod","Colored Powertips","Minty Spire (QoL Compilation)","Random Character Button","Rare Cards Sparkle","Relic Stats","StSLib","ojb\u0027s Better Paths Mod","ojb\u0027s Info Mod"],"gold_per_floor":[112,125,125,143,159,189,189,214,269,269,3,3,18,18,18,89,89,99,99,54,68,86,114,152,195,207,257,269,10,10,10,10,10,10],"floor_reached":33,"playtime":716,"items_purged":["Strike_R"],"score":557,"play_id":"eccca5d6-be4b-415e-870b-7c1e53907da0","local_time":"20210112123200","is_ascension_mode":true,"campfire_choices":[{"floor":7,"key":"REST"},{"data":"Bash","floor":15,"key":"SMITH"},{"data":"Bludgeon","floor":28,"key":"SMITH"},{"floor":30,"key":"REST"},{"floor":32,"key":"REST"}],"circlet_count":0,"master_deck":["AscendersBane","Strike_R","Strike_R","Strike_R+1","Strike_R","Defend_R","Defend_R","Defend_R","Defend_R","Bash+1","Sword Boomerang","Cleave","Thunderclap","Carnage+1","Immolate+1","Shrug It Off","Bludgeon+1","Shrug It Off","Armaments"],"relics":["SlaversCollar","Bag of Preparation","Matryoshka","Juzu Bracelet","Bag of Marbles","Shuriken","Pantograph","Snecko Eye","CeramicFish","Meat on the Bone","MawBank","Letter Opener","Mummified Hand","Red Mask","Whetstone"],"acts_visited":["Exordium","TheCity"],"potions_floor_usage":[6,8,23,25,33,33],"damage_taken":[{"damage":3,"enemies":"2 Louse","floor":1,"turns":4},{"damage":3,"enemies":"Jaw Worm","floor":2,"turns":5},{"damage":10,"enemies":"Cultist","floor":4,"turns":4},{"damage":17,"enemies":"Looter","floor":5,"turns":3},{"damage":10,"enemies":"3 Sentries","floor":6,"turns":4},{"damage":0,"enemies":"Gremlin Nob","floor":8,"turns":2},{"damage":14,"enemies":"Red Slaver","floor":13,"turns":2},{"damage":72,"enemies":"The Guardian","floor":16,"turns":11},{"damage":7,"enemies":"Shell Parasite","floor":18,"turns":2},{"damage":16,"enemies":"Spheric Guardian","floor":21,"turns":4},{"damage":13,"enemies":"Shelled Parasite and Fungi","floor":22,"turns":2},{"damage":4,"enemies":"Book of Stabbing","floor":23,"turns":2},{"damage":14,"enemies":"Snake Plant","floor":24,"turns":2},{"damage":26,"enemies":"Slavers","floor":25,"turns":2},{"damage":15,"enemies":"Masked Bandits","floor":27,"turns":4},{"damage":108,"enemies":"Champ","floor":33,"turns":8}],"seed_played":"7320876086348437796","potions_obtained":[{"floor":1,"key":"Strength Potion"},{"floor":5,"key":"Strength Potion"},{"floor":16,"key":"BlessingOfTheForge"},{"floor":18,"key":"PowerPotion"},{"floor":22,"key":"AttackPotion"},{"floor":25,"key":"BloodPotion"},{"floor":27,"key":"SteroidPotion"}],"is_trial":false,"path_per_floor":["M","M","?","M","M","E","R","E","T","?","$","?","M","?","R","B",null,"M","T","$","M","M","E","M","E","T","?","R","$","R","?","R","B"],"character_chosen":"IRONCLAD","items_purchased":["Shuriken","Cleave","Shrug It Off","Whetstone","Armaments"],"campfire_rested":3,"item_purchase_floors":[11,11,20,29,29],"current_hp_per_floor":[65,62,62,52,35,25,47,47,47,75,75,75,61,61,61,3,57,50,50,50,46,45,41,39,25,25,22,22,22,44,23,47,0,0],"gold":10,"neow_bonus":"BOSS_RELIC","is_daily":false,"chose_seed":false,"campfire_upgraded":2,"win_rate":0.0,"timestamp":1610476320,"path_taken":["M","M","?","M","M","E","R","E","T","?","$","?","M","?","R","BOSS","M","?","?","M","M","E","M","E","T","?","R","$","R","?","R","BOSS"],"items_purchased_type":["Relic","Card","Card","Relic","Card"],"build_version":"2020-12-22","purchased_purges":1,"victory":false,"max_hp_per_floor":[75,75,75,75,75,75,75,75,75,75,75,75,75,75,75,75,75,75,75,75,75,75,75,75,75,75,75,75,75,75,80,80,80,80],"relic_stats":{"counters":[16,61],"CeramicFish":36,"Bag of Preparation":[22],"Juzu Bracelet":2,"Letter Opener":[0],"Whetstone":["Strike_R","Immolate"],"MawBank":72,"Shuriken":[18],"Mummified Hand":[0],"Pantograph":39,"Snecko Eye":[43,37,52,64],"obtain_stats":[{"CeramicFish":19,"Bag of Preparation":6,"Juzu Bracelet":9,"Letter Opener":25,"Whetstone":29,"MawBank":23,"Burning Blood":0,"SlaversCollar":0,"Matryoshka":8,"Shuriken":11,"Mummified Hand":26,"Pantograph":14,"Snecko Eye":17,"Bag of Marbles":9,"Red Mask":27,"Meat on the Bone":19},{"CeramicFish":9,"Bag of Preparation":5,"Juzu Bracelet":6,"Letter Opener":14,"Whetstone":15,"MawBank":12,"Burning Blood":0,"SlaversCollar":0,"Matryoshka":6,"Shuriken":6,"Mummified Hand":14,"Pantograph":7,"Snecko Eye":8,"Bag of Marbles":6,"Red Mask":15,"Meat on the Bone":9},{"CeramicFish":37,"Bag of Preparation":20,"Juzu Bracelet":22,"Letter Opener":49,"Whetstone":53,"MawBank":45,"Burning Blood":0,"SlaversCollar":0,"Matryoshka":22,"Shuriken":22,"Mummified Hand":49,"Pantograph":24,"Snecko Eye":35,"Bag of Marbles":22,"Red Mask":53,"Meat on the Bone":37}],"Meat on the Bone":60},"card_choices":[{"not_picked":["Flex","Bloodletting"],"picked":"Sword Boomerang","floor":1},{"not_picked":["Anger","Sword Boomerang"],"picked":"Cleave","floor":2},{"not_picked":["Heavy Blade","Shockwave","Havoc"],"picked":"SKIP","floor":4},{"not_picked":["Seeing Red","Body Slam"],"picked":"Thunderclap","floor":5},{"not_picked":["Wild Strike","Reaper"],"picked":"Carnage","floor":6},{"not_picked":["Heavy Blade","Bloodletting","Hemokinesis"],"picked":"SKIP","floor":8},{"not_picked":["Intimidate","Warcry","Wild Strike"],"picked":"SKIP","floor":13},{"not_picked":["Bludgeon","Corruption"],"picked":"Immolate","floor":16},{"not_picked":["True Grit","Cleave","Ghostly Armor"],"picked":"SKIP","floor":18},{"not_picked":["True Grit","Havoc","Wild Strike"],"picked":"SKIP","floor":21},{"not_picked":["Perfected Strike","Pummel","Burning Pact"],"picked":"SKIP","floor":22},{"not_picked":["Dual Wield","Perfected Strike","Whirlwind"],"picked":"SKIP","floor":23},{"not_picked":["Sever Soul","Havoc"],"picked":"Bludgeon","floor":24},{"not_picked":["Ghostly Armor","Infernal Blade","Warcry"],"picked":"SKIP","floor":25},{"not_picked":["Warcry","Clash"],"picked":"Shrug It Off","floor":27}],"player_experience":574295,"relics_obtained":[{"floor":6,"key":"Bag of Preparation"},{"floor":8,"key":"Matryoshka"},{"floor":9,"key":"Juzu Bracelet"},{"floor":9,"key":"Bag of Marbles"},{"floor":19,"key":"CeramicFish"},{"floor":19,"key":"Meat on the Bone"},{"floor":23,"key":"MawBank"},{"floor":25,"key":"Letter Opener"},{"floor":26,"key":"Mummified Hand"},{"floor":27,"key":"Red Mask"}],"event_choices":[{"damage_healed":0,"gold_gain":0,"player_choice":"Ignored","damage_taken":0,"max_hp_gain":0,"max_hp_loss":0,"event_name":"Liars Game","floor":3,"gold_loss":0},{"damage_healed":28,"gold_gain":0,"player_choice":"Full Heal","damage_taken":0,"max_hp_gain":0,"max_hp_loss":0,"event_name":"Wheel of Change","floor":10,"gold_loss":0},{"damage_healed":0,"gold_gain":0,"player_choice":"Grow","damage_taken":0,"max_hp_gain":0,"max_hp_loss":0,"event_name":"Living Wall","floor":12,"gold_loss":0,"cards_upgraded":["Carnage"]},{"cards_removed":["Cleave"],"damage_healed":0,"gold_gain":0,"player_choice":"Gave Card","damage_taken":0,"relics_obtained":["Pantograph"],"max_hp_gain":0,"max_hp_loss":0,"event_name":"WeMeetAgain","floor":14,"gold_loss":0},{"damage_healed":0,"gold_gain":0,"player_choice":"Fought Bandits","damage_taken":0,"max_hp_gain":0,"max_hp_loss":0,"event_name":"Masked Bandits","floor":27,"gold_loss":0},{"damage_healed":0,"gold_gain":0,"player_choice":"Shed Blood","damage_taken":26,"max_hp_gain":5,"max_hp_loss":0,"event_name":"Forgotten Altar","floor":31,"gold_loss":0}],"is_beta":false,"boss_relics":[{"not_picked":["Empty Cage","Tiny House"],"picked":"Snecko Eye"}],"items_purged_floors":[29],"is_endless":false,"potions_floor_spawned":[1,5,16,18,22,25,27],"killed_by":"Champ","ascension_level":15}}