{"host":"j3kbm8fz4f78dhv0","time":1610438870,"event":{"mods":["BaseMod","Better Third Choice","CapriCore","Hermit","Minty Spire (QoL Compilation)","Replay The Spire","StSLib"],"gold_per_floor":[209,131,147,147,147,2,2,34,59,79,91,91,108,122,122,226,226,212,32,42,53,15,15,15,15],"floor_reached":24,"playtime":990,"items_purged":["Crystallizer+1"],"score":198,"play_id":"6b8cfa97-e73d-48a7-801a-e83096e20b4d","local_time":"20210112020750","is_ascension_mode":false,"campfire_choices":[{"data":"Crystallizer","floor":7,"key":"SMITH"},{"floor":12,"key":"REST"},{"floor":15,"key":"REST"},{"floor":23,"key":"REST"}],"circlet_count":0,"master_deck":["Strike_B","Strike_B","Strike_B","Strike_B","Defend_B","Defend_B","Defend_B","Defend_B","Zap","Dualcast","Redo","White Noise+1","Darkness","Cold Snap","Turbo","Fusion","Buffer","Cold Snap","ReplayTheSpireMod:Calculation Training+1","ReplayTheSpireMod:Calculation Training","Beam Cell"],"relics":["Cracked Core","PreservedInsect","The Courier","ReplayTheSpireMod:Lightbulb","Ring of Chaos","Bronze Scales"],"acts_visited":["Exordium","TheCity"],"potions_floor_usage":[8,16,16,16,21],"damage_taken":[{"damage":0,"enemies":"Small Slimes","floor":1,"turns":3},{"damage":5,"enemies":"2 Louse","floor":3,"turns":3},{"damage":8,"enemies":"Gremlin Nob","floor":8,"turns":3},{"damage":1,"enemies":"Jaw Worm","floor":10,"turns":3},{"damage":32,"enemies":"Gremlin Gang","floor":11,"turns":4},{"damage":13,"enemies":"3 Louse","floor":13,"turns":3},{"damage":10,"enemies":"Lots of Slimes","floor":14,"turns":4},{"damage":43,"enemies":"The Guardian","floor":16,"turns":13},{"damage":25,"enemies":"2 Thieves","floor":18,"turns":4},{"damage":12,"enemies":"Spheric Guardian","floor":20,"turns":5},{"damage":14,"enemies":"Snecko","floor":21,"turns":5},{"damage":50,"enemies":"3 Cultists","floor":24,"turns":5}],"seed_played":"2906936250588930689","potions_obtained":[{"floor":1,"key":"Strength Potion"},{"floor":3,"key":"FearPotion"},{"floor":8,"key":"GamblersBrew"},{"floor":14,"key":"Explosive Potion"},{"floor":18,"key":"Explosive Potion"}],"is_trial":false,"path_per_floor":["M","$","M","?","?","$","R","E","T","M","M","R","M","M","R","B",null,"M","$","M","M","$","R","M"],"character_chosen":"DEFECT","items_purchased":["Crystallizer","PreservedInsect","Bronze Scales","Beam Cell"],"campfire_rested":3,"item_purchase_floors":[2,6,19,22],"current_hp_per_floor":[75,75,70,70,70,70,70,62,62,61,29,51,38,28,50,7,75,50,50,38,24,24,46,0,0],"gold":15,"neow_bonus":"HUNDRED_GOLD","is_daily":false,"chose_seed":false,"campfire_upgraded":1,"win_rate":0.0,"timestamp":1610438870,"path_taken":["M","$","M","?","?","$","R","E","T","M","M","R","M","M","R","BOSS","M","$","M","M","$","R","M"],"items_purchased_type":["Card","Relic","Relic","Card"],"build_version":"2020-12-22","purchased_purges":1,"victory":false,"max_hp_per_floor":[75,75,75,75,75,75,75,75,75,75,75,75,75,75,75,75,75,75,75,75,75,75,75,75,75],"card_choices":[{"not_picked":["Sunder","Blizzard"],"picked":"BasicCrystalCard","floor":1},{"not_picked":["Panic Button","Sweeping Beam"],"picked":"Redo","floor":3},{"not_picked":["Capacitor","Undo"],"picked":"Darkness","floor":8},{"not_picked":["Barrage","Compile Driver"],"picked":"Cold Snap","floor":10},{"not_picked":["Cold Snap","Go for the Eyes","ReplayTheSpireMod:Repulse"],"picked":"SKIP","floor":11},{"not_picked":["Cold Snap","Steam"],"picked":"Turbo","floor":13},{"not_picked":["Consume","Hologram"],"picked":"Fusion","floor":14},{"not_picked":["Seek","Biased Cognition"],"picked":"Buffer","floor":16},{"not_picked":["Leap","Ball Lightning"],"picked":"Cold Snap","floor":18},{"not_picked":["Steam","ReplaySort"],"picked":"ReplayTheSpireMod:Calculation Training+1","floor":20},{"not_picked":["Static Discharge","Steam"],"picked":"ReplayTheSpireMod:Calculation Training","floor":21}],"player_experience":157206,"relics_obtained":[{"floor":8,"key":"The Courier"},{"floor":9,"key":"ReplayTheSpireMod:Lightbulb"}],"event_choices":[{"damage_healed":0,"gold_gain":0,"player_choice":"Ignored","damage_taken":0,"max_hp_gain":0,"max_hp_loss":0,"event_name":"Golden Wing","floor":5,"gold_loss":0}],"is_beta":false,"boss_relics":[{"not_picked":["Sozu","Philosopher\u0027s Stone"],"picked":"Ring of Chaos"}],"items_purged_floors":[19],"is_endless":false,"potions_floor_spawned":[1,3,8,14,18],"killed_by":"3 Cultists","ascension_level":0}}