{"host":"c97twqu0op5dg8i4","time":1610431375,"event":{"mods":["AchievementEnabler","BaseMod","Colored Map","Minty Spire (QoL Compilation)","Permanent Neow"],"gold_per_floor":[122,146,233,245,273,285,311,343,355,14,14,14,35,75,75,201,201,222,132,156,156,181,181,201,201,280,321,246,59,72,272,272,393,393,409,433,310,158,173,173,189,189,189],"floor_reached":42,"playtime":1519,"items_purged":["Establishment","Blasphemy"],"score":550,"play_id":"bd52c0be-fd3e-4835-b8c6-1afb19e49f1e","local_time":"20210112010255","is_ascension_mode":true,"campfire_choices":[{"data":"Eruption","floor":6,"key":"SMITH"},{"data":"MentalFortress","floor":12,"key":"SMITH"},{"floor":15,"key":"REST"},{"data":"Tantrum","floor":23,"key":"SMITH"},{"floor":25,"key":"REST"},{"floor":32,"key":"REST"},{"floor":40,"key":"REST"}],"circlet_count":0,"master_deck":["Eruption+1","Vigilance","FlyingSleeves","Protect","Tantrum+1","EmptyFist","BowlingBash","CarveReality","MentalFortress+1","InnerPeace","Wallop","Conclude","InnerPeace","Prostrate+1","DeceiveReality","Wallop","WheelKick+1","ClearTheMind","Evaluate+1","EmptyBody","Consecrate","CutThroughFate","FlyingSleeves","CurseOfTheBell","SashWhip+1","SashWhip+1","BowlingBash+1"],"relics":["PureWater","MawBank","Orichalcum","Membership Card","Toy Ornithopter","Nunchaku","Golden Idol","Vajra","Pandora\u0027s Box","Bottled Tornado","Sundial","HandDrill","Calling Bell","Lantern","Blue Candle","Unceasing Top","Anchor","MealTicket","Bag of Preparation"],"acts_visited":["Exordium","TheCity","TheBeyond"],"potions_floor_usage":[16,33,33,33,35,39,42],"damage_taken":[{"damage":0,"enemies":"2 Louse","floor":1,"turns":2},{"damage":8,"enemies":"Small Slimes","floor":2,"turns":4},{"damage":0,"enemies":"Cultist","floor":5,"turns":3},{"damage":0,"enemies":"3 Louse","floor":7,"turns":2},{"damage":0,"enemies":"Blue Slaver","floor":8,"turns":3},{"damage":1,"enemies":"Large Slime","floor":13,"turns":5},{"damage":2,"enemies":"Gremlin Nob","floor":14,"turns":3},{"damage":24,"enemies":"The Guardian","floor":16,"turns":6},{"damage":0,"enemies":"Spheric Guardian","floor":18,"turns":2},{"damage":14,"enemies":"3 Byrds","floor":20,"turns":6},{"damage":0,"enemies":"3 Cultists","floor":22,"turns":3},{"damage":17,"enemies":"Sentry and Sphere","floor":24,"turns":4},{"damage":6,"enemies":"Gremlin Leader","floor":27,"turns":4},{"damage":12,"enemies":"Cultist and Chosen","floor":30,"turns":5},{"damage":70,"enemies":"Collector","floor":33,"turns":10},{"damage":16,"enemies":"3 Darklings","floor":35,"turns":5},{"damage":18,"enemies":"3 Shapes","floor":36,"turns":3},{"damage":6,"enemies":"Sphere and 2 Shapes","floor":39,"turns":2},{"damage":23,"enemies":"Transient","floor":41,"turns":5},{"damage":1,"enemies":"Giant Head","floor":42,"turns":5}],"seed_played":"8366773467331614456","potions_obtained":[{"floor":5,"key":"FearPotion"},{"floor":8,"key":"BlessingOfTheForge"},{"floor":13,"key":"EssenceOfSteel"},{"floor":20,"key":"Weak Potion"},{"floor":27,"key":"EssenceOfSteel"},{"floor":33,"key":"SkillPotion"},{"floor":36,"key":"SteroidPotion"},{"floor":39,"key":"Dexterity Potion"}],"is_trial":false,"path_per_floor":["M","M","?","?","M","R","M","M","T","$","?","R","M","E","R","B",null,"M","?","M","?","M","R","M","R","T","E","?","$","M","?","R","B",null,"M","M","$","$","M","R","M","E"],"character_chosen":"WATCHER","items_purchased":["Membership Card","CarveReality","Toy Ornithopter","MentalFortress","Nunchaku","EmptyBody","HandDrill","Consecrate","CutThroughFate","Anchor","MealTicket","Bag of Preparation"],"campfire_rested":4,"item_purchase_floors":[10,10,10,10,10,29,29,29,29,37,38,38],"current_hp_per_floor":[72,64,53,53,53,53,53,53,53,53,35,35,34,32,53,34,63,63,63,49,49,49,49,32,53,53,47,47,47,35,35,56,1,54,43,25,25,25,24,45,22,26,26],"gold":189,"neow_bonus":"RANDOM_COMMON_RELIC","is_daily":false,"chose_seed":false,"campfire_upgraded":3,"win_rate":0.0,"timestamp":1610431375,"path_taken":["M","M","?","?","M","R","M","M","T","$","?","R","M","E","R","BOSS","M","?","?","?","M","R","M","R","T","E","?","$","M","?","R","BOSS","M","?","?","$","?","R","M","E"],"items_purchased_type":["Relic","Card","Relic","Card","Relic","Card","Relic","Card","Card","Relic","Relic","Relic"],"build_version":"2020-12-22","purchased_purges":2,"victory":false,"max_hp_per_floor":[72,72,72,72,72,72,72,72,72,72,72,72,72,72,72,72,72,72,72,72,72,72,72,72,72,72,72,72,72,72,72,72,72,72,72,72,72,72,72,72,72,72,72],"card_choices":[{"not_picked":["BowlingBash","LikeWater"],"picked":"FlyingSleeves","floor":1},{"not_picked":["ForeignInfluence","CutThroughFate"],"picked":"Protect","floor":2},{"not_picked":["LikeWater","ThirdEye"],"picked":"Tantrum","floor":5},{"not_picked":["FlyingSleeves","EmptyBody"],"picked":"EmptyFist","floor":7},{"not_picked":["Evaluate","Sanctity"],"picked":"BowlingBash","floor":8},{"not_picked":["SandsOfTime","Adaptation"],"picked":"InnerPeace","floor":13},{"not_picked":["SashWhip","Nirvana"],"picked":"Wallop","floor":14},{"not_picked":["Devotion","Wish"],"picked":"Establishment","floor":16},{"not_picked":["EmptyFist+1","CrushJoints"],"picked":"Wallop","floor":18},{"not_picked":["Protect","CutThroughFate+1"],"picked":"WheelKick+1","floor":20},{"not_picked":["ConjureBlade","PathToVictory"],"picked":"ClearTheMind","floor":22},{"not_picked":["EmptyFist","Swivel","Evaluate"],"picked":"SKIP","floor":24},{"not_picked":["FollowUp","CrushJoints"],"picked":"Evaluate+1","floor":27},{"not_picked":["ClearTheMind+1","DeceiveReality"],"picked":"FlyingSleeves","floor":30},{"not_picked":["EmptyFist+1","Indignation+1"],"picked":"SashWhip+1","floor":35},{"not_picked":["DeceiveReality","ClearTheMind"],"picked":"SashWhip+1","floor":36},{"not_picked":["WindmillStrike","FollowUp+1"],"picked":"BowlingBash+1","floor":39},{"not_picked":["JustLucky+1","Halt","ConjureBlade"],"picked":"SKIP","floor":41}],"player_experience":228490,"relics_obtained":[{"floor":9,"key":"Orichalcum"},{"floor":14,"key":"Vajra"},{"floor":26,"key":"Bottled Tornado"},{"floor":27,"key":"Sundial"},{"floor":34,"key":"Lantern"},{"floor":34,"key":"Blue Candle"},{"floor":34,"key":"Unceasing Top"}],"event_choices":[{"damage_healed":0,"gold_gain":75,"player_choice":"Gather Gold","damage_taken":11,"max_hp_gain":0,"max_hp_loss":0,"event_name":"World of Goop","floor":3,"gold_loss":0},{"damage_healed":0,"gold_gain":0,"player_choice":"Ignored","damage_taken":0,"max_hp_gain":0,"max_hp_loss":0,"event_name":"Liars Game","floor":4,"gold_loss":0},{"damage_healed":0,"gold_gain":0,"player_choice":"Take Damage","damage_taken":18,"relics_obtained":["Golden Idol"],"max_hp_gain":0,"max_hp_loss":0,"event_name":"Golden Idol","floor":11,"gold_loss":0},{"cards_removed":["Devotion"],"damage_healed":0,"gold_gain":0,"player_choice":"Upgrade and Remove","damage_taken":0,"max_hp_gain":0,"max_hp_loss":0,"event_name":"Designer","floor":19,"gold_loss":90,"cards_upgraded":["Prostrate"]},{"cards_removed":["Collect"],"damage_healed":0,"gold_gain":0,"player_choice":"Elegance","damage_taken":0,"max_hp_gain":0,"max_hp_loss":0,"event_name":"Back to Basics","floor":21,"gold_loss":0},{"cards_removed":["JustLucky"],"damage_healed":0,"gold_gain":0,"player_choice":"Gave Gold","damage_taken":0,"max_hp_gain":0,"max_hp_loss":0,"event_name":"Beggar","floor":28,"gold_loss":75},{"damage_healed":0,"gold_gain":200,"player_choice":"Gold","damage_taken":0,"max_hp_gain":0,"max_hp_loss":0,"event_name":"Wheel of Change","floor":31,"gold_loss":0}],"is_beta":false,"boss_relics":[{"not_picked":["Empty Cage","Fusion Hammer"],"picked":"Pandora\u0027s Box"},{"not_picked":["SlaversCollar","Runic Dome"],"picked":"Calling Bell"}],"items_purged_floors":[29,37],"is_endless":false,"potions_floor_spawned":[5,8,13,20,27,33,36,39],"killed_by":"Giant Head","ascension_level":5}}