{"host":"l84l8xigz5v5foa2","time":1610450367,"event":{"mods":["2.2 Compatiblity","AchievementEnabler","BaseMod","Better Note","Better Vampires","Card Filter","Colored Map","DeckTracker","Downfall","Gremlin Skip","Highlight Path","Keyboard Shortcuts","Minty Spire (QoL Compilation)","Permanent Neow","Quick Restart","Relic Filter","Relic Stats","StSLib","SuperFastMode","Transform Curses","Unknown Chances"],"gold_per_floor":[99,116,132,143,143,157,232,232,232,261,130,165,90,190,205,284,284,284,297,309,359,509,57,57,77,127,139,151,222,147,276,295,370,370,295,308,324,343,393,393,444,460,460,559,625,692,704,433,450,450,450,485,100,100,100],"floor_reached":56,"playtime":3345,"items_purged":["hexamod:Strike","hexamod:Strike+1","hexamod:Strike+1","hexamod:Sear+1"],"score":2176,"play_id":"4af14001-c53a-4f15-b737-fef9f113640d","local_time":"20210112201927","is_ascension_mode":true,"campfire_choices":[{"data":"hexamod:Float","floor":1.0,"key":"SMITH"},{"data":"hexamod:RainOfEmbers","floor":8.0,"key":"SMITH"},{"data":"hexamod:ShieldOfDarkness","floor":13.0,"key":"SMITH"},{"floor":18.0,"key":"RECALL"},{"data":"hexamod:Rewind","floor":30.0,"key":"SMITH"},{"data":"hexamod:HexaLevel","floor":35.0,"key":"SMITH"},{"data":"hexamod:FastForward","floor":40.0,"key":"SMITH"},{"data":"hexamod:Haunt","floor":43.0,"key":"SMITH"},{"data":"hexamod:Rewind","floor":54,"key":"SMITH"}],"circlet_count":0,"master_deck":["AscendersBane","hexamod:Defend+1","hexamod:Defend+1","hexamod:Defend+1","hexamod:Float+1","hexamod:EmpoweringStance+1","hexamod:RainOfEmbers+1","hexamod:AdvancingGuard+1","hexamod:BacktrackSmack+1","hexamod:StepThrough+1","hexamod:ShieldOfDarkness+1","hexamod:InspiringFlames+1","hexamod:FastForward+1","hexamod:SwordOfDarkness+1","hexamod:TimeWarp+1","hexamod:Haunt+1","hexamod:RecurringNightmare+1","hexamod:Rewind+1","hexamod:AdvancingGuard+1","hexamod:GhostflameInferno+1","hexamod:FirstSeal","hexamod:SpectersWail+1","hexamod:SixthSeal","hexamod:HexaLevel+1","hexamod:Hexaguard+1","hexamod:HauntingEcho+1","hexamod:TimeWarp+1","hexamod:Rewind+1","hexamod:StepThrough+1","hexamod:PowerFromBeyond+1","expansioncontent:Chronoboost+1","Finesse","hexamod:Rewind+1"],"relics":["hexamod:SpiritBrand","Shuriken","Letter Opener","champ:DeflectingBracers","War Paint","downfall:HeartBlessingGreen","downfall:CloakOfManyFaces","CultistMask","FaceOfCleric","NlothsMask","GremlinMask","SsserpentHead","Philosopher\u0027s Stone","Calipers","hexamod:TheBrokenSeal","downfall:HeartBlessingRed","hexamod:IceCube","downfall:HeartBlessingBlue","Omamori","champ:DuelingGlove","Chemical X","hexamod:InflammatoryLetter"],"acts_visited":["Exordium","TheCity","TheBeyond","TheEnding"],"potions_floor_usage":[55,55],"damage_taken":[{"damage":0.0,"enemies":"2 Louse","floor":2.0,"turns":3.0},{"damage":1.0,"enemies":"Jaw Worm","floor":3.0,"turns":3.0},{"damage":0.0,"enemies":"Cultist","floor":4.0,"turns":3.0},{"damage":0.0,"enemies":"3 Louse","floor":6.0,"turns":5.0},{"damage":5.0,"enemies":"Lagavulin","floor":10.0,"turns":5.0},{"damage":0.0,"enemies":"downfall:FleeingMerchant","floor":11.0,"turns":4.0},{"damage":6.0,"enemies":"Gremlin Nob","floor":12.0,"turns":4.0},{"damage":0.0,"enemies":"downfall:FaceTrader","floor":14.0,"turns":6.0},{"damage":0.0,"enemies":"Exordium Wildlife","floor":15.0,"turns":3.0},{"damage":6.0,"enemies":"downfall:Watcher","floor":16.0,"turns":8.0},{"damage":18.0,"enemies":"Shell Parasite","floor":19.0,"turns":5.0},{"damage":19.0,"enemies":"Chosen","floor":20.0,"turns":5.0},{"damage":22.0,"enemies":"downfall:Augmenter","floor":22.0,"turns":6.0},{"damage":0.0,"enemies":"downfall:FleeingMerchant","floor":23.0,"turns":4.0},{"damage":27.0,"enemies":"Snecko","floor":25.0,"turns":6.0},{"damage":28.0,"enemies":"Shelled Parasite and Fungi","floor":27.0,"turns":5.0},{"damage":15.0,"enemies":"3 Cultists","floor":28.0,"turns":5.0},{"damage":19.0,"enemies":"Chosen and Byrds","floor":29.0,"turns":6.0},{"damage":5.0,"enemies":"Centurion and Healer","floor":32.0,"turns":4.0},{"damage":4.0,"enemies":"downfall:Ironclad","floor":33.0,"turns":7.0},{"damage":0.0,"enemies":"3 Shapes","floor":36.0,"turns":3.0},{"damage":23.0,"enemies":"3 Darklings","floor":37.0,"turns":4.0},{"damage":10.0,"enemies":"Spire Growth","floor":38.0,"turns":5.0},{"damage":4.0,"enemies":"Sphere and 2 Shapes","floor":42.0,"turns":5.0},{"damage":39.0,"enemies":"2 Orb Walkers","floor":44.0,"turns":5.0},{"damage":0.0,"enemies":"Jaw Worm Horde","floor":45.0,"turns":3.0},{"damage":0.0,"enemies":"downfall:FleeingMerchant","floor":46.0,"turns":4.0},{"damage":0.0,"enemies":"Transient","floor":47.0,"turns":6.0},{"damage":1.0,"enemies":"Sphere and 2 Shapes","floor":49.0,"turns":5.0},{"damage":4.0,"enemies":"downfall:Silent","floor":50.0,"turns":6.0},{"damage":0,"enemies":"downfall:CharBossMerchant","floor":52,"turns":5},{"damage":0,"enemies":"downfall:NeowBoss","floor":55,"turns":14}],"seed_played":"5823709569423212440","potions_obtained":[{"floor":3.0,"key":"DuplicationPotion"},{"floor":6.0,"key":"GamblersBrew"},{"floor":12.0,"key":"ColorlessPotion"},{"floor":25.0,"key":"AttackPotion"},{"floor":27.0,"key":"SpeedPotion"},{"floor":28.0,"key":"Fire Potion"},{"floor":32.0,"key":"BlessingOfTheForge"},{"floor":42.0,"key":"SpeedPotion"},{"floor":44.0,"key":"Dexterity Potion"},{"floor":45.0,"key":"hexamod:EctoCoolerPotion"}],"is_trial":false,"path_per_floor":["R","M","M","M","?","M","T","R","T","E","$","E","R","?","M","B",null,"R","M","M","?","?","$","T","M","?","M","M","M","R","T","M","B",null,"R","M","M","M","?","R","T","M","R","?","M","$","M","$","M","B",null,"E","$","R","B",null],"character_chosen":"THE_SPIRIT","items_purchased":["hexamod:ThirdSeal","hexamod:FifthSeal","Calipers","Chemical X","expansioncontent:Chronoboost","PowerPotion","Finesse","hexamod:Rewind","ColorlessPotion"],"campfire_rested":0,"item_purchase_floors":[11,23,23,46,48,48,53,53,53],"current_hp_per_floor":[57,57,56,63,63,63,63,63,63,58,58,59,59,63,64,65,65,65,55,44,44,30,45,45,33,33,20,13,81,81,81,84,85,85,95,96,81,79,79,79,79,83,83,52,60,68,76,76,83,87,101,106,106,106,107],"gold":100,"neow_bonus":"ONE_RANDOM_RARE_CARD","is_daily":false,"chose_seed":false,"campfire_upgraded":8,"win_rate":0.0,"timestamp":1610450367,"path_taken":["R","M","M","M","?","M","T","R","?","E","$","E","R","?","M","BOSS","R","M","M","?","?","?","T","M","?","M","M","?","R","?","M","BOSS","R","M","M","M","?","R","T","M","R","?","?","$","M","$","M","BOSS","E","$","R","BOSS"],"items_purchased_type":["Card","Card","Relic","Relic","Card","Potion","Card","Card","Potion"],"build_version":"2020-12-22","purchased_purges":4,"victory":true,"max_hp_per_floor":[63,63,63,63,63,63,63,63,63,63,63,63,63,63,64,65,65,65,66,67,67,68,69,69,70,70,71,72,83,83,83,84,85,85,95,96,97,98,98,98,98,99,99,100,101,102,103,103,104,105,105,106,106,106,107],"relic_stats":{"SsserpentHead":450,"FaceOfCleric":24,"counters":[32,162],"Shuriken":[42],"Letter Opener":[214],"Chemical X":[9],"War Paint":["hexamod:Defend","hexamod:Defend"],"obtain_stats":[{"champ:DuelingGlove":44,"Calipers":23,"downfall:HeartBlessingRed":30,"hexamod:TheBrokenSeal":29,"downfall:HeartBlessingGreen":13,"GremlinMask":14,"champ:DeflectingBracers":10,"hexamod:InflammatoryLetter":52,"Omamori":41,"Letter Opener":9,"War Paint":12,"SsserpentHead":14,"FaceOfCleric":14,"Shuriken":7,"downfall:HeartBlessingBlue":35,"Philosopher\u0027s Stone":17,"CultistMask":14,"downfall:CloakOfManyFaces":14,"Chemical X":46,"hexamod:SpiritBrand":0,"hexamod:IceCube":34,"NlothsMask":14},{"champ:DuelingGlove":25,"Calipers":14,"downfall:HeartBlessingRed":18,"hexamod:TheBrokenSeal":18,"downfall:HeartBlessingGreen":7,"GremlinMask":8,"champ:DeflectingBracers":5,"hexamod:InflammatoryLetter":31,"Omamori":23,"Letter Opener":4,"War Paint":7,"SsserpentHead":8,"FaceOfCleric":8,"Shuriken":4,"downfall:HeartBlessingBlue":20,"Philosopher\u0027s Stone":10,"CultistMask":8,"downfall:CloakOfManyFaces":8,"Chemical X":27,"hexamod:SpiritBrand":0,"hexamod:IceCube":20,"NlothsMask":8},{"champ:DuelingGlove":119,"Calipers":64,"downfall:HeartBlessingRed":86,"hexamod:TheBrokenSeal":85,"downfall:HeartBlessingGreen":27,"GremlinMask":33,"champ:DeflectingBracers":19,"hexamod:InflammatoryLetter":148,"Omamori":109,"Letter Opener":14,"War Paint":27,"SsserpentHead":33,"FaceOfCleric":33,"Shuriken":14,"downfall:HeartBlessingBlue":97,"Philosopher\u0027s Stone":44,"CultistMask":33,"downfall:CloakOfManyFaces":33,"Chemical X":126,"hexamod:SpiritBrand":0,"hexamod:IceCube":97,"NlothsMask":33}]},"card_choices":[{"not_picked":["hexamod:NightmareGuise","hexamod:Hexaguard"],"picked":"hexamod:RainOfEmbers","floor":2.0},{"not_picked":["hexamod:BurningTouch","hexamod:GhostOfSpireFuture"],"picked":"hexamod:FirstSeal","floor":3.0},{"not_picked":["hexamod:NightmareStrike","hexamod:SpectersWail"],"picked":"hexamod:AdvancingGuard","floor":4.0},{"not_picked":["hexamod:BurningTouch","hexamod:SwordOfDarkness"],"picked":"hexamod:BacktrackSmack","floor":6.0},{"not_picked":["hexamod:SearingWound","hexamod:DynamicBlow","hexamod:Again"],"picked":"SKIP","floor":10.0},{"not_picked":["hexamod:FourthSeal","hexamod:BurningTouch"],"picked":"hexamod:StepThrough","floor":11.0},{"not_picked":["hexamod:InspiringFlames","hexamod:GhostLash"],"picked":"hexamod:ShieldOfDarkness","floor":12.0},{"not_picked":["hexamod:GhostOfSpirePresent","hexamod:EtherealExpedition"],"picked":"hexamod:InspiringFlames","floor":14.0},{"not_picked":["hexamod:ThermalTransfer","hexamod:BacktrackSmack"],"picked":"hexamod:FastForward","floor":14.0},{"not_picked":["hexamod:GhostShield","hexamod:GhostflameBarrier"],"picked":"hexamod:SwordOfDarkness","floor":15.0},{"not_picked":["hexamod:ApocalypticArmor","hexamod:VolcanoVisage"],"picked":"hexamod:TimeWarp","floor":16.0},{"not_picked":["hexamod:TimeOfNeed","hexamod:ParanormalForm"],"picked":"hexamod:SixthSeal","floor":16.0},{"not_picked":["hexamod:ShieldOfDarkness","hexamod:NightmareStrike"],"picked":"hexamod:Haunt","floor":19.0},{"not_picked":["hexamod:EtherealExpedition","hexamod:InspiringFlames"],"picked":"hexamod:RecurringNightmare","floor":19.0},{"not_picked":["hexamod:RadiantFlame","hexamod:Hexaguard"],"picked":"hexamod:Rewind","floor":20.0},{"not_picked":["hexamod:BurningTouch","hexamod:NightmareStrike"],"picked":"hexamod:AdvancingGuard","floor":20.0},{"not_picked":["hexamod:GhostflameBarrier","hexamod:ThermalTransfer"],"picked":"hexamod:FirstSeal","floor":22.0},{"not_picked":["hexamod:ShieldOfDarkness+1","hexamod:ExtraCrispy+1"],"picked":"hexamod:SpectersWail+1","floor":22.0},{"not_picked":["hexamod:GhostShield","hexamod:Firestarter","hexamod:BacktrackSmack"],"picked":"SKIP","floor":23.0},{"not_picked":["hexamod:ThirdSeal","hexamod:SecondSeal"],"picked":"hexamod:SixthSeal","floor":25.0},{"not_picked":["hexamod:SoulSteal","hexamod:NecessarySacrifice"],"picked":"hexamod:HexaLevel","floor":25.0},{"not_picked":["hexamod:Again","hexamod:HeatMetal","hexamod:ExtraCrispy"],"picked":"SKIP","floor":25.0},{"not_picked":["hexamod:BurningTouch","hexamod:BacktrackSmack","hexamod:NecessarySacrifice"],"picked":"SKIP","floor":27.0},{"not_picked":["hexamod:InspiringFlames","hexamod:HeatShield","hexamod:CatchUp"],"picked":"SKIP","floor":27.0},{"not_picked":["hexamod:ThirdSeal","hexamod:SixthSeal"],"picked":"hexamod:SecondSeal","floor":28.0},{"not_picked":["hexamod:SecondSeal","hexamod:FirstSeal"],"picked":"hexamod:FourthSeal","floor":28.0},{"not_picked":["hexamod:SecondSeal","hexamod:WildfireWeapon"],"picked":"hexamod:Hexaguard+1","floor":28.0},{"not_picked":["hexamod:RecurringNightmare","hexamod:NightmareStrike"],"picked":"hexamod:HauntingEcho","floor":28.0},{"not_picked":["hexamod:Haunt","hexamod:ThermalTransfer","hexamod:Hexaguard"],"picked":"SKIP","floor":29.0},{"not_picked":["hexamod:BurningTouch+1","hexamod:SpectralAdrenaline","hexamod:AdvancingGuard"],"picked":"SKIP","floor":29.0},{"not_picked":["hexamod:ThermalTransfer","hexamod:NightmareStrike","hexamod:SuperheatedStrike"],"picked":"SKIP","floor":32.0},{"not_picked":["hexamod:ApocalypticArmor","hexamod:GhostflameInferno"],"picked":"hexamod:TimeWarp","floor":33.0},{"not_picked":["hexamod:ThermalTransfer","hexamod:GhostShield","hexamod:CatchUp"],"picked":"SKIP","floor":36.0},{"not_picked":["hexamod:Again","hexamod:InspiringFlames","hexamod:FlamesFromBeyond"],"picked":"SKIP","floor":37.0},{"not_picked":["hexamod:Hexaguard","hexamod:SpectersWail+1","hexamod:Firestarter+1"],"picked":"SKIP","floor":38.0},{"not_picked":["hexamod:RainOfEmbers+1","hexamod:PhantomCloak","hexamod:ThermalTransfer"],"picked":"SKIP","floor":42.0},{"not_picked":["hexamod:RainOfEmbers+1","hexamod:PhantomCloak","hexamod:ThermalTransfer"],"picked":"SKIP","floor":42.0},{"not_picked":["hexamod:RetreatToShadows+1","hexamod:EmpoweredFlame"],"picked":"hexamod:Rewind+1","floor":44.0},{"not_picked":["hexamod:RadiantFlame","hexamod:FastForward"],"picked":"hexamod:StepThrough","floor":45.0},{"not_picked":["hexamod:GhostflameBarrier","hexamod:WildfireWeapon"],"picked":"hexamod:PowerFromBeyond","floor":47.0},{"not_picked":["hexamod:EmpoweredFlame","hexamod:BurningTouch+1","hexamod:ShieldOfDarkness"],"picked":"SKIP","floor":49.0},{"not_picked":["hexamod:PowerFromBeyond","hexamod:RadiantFlame","hexamod:Hexaguard"],"picked":"SKIP","floor":52}],"player_experience":3118341,"relics_obtained":[{"floor":7.0,"key":"Shuriken"},{"floor":9.0,"key":"Letter Opener"},{"floor":10.0,"key":"champ:DeflectingBracers"},{"floor":12.0,"key":"War Paint"},{"floor":14.0,"key":"downfall:CloakOfManyFaces"},{"floor":41.0,"key":"Omamori"},{"floor":44.0,"key":"champ:DuelingGlove"},{"floor":52,"key":"hexamod:InflammatoryLetter"}],"event_choices":[{"cards_removed":["hexamod:Strike"],"damage_healed":0.0,"max_hp_gain":0.0,"max_hp_loss":0.0,"gold_gain":0.0,"event_name":"The Cleric","player_choice":"Card Removal","floor":5.0,"gold_loss":0.0,"damage_taken":0.0},{"damage_healed":0.0,"max_hp_gain":0.0,"max_hp_loss":0.0,"gold_gain":0.0,"event_name":"Mysterious Sphere","player_choice":"Fight","floor":44.0,"gold_loss":0.0,"damage_taken":0.0}],"is_beta":false,"boss_relics":[{"not_picked":["Astrolabe","downfall:Hecktoplasm"],"picked":"Philosopher\u0027s Stone"},{"not_picked":["SacredBark","Calling Bell"],"picked":"hexamod:IceCube"}],"items_purged_floors":[11,46,48,53],"is_endless":false,"potions_floor_spawned":[3,6,12,14,15,25,27,28,32,42,44,45],"ascension_level":20}}