{"host":"yqhiqbig8kve4qcd","time":1610420515,"event":{"mods":["Aspiration","BaseMod","Block Reminder","Colored Powertips","Conspire","Downfall","Filter the Spire","Hermit","Hubris","Infinite Spire","Minty Spire (QoL Compilation)","Permanent Neow","Quick Restart","Replay The Spire","StSLib","The Jungle","vexMod"],"gold_per_floor":[116,132,87,98,109,109,123,123,170,188,188,188,81,100,186,283,283,302,335,354,354,354],"floor_reached":21,"playtime":3514,"items_purged":[],"score":173,"play_id":"309e43db-d2de-4d04-a3cb-ef4889f41c2b","local_time":"20210111220155","is_ascension_mode":false,"campfire_choices":[{"floor":6,"key":"RECALL"},{"data":"hermit:GhostlyPresence","floor":8,"key":"SMITH"}],"circlet_count":0,"master_deck":["hermit:Strike_Hermit","hermit:Strike_Hermit","hermit:Strike_Hermit","hermit:Strike_Hermit","hermit:Defend_Hermit","hermit:Defend_Hermit","hermit:Defend_Hermit","hermit:Defend_Hermit","hermit:Snapshot","hermit:Covet","hermit:GhostlyPresence+1","hermit:NoHoldsBarred","hermit:Glare","hermit:Snipe","hermit:Gestalt","hermit:Reprieve","hermit:Midnight","hermit:Midnight","hermit:Dive","hermit:Reprieve","hermit:Spite+1","hermit:TakeCover","hermit:Ricochet"],"relics":["hermit:Momento","aspiration:Nostalgia","Sizzling Blood","hubris:TinFlute","Happy Flower","aspiration:FutureDiary","hubris:GlazedTorus"],"acts_visited":["Exordium","TheCity"],"potions_floor_usage":[18,19,21],"damage_taken":[{"damage":0,"enemies":"2 Louse","floor":1,"turns":2},{"damage":1,"enemies":"Jaw Worm","floor":2,"turns":4},{"damage":0,"enemies":"Small Slimes","floor":4,"turns":4},{"damage":12,"enemies":"Blue Slaver","floor":5,"turns":3},{"damage":3,"enemies":"2 Fungi Beasts","floor":7,"turns":4},{"damage":10,"enemies":"Exordium Thugs","floor":10,"turns":4},{"damage":0,"enemies":"Exordium Wildlife","floor":14,"turns":3},{"damage":41,"enemies":"The Guardian","floor":16,"turns":22},{"damage":30,"enemies":"Chosen","floor":18,"turns":7},{"damage":40,"enemies":"conspire:MimicChest","floor":19,"turns":7},{"damage":5,"enemies":"Shell Parasite","floor":20,"turns":5},{"damage":26,"enemies":"Cultist and Chosen","floor":21,"turns":6}],"seed_played":"6632541653438330987","potions_obtained":[{"floor":7,"key":"Toxic Potion"},{"floor":10,"key":"SteroidPotion"},{"floor":19,"key":"Fire Potion"}],"is_trial":false,"path_per_floor":["M","M","$","M","M","R","M","R","T","M","?","?","$","M","R","B",null,"M","?","M","M"],"character_chosen":"HERMIT","items_purchased":["hermit:Glare","hermit:Midnight","champ:CounterPotion"],"campfire_rested":0,"item_purchase_floors":[3,13,13],"current_hp_per_floor":[79,79,79,79,71,71,72,72,72,66,66,66,66,70,70,45,79,61,29,28,2,2],"gold":354,"neow_bonus":"NOSTALGIA","is_daily":false,"chose_seed":false,"campfire_upgraded":1,"win_rate":0.0,"timestamp":1610420515,"path_taken":["M","M","$","M","M","R","M","R","T","M","?","?","?","M","R","BOSS","M","?","M","M"],"items_purchased_type":["Card","Card","Potion"],"build_version":"2020-12-22","purchased_purges":0,"victory":false,"max_hp_per_floor":[79,79,79,79,79,79,79,79,79,79,79,79,79,79,79,79,79,79,79,79,79,79],"card_choices":[{"not_picked":["hermit:Roulette","hermit:SprayPray"],"picked":"hermit:GhostlyPresence","floor":1},{"not_picked":["hermit:Feint","hermit:Snipe"],"picked":"hermit:NoHoldsBarred","floor":2},{"not_picked":["hermit:Maintenance","hermit:WideOpen"],"picked":"hermit:Snipe","floor":4},{"not_picked":["hermit:Roulette","hermit:Snipe","hermit:HighCaliber"],"picked":"SKIP","floor":5},{"not_picked":["hermit:Ricochet","hermit:HoleUp"],"picked":"hermit:Gestalt","floor":7},{"not_picked":["hermit:Coalescence","hermit:Desperado"],"picked":"hermit:Reprieve","floor":10},{"not_picked":["hermit:LuckOfTheDraw","hermit:Misfire"],"picked":"hermit:Dive","floor":14},{"not_picked":["hermit:OverwhelmingPower","hermit:Magnum"],"picked":"hermit:Reprieve","floor":16},{"not_picked":["hermit:SprayPray","hermit:TrackingShot"],"picked":"hermit:Spite+1","floor":18},{"not_picked":["hermit:Ricochet","hermit:Determination+1"],"picked":"hermit:TakeCover","floor":19},{"not_picked":["hermit:Snipe+1","hermit:LuckOfTheDraw+1"],"picked":"hermit:Ricochet","floor":20}],"player_experience":426258,"relics_obtained":[{"floor":11,"key":"hubris:TinFlute"},{"floor":19,"key":"hubris:GlazedTorus"}],"event_choices":[{"damage_healed":0,"gold_gain":0,"player_choice":"Searched \u00271\u0027 times","damage_taken":0,"relics_obtained":["Happy Flower"],"max_hp_gain":0,"max_hp_loss":0,"event_name":"Dead Adventurer","floor":12,"gold_loss":0}],"is_beta":false,"boss_relics":[{"not_picked":["Philosopher\u0027s Stone","vexMod:NewClearReactor"],"picked":"aspiration:FutureDiary"}],"items_purged_floors":[],"is_endless":false,"potions_floor_spawned":[7,10,19],"killed_by":"Cultist and Chosen","ascension_level":0}}