{"host":"jggt5i9rbuoqvque","time":1610454010,"event":{"mods":["BaseMod","Colored Map","Minty Spire (QoL Compilation)","StSLib"],"gold_per_floor":[111,128,138,213,60,85,96,109,133,153,153,53,83,94,94,94,94],"floor_reached":16,"playtime":380,"items_purged":["Strike_R","Defend_R"],"score":154,"play_id":"f67e590a-0a2e-4c41-bc43-4022d7009e49","local_time":"20210112212010","is_ascension_mode":true,"campfire_choices":[{"floor":15,"key":"REST"}],"circlet_count":0,"master_deck":["Strike_R","Strike_R","Strike_R","Strike_R","Defend_R","Defend_R","Defend_R","Bash","Rampage","Metallicize","Spot Weakness","Battle Trance"],"relics":["Burning Blood","MealTicket","Champion Belt","Toy Ornithopter","Blood Vial","Tiny Chest"],"acts_visited":["Exordium"],"potions_floor_usage":[14],"damage_taken":[{"damage":5.0,"enemies":"Small Slimes","floor":1.0,"turns":4.0},{"damage":9.0,"enemies":"2 Louse","floor":2.0,"turns":3.0},{"damage":6.0,"enemies":"Cultist","floor":3.0,"turns":3.0},{"damage":23.0,"enemies":"Lagavulin","floor":6.0,"turns":7.0},{"damage":13.0,"enemies":"3 Louse","floor":7.0,"turns":4.0},{"damage":13.0,"enemies":"Red Slaver","floor":8.0,"turns":4.0},{"damage":35.0,"enemies":"Gremlin Gang","floor":10.0,"turns":5.0},{"damage":25,"enemies":"Gremlin Nob","floor":13,"turns":4},{"damage":3,"enemies":"Blue Slaver","floor":14,"turns":3},{"damage":40,"enemies":"Slime Boss","floor":16,"turns":7}],"seed_played":"-4850162935835035487","potions_obtained":[{"floor":3.0,"key":"PowerPotion"},{"floor":7.0,"key":"Dexterity Potion"},{"floor":13,"key":"Energy Potion"},{"floor":14,"key":"SmokeBomb"}],"is_trial":false,"path_per_floor":["M","M","M","?","$","E","M","M","T","M","?","$","E","M","R","B"],"character_chosen":"IRONCLAD","items_purchased":["Metallicize"],"campfire_rested":1,"item_purchase_floors":[5],"current_hp_per_floor":[73,70,70,59,74,57,50,43,43,14,14,29,12,22,46,8,8],"gold":94,"neow_bonus":"RANDOM_COMMON_RELIC","is_daily":false,"chose_seed":false,"campfire_upgraded":0,"win_rate":0.0,"timestamp":1610454010,"path_taken":["M","M","M","?","$","E","M","M","T","M","?","$","E","M","R","BOSS"],"items_purchased_type":["Card"],"build_version":"2020-12-22","purchased_purges":2,"victory":false,"max_hp_per_floor":[80,80,80,80,80,80,80,80,80,80,80,80,80,80,80,80,80],"card_choices":[{"not_picked":["True Grit","Infernal Blade","Flex"],"picked":"SKIP","floor":1.0},{"not_picked":["Body Slam","Cleave"],"picked":"Rampage","floor":2.0},{"not_picked":["Searing Blow","Pommel Strike","Heavy Blade"],"picked":"SKIP","floor":3.0},{"not_picked":["Dark Embrace","Havoc","Sword Boomerang"],"picked":"SKIP","floor":6.0},{"not_picked":["Twin Strike","Headbutt","Sword Boomerang"],"picked":"SKIP","floor":7.0},{"not_picked":["Cleave","Body Slam"],"picked":"Spot Weakness","floor":8.0},{"not_picked":["Pommel Strike","Wild Strike","Whirlwind"],"picked":"SKIP","floor":10.0},{"not_picked":["Headbutt","Evolve","Pommel Strike"],"picked":"SKIP","floor":13},{"not_picked":["Heavy Blade","Pommel Strike"],"picked":"Battle Trance","floor":14}],"player_experience":324337,"relics_obtained":[{"floor":6.0,"key":"Champion Belt"},{"floor":9.0,"key":"Toy Ornithopter"},{"floor":13,"key":"Tiny Chest"}],"event_choices":[{"damage_healed":0.0,"max_hp_gain":0.0,"max_hp_loss":0.0,"gold_gain":75.0,"event_name":"World of Goop","player_choice":"Gather Gold","floor":4.0,"gold_loss":0.0,"damage_taken":11.0},{"damage_healed":0.0,"max_hp_gain":0.0,"max_hp_loss":0.0,"gold_gain":0.0,"event_name":"Dead Adventurer","player_choice":"Searched \u00271\u0027 times","floor":11.0,"gold_loss":0.0,"damage_taken":0.0,"relics_obtained":["Blood Vial"]}],"is_beta":false,"boss_relics":[],"items_purged_floors":[5,12],"is_endless":false,"potions_floor_spawned":[3,7,13,14],"killed_by":"Slime Boss","ascension_level":7}}