{"host":"dxmdoimsvept8qwy","time":1610412252,"event":{"mods":["BaseMod","Colored Powertips","Custom Start","Minty Spire (QoL Compilation)","StSLib","The Hierophant"],"gold_per_floor":[111,411,411,63,138,170,170,203,203,203,230,12,32,65,65,167,167,182,165,165,8,20,50,60,87,110,139,152,152,152,152,152,152,152],"floor_reached":33,"playtime":3302,"items_purged":["Strike_G"],"score":569,"play_id":"1b91012e-4d5c-4255-8a38-955c9ecffb7c","local_time":"20210111194412","is_ascension_mode":true,"campfire_choices":[{"floor":7.0,"key":"REST"},{"data":"Noxious Fumes","floor":10.0,"key":"SMITH"},{"floor":15.0,"key":"REST"},{"floor":32,"key":"REST"}],"circlet_count":0,"master_deck":["AscendersBane","Strike_G+1","Strike_G+1","Defend_G+1","Defend_G","Defend_G","Defend_G+1","Defend_G","Survivor","Neutralize","Backflip","Bane","Noxious Fumes+1","Poisoned Stab","Blur","Bouncing Flask","Blur","Well Laid Plans","PiercingWail","A Thousand Cuts","Cloak And Dagger","Blur+1","Escape Plan+1","Deadly Poison","Blade Dance","Bouncing Flask"],"relics":["Ring of the Snake","NeowsBlessing","Old Coin","War Paint","Whetstone","Ginger","Calipers","Nunchaku","DollysMirror","Blood Vial","Fusion Hammer","Anchor","Lantern","Bag of Preparation","Juzu Bracelet","Snake Skull","Gambling Chip"],"acts_visited":["Exordium","TheCity"],"potions_floor_usage":[23,23,25,27,33],"damage_taken":[{"damage":0.0,"enemies":"2 Louse","floor":1.0,"turns":1.0},{"damage":0.0,"enemies":"Gremlin Nob","floor":6.0,"turns":1.0},{"damage":0.0,"enemies":"3 Sentries","floor":8.0,"turns":1.0},{"damage":24.0,"enemies":"Gremlin Nob","floor":11.0,"turns":5.0},{"damage":0.0,"enemies":"Jaw Worm","floor":13.0,"turns":5.0},{"damage":4.0,"enemies":"3 Sentries","floor":14.0,"turns":7.0},{"damage":19.0,"enemies":"Slime Boss","floor":16.0,"turns":13.0},{"damage":5,"enemies":"3 Byrds","floor":18,"turns":5},{"damage":4,"enemies":"2 Thieves","floor":19,"turns":4},{"damage":0,"enemies":"Centurion and Healer","floor":22,"turns":7},{"damage":6,"enemies":"Slavers","floor":23,"turns":7},{"damage":0,"enemies":"Chosen and Byrds","floor":24,"turns":8},{"damage":15,"enemies":"Book of Stabbing","floor":25,"turns":7},{"damage":20,"enemies":"Slavers","floor":27,"turns":5},{"damage":15,"enemies":"Snake Plant","floor":28,"turns":5},{"damage":41,"enemies":"Collector","floor":33,"turns":5}],"seed_played":"-4999923428507450946","potions_obtained":[{"floor":8.0,"key":"Explosive Potion"},{"floor":14.0,"key":"GhostInAJar"},{"floor":16,"key":"Poison Potion"},{"floor":19,"key":"Weak Potion"},{"floor":22,"key":"Energy Potion"},{"floor":23,"key":"LiquidMemories"},{"floor":25,"key":"PowerPotion"}],"is_trial":false,"path_per_floor":["M","?","?","$","?","E","R","E","T","R","E","$","M","E","R","B",null,"M","M","?","$","M","E","M","E","T","E","M","?","?","?","R","B"],"character_chosen":"THE_SILENT","items_purchased":["Bane","Noxious Fumes","War Paint","DollysMirror","Well Laid Plans","Anchor"],"campfire_rested":3,"item_purchase_floors":[4,4,4,12,12,21],"current_hp_per_floor":[63,38,31,31,20,20,41,41,41,41,17,17,17,13,34,17,57,54,52,52,52,54,50,52,39,39,21,8,8,8,8,29,0,0],"gold":152,"neow_bonus":"THREE_ENEMY_KILL","is_daily":false,"chose_seed":false,"campfire_upgraded":1,"win_rate":0.0,"timestamp":1610412252,"path_taken":["M","?","?","$","?","E","R","E","T","R","E","$","M","E","R","BOSS","BOSS","M","M","?","$","M","E","M","E","T","E","M","?","?","?","R","BOSS"],"items_purchased_type":["Card","Card","Relic","Relic","Card","Relic"],"build_version":"2020-12-22","purchased_purges":1,"victory":false,"max_hp_per_floor":[70,70,70,70,70,70,70,70,70,70,70,70,70,70,70,70,70,70,70,70,70,70,70,70,70,70,70,70,70,70,70,70,70,70],"card_choices":[{"not_picked":["Dagger Throw","Dodge and Roll"],"picked":"Backflip","floor":1.0},{"not_picked":["Calculated Gamble","Setup"],"picked":"Poisoned Stab","floor":6.0},{"not_picked":["Escape Plan","Unload"],"picked":"Blur","floor":8.0},{"not_picked":["Setup","Sucker Punch"],"picked":"Bouncing Flask","floor":11.0},{"not_picked":["Acrobatics","Dagger Spray"],"picked":"PiercingWail","floor":13.0},{"not_picked":["Malaise","Dodge and Roll","Acrobatics"],"picked":"SKIP","floor":14.0},{"not_picked":["Unload","Night Terror"],"picked":"A Thousand Cuts","floor":16},{"not_picked":["Predator","Backstab"],"picked":"Cloak And Dagger","floor":18},{"not_picked":["Deflect","Dagger Spray+1"],"picked":"Blur+1","floor":19},{"not_picked":["Well Laid Plans","Deflect","Choke"],"picked":"SKIP","floor":22},{"not_picked":["Backflip","Outmaneuver","Dagger Spray"],"picked":"SKIP","floor":23},{"not_picked":["All Out Attack","Slice"],"picked":"Deadly Poison","floor":24},{"not_picked":["Eviscerate","Poisoned Stab"],"picked":"Blade Dance","floor":25},{"not_picked":["Well Laid Plans","Setup+1"],"picked":"Bouncing Flask","floor":27},{"not_picked":["Sucker Punch+1","Outmaneuver","Quick Slash+1"],"picked":"SKIP","floor":28}],"player_experience":1022097,"relics_obtained":[{"floor":6.0,"key":"Whetstone"},{"floor":8.0,"key":"Ginger"},{"floor":9.0,"key":"Calipers"},{"floor":11.0,"key":"Nunchaku"},{"floor":14.0,"key":"Blood Vial"},{"floor":23,"key":"Lantern"},{"floor":25,"key":"Bag of Preparation"},{"floor":26,"key":"Juzu Bracelet"},{"floor":27,"key":"Snake Skull"},{"floor":30,"key":"Gambling Chip"}],"event_choices":[{"damage_healed":0.0,"max_hp_gain":0.0,"max_hp_loss":0.0,"gold_gain":0.0,"event_name":"Scrap Ooze","player_choice":"Success","floor":2.0,"gold_loss":0.0,"damage_taken":25.0,"relics_obtained":["Old Coin"]},{"cards_removed":["Strike_G"],"damage_healed":0.0,"max_hp_gain":0.0,"max_hp_loss":0.0,"gold_gain":0.0,"event_name":"Golden Wing","player_choice":"Card Removal","floor":3.0,"gold_loss":0.0,"damage_taken":7.0},{"damage_healed":0.0,"max_hp_gain":0.0,"max_hp_loss":0.0,"gold_gain":75.0,"event_name":"World of Goop","player_choice":"Gather Gold","floor":5.0,"gold_loss":0.0,"damage_taken":11.0},{"damage_healed":0,"gold_gain":0,"player_choice":"Read","damage_taken":0,"max_hp_gain":0,"max_hp_loss":0,"event_name":"The Library","floor":20,"gold_loss":0,"cards_obtained":["Escape Plan"]},{"cards_removed":["Strike_G"],"damage_healed":0,"gold_gain":0,"player_choice":"Elegance","damage_taken":0,"max_hp_gain":0,"max_hp_loss":0,"event_name":"Back to Basics","floor":29,"gold_loss":0},{"damage_healed":0,"gold_gain":0,"player_choice":"Relic","damage_taken":0,"max_hp_gain":0,"max_hp_loss":0,"event_name":"Wheel of Change","floor":30,"gold_loss":0},{"damage_healed":0,"gold_gain":0,"player_choice":"Upgraded","damage_taken":0,"max_hp_gain":0,"max_hp_loss":0,"event_name":"Upgrade Shrine","floor":31,"gold_loss":0,"cards_upgraded":["Escape Plan"]}],"is_beta":false,"boss_relics":[{"not_picked":["Ectoplasm","Coffee Dripper"],"picked":"Fusion Hammer"}],"items_purged_floors":[4],"is_endless":false,"potions_floor_spawned":[8,14,16,19,22,23,25],"killed_by":"Collector","ascension_level":10}}