{"host":"ishme5wb80o83upk","time":1610449991,"event":{"mods":["BaseMod","HololiveMod","Minty Spire (QoL Compilation)","StSLib"],"gold_per_floor":[87,87,107,122,47,80,80,92,92,126,197,213,213,258,258,395,395,414,435,466,391,416,416,443,493,517,572,599,662,761,805,805,942,942,974,974,1012,362,391,434,434,494,530,542,608,202,202,14,14,30,30,30,30,81,88],"floor_reached":56,"playtime":2878,"items_purged":["Hololive_Strike","Hololive_Defend","Hololive_Defend"],"score":1968,"play_id":"14066a45-02c6-45b3-a5e9-eadbb9d9328c","local_time":"20210112201311","is_ascension_mode":true,"campfire_choices":[{"data":"Hololive_CallNakiriAyame","floor":7,"key":"SMITH"},{"data":"Magnetism","floor":15,"key":"SMITH"},{"data":"Hololive_CallYozoraMel","floor":23,"key":"SMITH"},{"data":"Hololive_CallShirakamiFubuki","floor":32,"key":"SMITH"},{"floor":41,"key":"RECALL"},{"data":"Hololive_IdolExercise","floor":47,"key":"SMITH"},{"data":"Hololive_CallArtia","floor":49,"key":"SMITH"},{"data":"Hololive_CallAkiRosenthal","floor":52,"key":"SMITH"}],"circlet_count":0,"master_deck":["Hololive_CallShirakamiFubuki","Hololive_CallKiryuuCoco","Hololive_CallSpadeEcho","Hololive_CallDoris","Hololive_CallNakiriAyame+1","Magnetism+1","Hololive_CallOkamiMio","Hololive_CallYogiri","Hololive_CallInugamiKorone","Hololive_CallShirakamiFubuki+1","Hololive_Rebirth","Hololive_RevenueBasedLive+1","Hololive_CallYozoraMel+1","Hololive_CallMurasakiShion","Hololive_CallAkiRosenthal+1","Hololive_CallAkaiHaato","Hololive_WolfAndLamb","Hololive_CallYukihanaLamy+1","Hololive_DurableLive","Hololive_CallNekomataOkayu","Hololive_CallOkamiMio","Hololive_CallHimemoriLuna+1","Hololive_CallTokoyamiTowa+1","Hololive_IdolExercise+1","Hololive_CallArtia+1","Hololive_IdolExercise"],"relics":["Hololive_TheStar","White Beast Statue","Mercury Hourglass","Pantograph","Golden Idol","Orichalcum","Runic Dome","Calipers","Strawberry","Hololive_LightStick","Bottled Lightning","Coffee Dripper","OrangePellets","Question Card","Bag of Preparation","Kunai","MawBank","Anchor","Centennial Puzzle","Potion Belt","Happy Flower","TheAbacus","Pen Nib"],"acts_visited":["Exordium","TheCity","TheBeyond","TheEnding"],"potions_floor_usage":[55,55],"damage_taken":[{"damage":0,"enemies":"Cultist","floor":1,"turns":2},{"damage":2,"enemies":"Jaw Worm","floor":3,"turns":3},{"damage":0,"enemies":"Small Slimes","floor":4,"turns":2},{"damage":0,"enemies":"Gremlin Nob","floor":6,"turns":3},{"damage":2,"enemies":"3 Louse","floor":8,"turns":2},{"damage":0,"enemies":"Lagavulin","floor":10,"turns":3},{"damage":0,"enemies":"Large Slime","floor":12,"turns":2},{"damage":0,"enemies":"3 Sentries","floor":14,"turns":4},{"damage":0,"enemies":"Slime Boss","floor":16,"turns":7},{"damage":0,"enemies":"Spheric Guardian","floor":18,"turns":3},{"damage":0,"enemies":"Shell Parasite","floor":19,"turns":3},{"damage":0,"enemies":"Snake Plant","floor":20,"turns":3},{"damage":0,"enemies":"Chosen and Byrds","floor":22,"turns":3},{"damage":0,"enemies":"Centurion and Healer","floor":24,"turns":5},{"damage":0,"enemies":"Gremlin Leader","floor":25,"turns":5},{"damage":0,"enemies":"Book of Stabbing","floor":27,"turns":4},{"damage":0,"enemies":"Snake Plant","floor":28,"turns":2},{"damage":0,"enemies":"Slavers","floor":29,"turns":5},{"damage":0,"enemies":"Chosen and Byrds","floor":31,"turns":2},{"damage":0,"enemies":"Collector","floor":33,"turns":6},{"damage":0,"enemies":"3 Darklings","floor":35,"turns":4},{"damage":0,"enemies":"3 Shapes","floor":37,"turns":3},{"damage":0,"enemies":"3 Darklings","floor":39,"turns":8},{"damage":7,"enemies":"Nemesis","floor":40,"turns":7},{"damage":5,"enemies":"Reptomancer","floor":42,"turns":7},{"damage":28,"enemies":"Giant Head","floor":45,"turns":11},{"damage":0,"enemies":"Donu and Deca","floor":50,"turns":8},{"damage":0,"enemies":"Shield and Spear","floor":54,"turns":5},{"damage":0,"enemies":"The Heart","floor":55,"turns":13}],"seed_played":"3310747622571615114","potions_obtained":[{"floor":4,"key":"SneckoOil"},{"floor":8,"key":"Weak Potion"},{"floor":10,"key":"Regen Potion"},{"floor":14,"key":"SpeedPotion"},{"floor":18,"key":"PowerPotion"},{"floor":19,"key":"PowerPotion"},{"floor":20,"key":"FairyPotion"},{"floor":27,"key":"BlessingOfTheForge"},{"floor":54,"key":"DistilledChaos"}],"is_trial":false,"path_per_floor":["M","?","M","M","$","E","R","M","T","E","T","M","?","E","R","B",null,"M","M","M","?","M","R","M","E","T","E","M","E","?","M","R","B",null,"M","?","M","$","M","E","R","E","T","?","E","$","R","$","R","B",null,"R","$","E","B",null],"character_chosen":"Hololive_HololiveCharacter","items_purchased":["OrangePellets","Question Card","Bag of Preparation","Potion Belt","Happy Flower","Hololive_CallArtia","TheAbacus"],"campfire_rested":0,"item_purchase_floors":[38,38,38,46,46,48,48],"current_hp_per_floor":[26,26,24,24,24,24,24,22,22,22,22,22,14,14,14,35,35,35,35,35,35,35,35,35,35,42,42,42,42,42,42,42,42,42,42,42,42,42,42,42,42,42,42,42,24,24,24,24,24,42,42,42,42,42,42],"gold":88,"neow_bonus":"RANDOM_COLORLESS_2","is_daily":false,"chose_seed":false,"campfire_upgraded":7,"win_rate":0.0,"timestamp":1610449991,"path_taken":["M","?","M","M","$","E","R","M","T","E","?","M","?","E","R","BOSS","M","M","M","?","M","R","M","E","T","E","M","E","?","M","R","BOSS","M","?","M","?","M","E","R","E","T","?","E","$","R","?","R","BOSS","R","$","E","BOSS"],"items_purchased_type":["Relic","Relic","Relic","Relic","Relic","Card","Relic"],"build_version":"2020-12-22","purchased_purges":3,"victory":true,"max_hp_per_floor":[35,35,35,35,35,35,35,35,35,35,35,35,35,35,35,35,35,35,35,35,35,35,35,35,35,42,42,42,42,42,42,42,42,42,42,42,42,42,42,42,42,42,42,42,42,42,42,42,42,42,42,42,42,42,42],"card_choices":[{"not_picked":["Chrysalis","Sadistic Nature"],"picked":"Magnetism","floor":0},{"not_picked":["Hololive_Trident","Hololive_RevenueBasedLive","Hololive_Teleport","Hololive_Rebound"],"picked":"SKIP","floor":1},{"not_picked":["Hololive_Drill","Hololive_CallUruhaRushia","Hololive_Breathe"],"picked":"Hololive_CallOkamiMio","floor":3},{"not_picked":["Hololive_LuckPotion","Hololive_CallHoshimachiSuisei","Hololive_CallNakiriAyame","Hololive_HuntDinosaur"],"picked":"SKIP","floor":4},{"not_picked":["Hololive_Psychosis","Hololive_Sequa","Hololive_OvertimeWork"],"picked":"Hololive_CallYogiri","floor":6},{"not_picked":["Hololive_HuntDinosaur","Hololive_CallMoonaHoshinova","Hololive_IdolExercise"],"picked":"Hololive_CallInugamiKorone","floor":8},{"not_picked":["Hololive_Trident","Hololive_SummonFox","Hololive_OvertimeWork","Hololive_ILoveYou"],"picked":"SKIP","floor":10},{"not_picked":["Hololive_Trident","Hololive_CocoNews","Hololive_CallMomosuzuNene","Hololive_Sequa"],"picked":"SKIP","floor":12},{"not_picked":["Hololive_LuckPotion","Hololive_CallTokoyamiTowa","Hololive_CallNatsuiroMatsuri"],"picked":"Hololive_CallShirakamiFubuki","floor":14},{"not_picked":["Hololive_Thief","Hololive_ASMR","Hololive_OpenUp"],"picked":"Hololive_Rebirth","floor":16},{"not_picked":["Hololive_StrengthChampion","Hololive_Drill","Hololive_Psychosis"],"picked":"Hololive_RevenueBasedLive+1","floor":18},{"not_picked":["Hololive_Teleport","Hololive_StrengthChampion","Hololive_HuntDinosaur","Hololive_CallHoshimachiSuisei"],"picked":"SKIP","floor":19},{"not_picked":["Hololive_CallRoboco","Hololive_ILoveYou","Hololive_Breathe"],"picked":"Hololive_CallYozoraMel","floor":20},{"not_picked":["Hololive_MaximGun","Hololive_RevenueBasedLive+1","Hololive_Watashimo"],"picked":"Hololive_CallMurasakiShion","floor":22},{"not_picked":["Hololive_CallDoris","Hololive_CallOmaruPolka+1","Hololive_CallUruhaRushia","Hololive_OvertimeWork"],"picked":"SKIP","floor":24},{"not_picked":["Hololive_CallOkamiMio","Hololive_CallDoris","Hololive_Psychosis"],"picked":"Hololive_CallAkiRosenthal","floor":25},{"not_picked":["Hololive_MaximGun","Hololive_FlyingPonyTail","Hololive_CocoNews","Hololive_Psychosis+1"],"picked":"SKIP","floor":27},{"not_picked":["Hololive_CallKiryuuCoco","Hololive_CallFriendA","Hololive_CallOmaruPolka+1","Hololive_CallTokinoSora+1"],"picked":"SKIP","floor":28},{"not_picked":["Hololive_CallRoboco+1","Hololive_ILoveYou","Hololive_HuntDinosaur"],"picked":"Hololive_CallAkaiHaato","floor":29},{"not_picked":["Hololive_Rebound","Hololive_StrengthChampion","Hololive_HuntDinosaur","Hololive_Psychosis+1"],"picked":"SKIP","floor":31},{"not_picked":["Hololive_Rebirth","Hololive_BeCareful","Hololive_OpenUp"],"picked":"Hololive_WolfAndLamb","floor":33},{"not_picked":["Hololive_DevilCharm","Hololive_CallNakiriAyame","Hololive_RevenueBasedLive+1"],"picked":"Hololive_CallYukihanaLamy+1","floor":35},{"not_picked":["Hololive_StrengthChampion+1","Hololive_FlyingPonyTail+1","Hololive_CocoNews+1"],"picked":"Hololive_CallNekomataOkayu","floor":37},{"not_picked":["Hololive_Trident","Hololive_Breathe","Hololive_Drill+1","Hololive_CallNekomataOkayu"],"picked":"Hololive_CallOkamiMio","floor":39},{"not_picked":["Hololive_ScarfAndHalo","Hololive_CallRoboco+1","Hololive_SummonFox","Hololive_CallFriendA"],"picked":"Hololive_CallHimemoriLuna+1","floor":40},{"not_picked":["Hololive_CallYuzukiChoco","Hololive_Drill","Hololive_SoulCatcher","Hololive_Trident"],"picked":"Hololive_CallTokoyamiTowa+1","floor":42},{"not_picked":["Hololive_Rebound+1","Hololive_HuntDinosaur+1","Hololive_Watashimo","Hololive_CocoNews+1"],"picked":"Hololive_IdolExercise","floor":45},{"not_picked":["Hololive_CallSpadeEcho","Hololive_CallKiryuuCoco+1","Hololive_CallNekomataOkayu+1","Hololive_CallCivia+1"],"picked":"Hololive_IdolExercise","floor":54}],"player_experience":1073528,"relics_obtained":[{"floor":6,"key":"White Beast Statue"},{"floor":9,"key":"Mercury Hourglass"},{"floor":10,"key":"Pantograph"},{"floor":14,"key":"Orichalcum"},{"floor":25,"key":"Calipers"},{"floor":26,"key":"Strawberry"},{"floor":27,"key":"Hololive_LightStick"},{"floor":29,"key":"Bottled Lightning"},{"floor":40,"key":"Kunai"},{"floor":42,"key":"MawBank"},{"floor":43,"key":"Anchor"},{"floor":45,"key":"Centennial Puzzle"},{"floor":54,"key":"Pen Nib"}],"event_choices":[{"damage_healed":0,"gold_gain":0,"player_choice":"Ignored","damage_taken":0,"max_hp_gain":0,"max_hp_loss":0,"event_name":"Liars Game","floor":2,"gold_loss":0},{"damage_healed":0,"gold_gain":0,"player_choice":"Take Damage","damage_taken":8,"relics_obtained":["Golden Idol"],"max_hp_gain":0,"max_hp_loss":0,"event_name":"Golden Idol","floor":13,"gold_loss":0},{"cards_removed":["Hololive_Strike"],"damage_healed":0,"gold_gain":0,"player_choice":"Gave Gold","damage_taken":0,"max_hp_gain":0,"max_hp_loss":0,"event_name":"Beggar","floor":21,"gold_loss":75},{"damage_healed":0,"gold_gain":99,"player_choice":"Stole From Cult","damage_taken":0,"max_hp_gain":0,"max_hp_loss":0,"event_name":"Nest","floor":30,"gold_loss":0},{"damage_healed":0,"gold_gain":0,"player_choice":"1 cards matched","damage_taken":0,"max_hp_gain":0,"max_hp_loss":0,"event_name":"Match and Keep!","floor":36,"gold_loss":0,"cards_obtained":["Hololive_DurableLive"]},{"cards_removed":["Hololive_Sequa"],"damage_healed":0,"gold_gain":0,"player_choice":"Removed Attack","damage_taken":0,"max_hp_gain":0,"max_hp_loss":0,"event_name":"Falling","floor":44,"gold_loss":0}],"is_beta":false,"boss_relics":[{"not_picked":["Pandora\u0027s Box","Ectoplasm"],"picked":"Runic Dome"},{"not_picked":["Calling Bell","SacredBark"],"picked":"Coffee Dripper"}],"items_purged_floors":[5,38,46],"is_endless":false,"potions_floor_spawned":[4,8,10,12,14,16,18,19,20,22,24,25,27,28,29,31,33,35,37,39,40,42,45,54],"ascension_level":4}}