{"host":"c59zqhrgluvxuu0k","time":1610426483,"event":{"mods":["100% Spire Juice","Arknights The Spire","BaseMod","Better Altar","Better Third Choice","BetterRewards","Colored Map","Colored Powertips","Curses Come First","Downfall","Friendly Minions","Hermit","Minty Spire (QoL Compilation)","Replay The Spire","Shop Mod","Spicy Shops","StSLib","The Blackbeard","The Cursed","The Death Knight","The Druid","The Jungle","The Runesmith","The Wild Card"],"gold_per_floor":[116,291,291,291,291,291,70,70,106,31,111,152,177,177,191,205,205,205,205],"floor_reached":18,"playtime":1208,"items_purged":["Doubt"],"score":124,"play_id":"ccb2e537-e1dd-45d3-a332-0fdd9ffc03eb","local_time":"20210111214123","is_ascension_mode":true,"campfire_choices":[{"data":"ats:Emotion Absorption","floor":8,"key":"SMITH"},{"data":"ats:Closed Bolt Burst Fire","floor":17,"key":"SMITH"}],"circlet_count":0,"master_deck":["ats:Strike C","ats:Strike G","ats:Strike S","ats:Strike V","ats:Armor Crushing Shot","ats:Defend","ats:Defend","ats:Defend","ats:Defend","ats:Emotion Absorption+1","ats:Consecutive Shot Auto+1","ats:Soul Absorption","ats:Burning Ground","ats:Ignite","ats:Flame Of Heaven","ats:Very Hot Blade","ats:Closed Bolt Burst Fire+1","ats:Charging Defense","ats:Neurotoxin","ats:Poison Spread","ats:Support Order"],"relics":["ats:Sanity","Golden Idol","Lantern","ats:Originium","Bottled Flame","Orrery","Bottled Lightning","Replay:Accelerometer"],"acts_visited":["Exordium"],"potions_floor_usage":[9,9,9,9,18,18,18],"damage_taken":[{"damage":5,"enemies":"Small Slimes","floor":1,"turns":4},{"damage":18,"enemies":"Gremlin Nob","floor":9,"turns":4},{"damage":15,"enemies":"Replay:BlueRogue","floor":12,"turns":6},{"damage":1,"enemies":"Jaw Worm","floor":13,"turns":3},{"damage":1,"enemies":"Cultist","floor":15,"turns":3},{"damage":1,"enemies":"Exordium Wildlife","floor":16,"turns":3},{"damage":27,"enemies":"Slime Boss","floor":18,"turns":3}],"seed_played":"1181259571384493701","potions_obtained":[{"floor":0,"key":"SkillPotion"},{"floor":0,"key":"SpeedPotion"},{"floor":0,"key":"EntropicBrew"},{"floor":1,"key":"Energy Potion"},{"floor":14,"key":"Ancient Potion"},{"floor":14,"key":"ats:Top Emergency Sanity Potion"},{"floor":14,"key":"SteroidPotion"},{"floor":16,"key":"DistilledChaos"}],"is_trial":false,"path_per_floor":["M","?","?","PTL","PTL","?","$","R","E","$","T","E","M","?","M","M","R","B"],"character_chosen":"DOCTOR_CLASS","items_purchased":["Lantern","Orrery"],"campfire_rested":0,"item_purchase_floors":[7,10],"current_hp_per_floor":[67,67,49,49,49,49,49,49,42,42,42,27,26,26,25,24,24,0,0],"gold":205,"neow_bonus":"THREE_SMALL_POTIONS","is_daily":false,"chose_seed":false,"campfire_upgraded":2,"win_rate":0.0,"timestamp":1610426483,"path_taken":["M","?","?","PTL","PTL","?","$","R","E","?","T","E","M","?","M","M","R","BOSS"],"items_purchased_type":["Relic","Relic"],"build_version":"2020-12-22","purchased_purges":1,"victory":false,"max_hp_per_floor":[72,72,72,72,72,72,72,72,72,72,72,72,72,72,72,72,72,72,72],"card_choices":[{"not_picked":["ats:Consecutive Shot Auto","ats:Apocalypse"],"picked":"ats:Explosion Area Strengthen","floor":1},{"not_picked":["ats:Very Hot Blade","ats:Leaping Hammer"],"picked":"ats:Soul Absorption","floor":9},{"not_picked":["ats:Thermite Blade","ats:Curse Doll"],"picked":"ats:Burning Ground","floor":10},{"not_picked":["ats:Hammer On","ats:Cat Scratch"],"picked":"ats:Ignite","floor":10},{"not_picked":["ats:Consecutive Shot Auto","ats:Collapsing Strike"],"picked":"ats:Flame Of Heaven","floor":10},{"not_picked":["ats:Cat Scratch","ats:Consecutive Shot Auto"],"picked":"ats:Very Hot Blade","floor":10},{"not_picked":["ats:Hammer On","ats:Poison Spread"],"picked":"ats:Closed Bolt Burst Fire","floor":10},{"not_picked":["ats:Leaping Hammer","ats:Shadow Assault"],"picked":"ats:Charging Defense","floor":12},{"not_picked":["ats:Assault Order","ats:Hammer On"],"picked":"ats:Neurotoxin","floor":13},{"not_picked":["ats:Consecutive Shot Auto","ats:Apocalypse"],"picked":"ats:Poison Spread","floor":15},{"not_picked":["ats:Revitalization","ats:Steam Pump"],"picked":"ats:Support Order","floor":16}],"player_experience":2189427,"relics_obtained":[{"floor":9,"key":"ats:Originium"},{"floor":9,"key":"Bottled Flame"},{"floor":11,"key":"Bottled Lightning"},{"floor":12,"key":"ats:Originium"},{"floor":12,"key":"Replay:Accelerometer"}],"event_choices":[{"damage_healed":0,"gold_gain":175,"player_choice":"AGREE","damage_taken":116,"max_hp_gain":0,"max_hp_loss":0,"event_name":"betterThird:BetterSerpent","floor":2,"gold_loss":0},{"damage_healed":0,"gold_gain":0,"player_choice":"Take Damage","damage_taken":18,"relics_obtained":["Golden Idol"],"max_hp_gain":0,"max_hp_loss":0,"event_name":"Golden Idol","floor":3,"gold_loss":0},{"damage_healed":0,"gold_gain":0,"player_choice":"Got Potions","damage_taken":0,"max_hp_gain":0,"max_hp_loss":0,"event_name":"Lab","floor":14,"gold_loss":0}],"is_beta":false,"boss_relics":[],"items_purged_floors":[7],"is_endless":false,"potions_floor_spawned":[1,16],"killed_by":"Slime Boss","ascension_level":1}}