{"host":"cjhtzh7tp54jdfyv","time":1610421117,"event":{"mods":["AchievementEnabler","BaseMod","Colored Map","Colored Powertips","Curses Come First","DeckTracker","Filter the Spire","Minty Spire (QoL Compilation)","RNG Fix","Relic Sorter","Relic Stats","StSLib","UnlockEverythingMod","ojb\u0027s Better Paths Mod","ojb\u0027s Info Mod"],"gold_per_floor":[124,156,53,71,88,88,88],"floor_reached":6,"playtime":319,"items_purged":["Defend_P"],"score":76,"play_id":"74f2dcf8-25e7-4e82-a71a-e03976ed9e4e","local_time":"20210111221157","is_ascension_mode":true,"campfire_choices":[],"circlet_count":0,"master_deck":["AscendersBane","Strike_P","Strike_P","Strike_P","Strike_P","Defend_P","Defend_P","Defend_P","Eruption","Vigilance","CurseOfTheBell","CrushJoints","Scrawl","Adaptation"],"relics":["Calling Bell","MawBank","Question Card","FossilizedHelix"],"acts_visited":["Exordium"],"potions_floor_usage":[],"damage_taken":[{"damage":7.0,"enemies":"Cultist","floor":1.0,"turns":4.0},{"damage":0.0,"enemies":"Small Slimes","floor":2.0,"turns":3.0},{"damage":0.0,"enemies":"2 Louse","floor":4.0,"turns":3.0},{"damage":18,"enemies":"Red Slaver","floor":5,"turns":3},{"damage":48,"enemies":"Gremlin Nob","floor":6,"turns":4}],"seed_played":"-3244020957102740551","potions_obtained":[{"floor":1.0,"key":"Strength Potion"}],"is_trial":false,"path_per_floor":["M","M","$","M","M","E"],"character_chosen":"WATCHER","items_purchased":["Adaptation"],"campfire_rested":0,"item_purchase_floors":[3],"current_hp_per_floor":[54,54,54,54,36,0,0],"gold":88,"neow_bonus":"BOSS_RELIC","is_daily":false,"chose_seed":false,"campfire_upgraded":0,"win_rate":0.0,"timestamp":1610421117,"path_taken":["M","M","$","M","M","E"],"items_purchased_type":["Card"],"build_version":"2020-12-22","purchased_purges":1,"victory":false,"max_hp_per_floor":[68,68,68,68,68,68,68],"relic_stats":{"counters":[5,17],"MawBank":36,"Question Card":4,"obtain_stats":[{"Calling Bell":0,"PureWater":0,"MawBank":0,"Question Card":0,"FossilizedHelix":0},{"Calling Bell":0,"PureWater":0,"MawBank":0,"Question Card":0,"FossilizedHelix":0},{"Calling Bell":0,"PureWater":0,"MawBank":0,"Question Card":0,"FossilizedHelix":0}]},"card_choices":[{"not_picked":["EmptyFist","Evaluate","Perseverance"],"picked":"CrushJoints","floor":1.0},{"not_picked":["InnerPeace","SashWhip","EmptyBody"],"picked":"Scrawl","floor":2.0},{"not_picked":["Pray","EmptyBody","SashWhip","Wallop"],"picked":"SKIP","floor":4.0},{"not_picked":["CrushJoints","BattleHymn","FlyingSleeves","Wireheading"],"picked":"SKIP","floor":5},{"not_picked":["CrushJoints","BattleHymn","FlyingSleeves","Wireheading"],"picked":"SKIP","floor":5}],"player_experience":4461510,"relics_obtained":[{"floor":0.0,"key":"MawBank"},{"floor":0.0,"key":"Question Card"},{"floor":0.0,"key":"FossilizedHelix"}],"event_choices":[],"is_beta":false,"boss_relics":[],"items_purged_floors":[3],"is_endless":false,"potions_floor_spawned":[1],"killed_by":"Gremlin Nob","ascension_level":20}}