{"host":"sc0o2qwpf9j16a4i","time":1610463857,"event":{"mods":["AchievementEnabler","BaseMod","BetterRewards","Block Reminder","Colored Map","Colored Powertips","Custom Start","Highlight Path","Minty Spire (QoL Compilation)","Relic Stats"],"gold_per_floor":[119,133,113,30,47,47,80,80,80,80,115,115,40,55,55,55,55],"floor_reached":16,"playtime":308,"items_purged":["Strike_R"],"score":216,"play_id":"33d2faf0-5016-4d84-8e74-9a9e80844832","local_time":"20210112170417","is_ascension_mode":true,"campfire_choices":[{"data":"Spot Weakness","floor":6.0,"key":"SMITH"},{"floor":8.0,"key":"REST"},{"data":"Combust","floor":10.0,"key":"SMITH"},{"floor":12.0,"key":"REST"},{"data":"Bash","floor":15.0,"key":"SMITH"}],"circlet_count":0,"master_deck":["AscendersBane","Strike_R","Strike_R","Strike_R","Strike_R","Defend_R","Defend_R","Defend_R","Defend_R","Bash+1","Spot Weakness+1","Battle Trance","Combust+1","Juggernaut","Disarm","Sword Boomerang"],"relics":["Burning Blood","StoneCalendar","Blood Vial","Singing Bowl","Paper Frog"],"acts_visited":["Exordium"],"potions_floor_usage":[16,16,16,16],"damage_taken":[{"damage":9.0,"enemies":"2 Louse","floor":1.0,"turns":3.0},{"damage":1.0,"enemies":"Cultist","floor":2.0,"turns":3.0},{"damage":13.0,"enemies":"Small Slimes","floor":5.0,"turns":3.0},{"damage":25.0,"enemies":"Lagavulin","floor":7.0,"turns":7.0},{"damage":33.0,"enemies":"3 Sentries","floor":11.0,"turns":5.0},{"damage":11.0,"enemies":"Looter","floor":14.0,"turns":4.0},{"damage":49,"enemies":"Slime Boss","floor":16,"turns":6}],"seed_played":"8002232448669423419","potions_obtained":[{"floor":2.0,"key":"Energy Potion"},{"floor":3.0,"key":"Ancient Potion"},{"floor":7.0,"key":"LiquidBronze"},{"floor":11.0,"key":"EntropicBrew"}],"is_trial":false,"path_per_floor":["M","M","?","$","M","R","E","R","T","R","E","R","$","M","R","B"],"character_chosen":"IRONCLAD","items_purchased":["Combust"],"campfire_rested":2,"item_purchase_floors":[4],"current_hp_per_floor":[47,52,52,52,45,45,26,48,48,48,23,45,45,42,42,0,0],"gold":55,"neow_bonus":"ONE_RARE_RELIC","is_daily":false,"chose_seed":false,"campfire_upgraded":3,"win_rate":0.0,"timestamp":1610463857,"path_taken":["M","M","?","?","M","R","E","R","T","R","E","R","$","M","R","BOSS"],"items_purchased_type":["Card"],"build_version":"2020-12-22","purchased_purges":1,"victory":false,"max_hp_per_floor":[75,75,75,75,75,75,75,75,75,75,75,75,75,75,75,75,75],"relic_stats":{"Blood Vial":6,"Singing Bowl":0,"counters":[7,31],"StoneCalendar":[0],"obtain_stats":[{"Blood Vial":7,"Singing Bowl":9,"StoneCalendar":0,"Burning Blood":0,"Paper Frog":11},{"Blood Vial":4,"Singing Bowl":4,"StoneCalendar":0,"Burning Blood":0,"Paper Frog":5},{"Blood Vial":16,"Singing Bowl":16,"StoneCalendar":0,"Burning Blood":0,"Paper Frog":21}],"Burning Blood":36},"card_choices":[{"not_picked":["Body Slam","Clash"],"picked":"Spot Weakness","floor":1.0},{"not_picked":["Dual Wield","Warcry"],"picked":"Battle Trance","floor":2.0},{"not_picked":["Reckless Charge","Bloodletting"],"picked":"Juggernaut","floor":5.0},{"not_picked":["Juggernaut","Havoc","Perfected Strike"],"picked":"SKIP","floor":7.0},{"not_picked":["Flex","Spot Weakness"],"picked":"Disarm","floor":11.0},{"not_picked":["Twin Strike","Warcry"],"picked":"Sword Boomerang","floor":14.0}],"player_experience":602627,"relics_obtained":[{"floor":7.0,"key":"Blood Vial"},{"floor":9.0,"key":"Singing Bowl"},{"floor":11.0,"key":"Paper Frog"}],"event_choices":[{"damage_healed":0.0,"max_hp_gain":0.0,"max_hp_loss":0.0,"gold_gain":0.0,"event_name":"The Woman in Blue","player_choice":"Bought 1 Potion","floor":3.0,"gold_loss":0.0,"damage_taken":0.0}],"is_beta":false,"boss_relics":[],"items_purged_floors":[13],"is_endless":false,"potions_floor_spawned":[2,7,11],"killed_by":"Slime Boss","ascension_level":20}}