{"host":"ymn6un3ro3vi042j","time":1610494487,"event":{"mods":["AchievementEnabler","Act Like it!","BaseMod","Bestiary","Better Third Choice","BetterRewards","Colored Map","Colored Powertips","Curses Come First","Dark Map","DeckTracker","Downfall","Googly Eyes","Highlight Path","Minty Spire (QoL Compilation)","Poor People Problems","Rare Cards Sparkle","StSLib","everything is the same but u backflip on backflip"],"gold_per_floor":[117,117,117,130,155,155,16,291,291,291,309,23,41,65,65,195,195,211,211,236,57,75,75,100,100,100],"floor_reached":25,"language":"ENG","playtime":1969,"items_purged":["Regret","Writhe"],"score":195,"play_id":"1c824e80-9c20-401c-aeb4-3b4d2c07b2ad","local_time":"20210112153447","is_ascension_mode":false,"campfire_choices":[{"floor":6,"key":"REST"},{"data":"After Image","floor":10,"key":"SMITH"},{"data":"Outmaneuver","floor":15,"key":"SMITH"},{"data":"Skewer","floor":23,"key":"SMITH"}],"circlet_count":0,"master_deck":["Strike_G","Strike_G","Strike_G","Strike_G","Strike_G","Defend_G","Defend_G","Defend_G","Defend_G","Defend_G","Survivor","Neutralize","Skewer+1","Ghostly Armor","After Image+1","Blade Dance","expansioncontent:BronzeBeam","Leg Sweep","Outmaneuver+1","Backstab","Dagger Spray","Venomology","Flying Knee","Flying Knee","Prepared","Heel Hook","Dash+1"],"relics":["Ring of the Snake","Golden Idol","MealTicket","Centennial Puzzle","Empty Cage","Lantern"],"acts_visited":["Exordium","TheCity"],"potions_floor_usage":[16,16,16,18,20,22,24,24,25],"damage_taken":[{"damage":6,"enemies":"Cultist","floor":1,"turns":4},{"damage":0,"enemies":"Small Slimes","floor":4,"turns":4},{"damage":0,"enemies":"Jaw Worm","floor":5,"turns":6},{"damage":7,"enemies":"Red Slaver","floor":11,"turns":5},{"damage":5,"enemies":"Looter","floor":13,"turns":3},{"damage":15,"enemies":"Large Slime","floor":14,"turns":5},{"damage":19,"enemies":"Hexaghost","floor":16,"turns":15},{"damage":13,"enemies":"Spheric Guardian","floor":18,"turns":4},{"damage":6,"enemies":"Shell Parasite","floor":20,"turns":9},{"damage":9,"enemies":"Snake Plant","floor":22,"turns":7},{"damage":15,"enemies":"Chosen and Byrds","floor":24,"turns":6},{"damage":50,"enemies":"Book of Stabbing","floor":25,"turns":6}],"seed_played":"80781504301250269","potions_obtained":[{"floor":4,"key":"BlessingOfTheForge"},{"floor":14,"key":"Strength Potion"},{"floor":24,"key":"AttackPotion"}],"is_trial":false,"path_per_floor":["M","?","?","M","M","R","$","?","T","R","M","$","M","M","R","B",null,"M","?","M","$","M","R","M","E"],"character_chosen":"THE_SILENT","items_purchased":["Eviscerate","PowerPotion","Explosive Potion","expansioncontent:BronzeBeam","Leg Sweep","Outmaneuver","Energy Potion","Prepared"],"campfire_rested":1,"item_purchase_floors":[7,7,7,12,12,12,21,21],"current_hp_per_floor":[71,52,40,40,40,63,77,77,77,77,70,77,72,57,57,38,77,64,64,58,73,64,64,49,0,0],"gold":100,"neow_bonus":"TEN_PERCENT_HP_BONUS","is_daily":false,"chose_seed":false,"campfire_upgraded":3,"win_rate":0.0,"timestamp":1610494487,"path_taken":["M","?","?","M","M","R","$","?","T","R","M","$","?","M","R","BOSS","M","?","M","$","M","R","M","E"],"items_purchased_type":["Card","Potion","Potion","Card","Card","Card","Potion","Card"],"build_version":"2020-12-22","purchased_purges":2,"victory":false,"max_hp_per_floor":[77,77,77,77,77,77,77,77,77,77,77,77,77,77,77,77,77,77,77,77,77,77,77,77,77,77],"card_choices":[{"not_picked":["Dagger Spray","Dagger Throw"],"picked":"Skewer","floor":1},{"not_picked":["Backflip","Dodge and Roll"],"picked":"Sucker Punch","floor":4},{"not_picked":["Underhanded Strike","Dash"],"picked":"After Image","floor":5},{"not_picked":["Backflip","Slice"],"picked":"Blade Dance","floor":11},{"not_picked":["Riddle With Holes","Poisoned Stab"],"picked":"Backstab","floor":13},{"not_picked":["Reflex","Quick Slash"],"picked":"Dagger Spray","floor":14},{"not_picked":["Malaise","A Thousand Cuts"],"picked":"Venomology","floor":16},{"not_picked":["Escape Plan","Dagger Throw"],"picked":"Flying Knee","floor":18},{"not_picked":["Eviscerate+1","Dagger Throw"],"picked":"Flying Knee","floor":20},{"not_picked":["Dagger Spray+1","Masterful Stab"],"picked":"Heel Hook","floor":22},{"not_picked":["Crippling Poison","Tactician+1"],"picked":"Dash+1","floor":24}],"player_experience":17801,"relics_obtained":[{"floor":9,"key":"Centennial Puzzle"}],"event_choices":[{"damage_healed":0,"gold_gain":0,"player_choice":"Take Damage","damage_taken":19,"relics_obtained":["Golden Idol"],"max_hp_gain":0,"max_hp_loss":0,"event_name":"Golden Idol","floor":2,"gold_loss":0},{"damage_healed":0,"gold_gain":275,"player_choice":"Desecrate","damage_taken":0,"max_hp_gain":0,"max_hp_loss":0,"event_name":"Golden Shrine","floor":8,"gold_loss":0,"cards_obtained":["Regret"]},{"damage_healed":0,"gold_gain":0,"player_choice":"Opened","damage_taken":0,"relics_obtained":["Lantern"],"max_hp_gain":0,"max_hp_loss":0,"event_name":"The Mausoleum","floor":19,"gold_loss":0,"cards_obtained":["Writhe"]}],"is_beta":false,"boss_relics":[{"not_picked":["Cursed Key","Sozu"],"picked":"Empty Cage"}],"items_purged_floors":[12,21],"is_endless":false,"potions_floor_spawned":[4,14,24],"killed_by":"Book of Stabbing","ascension_level":0}}