{"host":"oiw60b5ins9fyx34","time":1610463777,"event":{"mods":["BaseMod","Colored Map","Colored Powertips","Minty Spire (QoL Compilation)","Permanent Neow","Quick Restart","Rare Cards Sparkle","Relic Stats","StSLib"],"gold_per_floor":[115,126,126,143,143,143,162,197,197,212,229,229,229,249,249,354,354,365,394,394,412,430,465,465,475,557,557,557,567,567,602,602,701,701,711,711,721,429,447,447,482,494,520,520,520,520],"floor_reached":45,"playtime":3117,"items_purged":["Strike_R"],"score":585,"play_id":"6547818d-2de5-4c9b-b689-c1ea177d566b","local_time":"20210113000257","is_ascension_mode":true,"campfire_choices":[{"data":"Shockwave","floor":6,"key":"SMITH"},{"floor":13,"key":"REST"},{"data":"Spot Weakness","floor":15,"key":"SMITH"},{"floor":24,"key":"REST"},{"floor":30,"key":"REST"},{"floor":32,"key":"REST"},{"data":"Limit Break","floor":40,"key":"SMITH"},{"data":"Dual Wield","floor":44,"key":"SMITH"}],"circlet_count":0,"master_deck":["Strike_R+1","Strike_R","Strike_R","Strike_R","Defend_R+1","Defend_R","Defend_R","Defend_R","Bash","Shockwave+1","Whirlwind","Spot Weakness+1","Ghostly Armor","Flame Barrier","Clothesline","Feel No Pain+1","Limit Break+1","Battle Trance+1","Thunderclap+1","Feed","Second Wind+1","Exhume","Uppercut+1","Intimidate","Reaper","Dual Wield+1","Writhe","Reaper","Feel No Pain+1"],"relics":["Mark of Pain","InkBottle","Frozen Egg 2","Regal Pillow","Snecko Eye","Red Mask","Smiling Mask","CaptainsWheel","Bottled Lightning","Blood Vial","Busted Crown","Singing Bowl"],"acts_visited":["Exordium","TheCity","TheBeyond"],"potions_floor_usage":[16,19,23,23,31,33,38,45],"damage_taken":[{"damage":1,"enemies":"Cultist","floor":1,"turns":4},{"damage":16,"enemies":"Jaw Worm","floor":2,"turns":6},{"damage":0,"enemies":"2 Louse","floor":4,"turns":2},{"damage":18,"enemies":"Exordium Thugs","floor":7,"turns":5},{"damage":25,"enemies":"3 Sentries","floor":8,"turns":4},{"damage":0,"enemies":"3 Louse","floor":10,"turns":2},{"damage":0,"enemies":"Lots of Slimes","floor":11,"turns":1},{"damage":4,"enemies":"Large Slime","floor":14,"turns":7},{"damage":16,"enemies":"The Guardian","floor":16,"turns":11},{"damage":0,"enemies":"3 Byrds","floor":18,"turns":3},{"damage":7,"enemies":"Masked Bandits","floor":19,"turns":3},{"damage":0,"enemies":"Spheric Guardian","floor":21,"turns":2},{"damage":30,"enemies":"Shelled Parasite and Fungi","floor":22,"turns":5},{"damage":51,"enemies":"Book of Stabbing","floor":23,"turns":7},{"damage":36,"enemies":"Snake Plant","floor":25,"turns":5},{"damage":8,"enemies":"Centurion and Healer","floor":29,"turns":3},{"damage":60,"enemies":"Gremlin Leader","floor":31,"turns":7},{"damage":32,"enemies":"Automaton","floor":33,"turns":9},{"damage":29,"enemies":"3 Shapes","floor":35,"turns":6},{"damage":21,"enemies":"3 Darklings","floor":37,"turns":5},{"damage":8,"enemies":"Spire Growth","floor":39,"turns":4},{"damage":28,"enemies":"Nemesis","floor":41,"turns":7},{"damage":65,"enemies":"4 Shapes","floor":42,"turns":7},{"damage":111,"enemies":"2 Orb Walkers","floor":45,"turns":5}],"seed_played":"-2949497489818482939","potions_obtained":[{"floor":1,"key":"SkillPotion"},{"floor":8,"key":"BlessingOfTheForge"},{"floor":10,"key":"Dexterity Potion"},{"floor":16,"key":"Weak Potion"},{"floor":19,"key":"Weak Potion"},{"floor":22,"key":"BloodPotion"},{"floor":25,"key":"BloodPotion"},{"floor":31,"key":"LiquidBronze"},{"floor":39,"key":"Block Potion"},{"floor":41,"key":"Fire Potion"}],"is_trial":false,"path_per_floor":["M","M","?","M","T","R","M","E","T","M","M","?","R","M","R","B",null,"M","?","T","M","M","E","R","M","T","?","?","M","R","E","R","B",null,"M","?","M","$","M","R","E","M","T","R","?"],"character_chosen":"IRONCLAD","items_purchased":["Fruit Juice","Reaper"],"campfire_rested":4,"item_purchase_floors":[38,38],"current_hp_per_floor":[79,63,47,47,47,47,29,4,4,4,4,9,49,45,45,29,85,85,78,78,78,48,14,54,21,21,21,21,16,58,16,58,28,91,65,89,70,75,87,87,84,105,105,105,0,0],"gold":520,"neow_bonus":"BOSS_RELIC","is_daily":false,"chose_seed":false,"campfire_upgraded":4,"win_rate":0.0,"timestamp":1610463777,"path_taken":["M","M","?","M","?","R","?","E","T","M","M","?","R","M","R","BOSS","M","?","?","M","M","E","R","M","T","?","?","?","R","E","R","BOSS","M","?","M","$","M","R","E","M","T","R","?"],"items_purchased_type":["Potion","Card"],"build_version":"2020-12-22","purchased_purges":1,"victory":false,"max_hp_per_floor":[80,80,80,80,80,80,80,80,80,80,80,85,85,85,85,85,85,85,85,85,85,85,85,85,88,88,88,88,91,91,91,91,91,91,94,94,94,99,99,99,104,109,109,109,109,109],"relic_stats":{"Blood Vial":12,"Regal Pillow":60,"Busted Crown":10,"Singing Bowl":4,"counters":[24,120],"Snecko Eye":[105,131,130,145],"Smiling Mask":25,"obtain_stats":[{"Regal Pillow":9,"Singing Bowl":41,"Frozen Egg 2":8,"Smiling Mask":20,"Burning Blood":0,"Blood Vial":31,"CaptainsWheel":23,"Busted Crown":34,"Snecko Eye":17,"Mark of Pain":0,"Red Mask":19,"Bottled Lightning":26,"InkBottle":5},{"Regal Pillow":5,"Singing Bowl":22,"Frozen Egg 2":5,"Smiling Mask":11,"Burning Blood":0,"Blood Vial":17,"CaptainsWheel":14,"Busted Crown":18,"Snecko Eye":9,"Mark of Pain":0,"Red Mask":11,"Bottled Lightning":15,"InkBottle":3},{"Regal Pillow":21,"Singing Bowl":108,"Frozen Egg 2":21,"Smiling Mask":48,"Burning Blood":0,"Blood Vial":77,"CaptainsWheel":62,"Busted Crown":86,"Snecko Eye":42,"Mark of Pain":0,"Red Mask":48,"Bottled Lightning":67,"InkBottle":12}],"InkBottle":[26]},"card_choices":[{"not_picked":["Shrug It Off","Anger"],"picked":"Shockwave","floor":1},{"not_picked":["Iron Wave","Sentinel"],"picked":"Whirlwind","floor":2},{"not_picked":["Bloodletting","Cleave"],"picked":"Spot Weakness","floor":4},{"not_picked":["Havoc","Rupture"],"picked":"Ghostly Armor","floor":7},{"not_picked":["Dual Wield","Combust+1"],"picked":"Flame Barrier","floor":8},{"not_picked":["Body Slam","Warcry"],"picked":"Clothesline","floor":10},{"not_picked":["Thunderclap","Twin Strike"],"picked":"Feel No Pain+1","floor":11},{"not_picked":["Rage","Perfected Strike","Body Slam"],"picked":"SKIP","floor":14},{"not_picked":["Fiend Fire","Brutality+1"],"picked":"Limit Break","floor":16},{"not_picked":["Thunderclap","Armaments+1"],"picked":"Battle Trance+1","floor":18},{"not_picked":["Armaments","Twin Strike"],"picked":"Thunderclap+1","floor":19},{"not_picked":["Clash","Wild Strike+1","Seeing Red+1"],"picked":"SKIP","floor":21},{"not_picked":["Perfected Strike","Body Slam","Twin Strike"],"picked":"SKIP","floor":22},{"not_picked":["Reckless Charge","Armaments+1"],"picked":"Feed","floor":23},{"not_picked":["Fire Breathing+1","Thunderclap"],"picked":"Second Wind+1","floor":25},{"not_picked":["Pommel Strike","Anger"],"picked":"Uppercut+1","floor":29},{"not_picked":["Twin Strike","Dropkick"],"picked":"Intimidate","floor":31},{"not_picked":["Berserk+1","Corruption+1"],"picked":"Reaper","floor":33},{"not_picked":[],"picked":"Dual Wield","floor":35},{"not_picked":["Perfected Strike+1"],"picked":"SKIP","floor":37},{"not_picked":[],"picked":"Feel No Pain+1","floor":39},{"not_picked":["Sword Boomerang"],"picked":"Singing Bowl","floor":41},{"not_picked":["Flex"],"picked":"Singing Bowl","floor":42}],"player_experience":636733,"relics_obtained":[{"floor":5,"key":"InkBottle"},{"floor":8,"key":"Frozen Egg 2"},{"floor":9,"key":"Regal Pillow"},{"floor":19,"key":"Red Mask"},{"floor":20,"key":"Smiling Mask"},{"floor":23,"key":"CaptainsWheel"},{"floor":26,"key":"Bottled Lightning"},{"floor":31,"key":"Blood Vial"},{"floor":41,"key":"Singing Bowl"}],"event_choices":[{"damage_healed":0,"gold_gain":0,"player_choice":"Entered Light","damage_taken":16,"max_hp_gain":0,"max_hp_loss":0,"event_name":"Shining Light","floor":3,"gold_loss":0,"cards_upgraded":["Defend_R","Strike_R"]},{"damage_healed":0,"gold_gain":0,"player_choice":"Donut","damage_taken":0,"max_hp_gain":5,"max_hp_loss":0,"event_name":"Big Fish","floor":12,"gold_loss":0},{"damage_healed":0,"gold_gain":0,"player_choice":"Fought Bandits","damage_taken":0,"max_hp_gain":0,"max_hp_loss":0,"event_name":"Masked Bandits","floor":19,"gold_loss":0},{"damage_healed":0,"gold_gain":0,"player_choice":"Ignored","damage_taken":0,"max_hp_gain":0,"max_hp_loss":0,"event_name":"The Mausoleum","floor":27,"gold_loss":0},{"damage_healed":0,"gold_gain":0,"player_choice":"1 cards matched","damage_taken":0,"max_hp_gain":0,"max_hp_loss":0,"event_name":"Match and Keep!","floor":28,"gold_loss":0,"cards_obtained":["Exhume"]},{"damage_healed":24,"gold_gain":0,"player_choice":"Writhe","damage_taken":0,"max_hp_gain":0,"max_hp_loss":0,"event_name":"Winding Halls","floor":36,"gold_loss":0,"cards_obtained":["Writhe"]},{"damage_healed":0,"gold_gain":0,"player_choice":"Fight","damage_taken":0,"max_hp_gain":0,"max_hp_loss":0,"event_name":"Mysterious Sphere","floor":45,"gold_loss":0}],"is_beta":false,"boss_relics":[{"not_picked":["Runic Pyramid","SacredBark"],"picked":"Snecko Eye"},{"not_picked":["Black Star","Fusion Hammer"],"picked":"Busted Crown"}],"items_purged_floors":[38],"is_endless":false,"potions_floor_spawned":[1,8,10,16,18,19,22,25,31,39,41],"killed_by":"2 Orb Walkers","ascension_level":3}}