{"host":"w9yruvs4bqht6bhw","time":1610495425,"event":{"mods":["BaseMod","Colored Powertips","Minty Spire (QoL Compilation)"],"gold_per_floor":[110,128,28,28,28,57,57,70,97,139,139,162,162,181,181,285,285,305,230,256,256,256],"floor_reached":21,"language":"ENG","playtime":749,"items_purged":["Strike_R"],"score":274,"play_id":"e894c0b1-d93f-4f12-b1b5-9f4a68189b4d","local_time":"20210112185025","is_ascension_mode":true,"campfire_choices":[{"data":"Bash","floor":7,"key":"SMITH"},{"floor":15,"key":"REST"}],"circlet_count":0,"master_deck":["Strike_R","Strike_R","Strike_R","Strike_R","Defend_R","Defend_R","Defend_R","Defend_R","Bash+1","Pommel Strike","True Grit","True Grit+1","Flame Barrier","Disarm","Hemokinesis","Heavy Blade","Limit Break","Seeing Red+1"],"relics":["Black Blood","Vajra","CeramicFish","Torii","Art of War"],"acts_visited":["Exordium","TheCity"],"potions_floor_usage":[6,10,14,14,16,20],"damage_taken":[{"damage":3,"enemies":"2 Louse","floor":1,"turns":3},{"damage":2,"enemies":"Jaw Worm","floor":2,"turns":3},{"damage":34,"enemies":"Gremlin Nob","floor":6,"turns":5},{"damage":0,"enemies":"Small Slimes","floor":8,"turns":2},{"damage":33,"enemies":"3 Sentries","floor":10,"turns":11},{"damage":10,"enemies":"Blue Slaver","floor":12,"turns":4},{"damage":3,"enemies":"Exordium Thugs","floor":14,"turns":3},{"damage":50,"enemies":"Hexaghost","floor":16,"turns":11},{"damage":29,"enemies":"3 Byrds","floor":18,"turns":7},{"damage":7,"enemies":"Shell Parasite","floor":20,"turns":4},{"damage":64,"enemies":"Sentry and Sphere","floor":21,"turns":7}],"seed_played":"-7617498733309774260","potions_obtained":[{"floor":2,"key":"Block Potion"},{"floor":8,"key":"FearPotion"},{"floor":10,"key":"SkillPotion"},{"floor":12,"key":"Weak Potion"},{"floor":18,"key":"ColorlessPotion"}],"is_trial":false,"path_per_floor":["M","M","$","?","?","E","R","M","T","E","?","M","?","M","R","B",null,"M","$","M","M"],"character_chosen":"IRONCLAD","items_purchased":["True Grit","FearPotion"],"campfire_rested":1,"item_purchase_floors":[3,3],"current_hp_per_floor":[83,87,87,92,92,64,64,70,70,43,43,39,27,30,57,13,73,56,56,61,0,0],"gold":256,"neow_bonus":"TEN_PERCENT_HP_BONUS","is_daily":false,"chose_seed":false,"campfire_upgraded":1,"win_rate":0.0,"timestamp":1610495425,"path_taken":["M","M","$","?","?","E","R","M","T","E","?","M","?","M","R","BOSS","M","$","M","M"],"items_purchased_type":["Card","Potion"],"build_version":"2020-12-22","purchased_purges":1,"victory":false,"max_hp_per_floor":[88,88,88,93,93,93,93,93,93,93,93,93,93,93,93,93,93,93,93,93,93,93],"card_choices":[{"not_picked":["Shrug It Off","Thunderclap"],"picked":"Pommel Strike","floor":1},{"not_picked":["Burning Pact","Body Slam"],"picked":"True Grit","floor":2},{"not_picked":["Clash","Impervious"],"picked":"Flame Barrier","floor":6},{"not_picked":["Power Through","Clash"],"picked":"Disarm","floor":8},{"not_picked":["Power Through","Thunderclap"],"picked":"Hemokinesis","floor":10},{"not_picked":["Searing Blow","Bloodletting"],"picked":"Heavy Blade","floor":12},{"not_picked":["Wild Strike","Blood for Blood","Flex"],"picked":"SKIP","floor":14},{"not_picked":["Juggernaut","Bludgeon"],"picked":"Limit Break","floor":16},{"not_picked":["Evolve","Wild Strike","Clash+1"],"picked":"SKIP","floor":18},{"not_picked":["Rampage","Whirlwind+1"],"picked":"Seeing Red+1","floor":20}],"player_experience":393233,"relics_obtained":[{"floor":6,"key":"Vajra"},{"floor":9,"key":"CeramicFish"},{"floor":10,"key":"Torii"}],"event_choices":[{"damage_healed":0,"gold_gain":0,"player_choice":"Donut","damage_taken":0,"max_hp_gain":5,"max_hp_loss":0,"event_name":"Big Fish","floor":4,"gold_loss":0},{"damage_healed":0,"gold_gain":0,"player_choice":"Ignored","damage_taken":0,"max_hp_gain":0,"max_hp_loss":0,"event_name":"Liars Game","floor":5,"gold_loss":0},{"damage_healed":0,"gold_gain":0,"player_choice":"Grow","damage_taken":0,"max_hp_gain":0,"max_hp_loss":0,"event_name":"Living Wall","floor":11,"gold_loss":0,"cards_upgraded":["True Grit"]},{"damage_healed":0,"gold_gain":0,"player_choice":"Success","damage_taken":12,"relics_obtained":["Art of War"],"max_hp_gain":0,"max_hp_loss":0,"event_name":"Scrap Ooze","floor":13,"gold_loss":0}],"is_beta":false,"boss_relics":[{"not_picked":["Pandora\u0027s Box","Runic Dome"],"picked":"Black Blood"}],"items_purged_floors":[19],"is_endless":false,"potions_floor_spawned":[2,8,10,12,18],"killed_by":"Sentry and Sphere","ascension_level":9}}