{"host":"2pluridizrp50jef","time":1610429473,"event":{"mods":["ATMod(阿瑾Mod)","BaseMod","Better Altar","Better Match","Better Note","Better Sensory Stone","Better Skull","Better Third Choice","Colored Powertips","Custom Start","Decade(王小明)","Hermit","Lobotomy","LobotomyExtend","Marisa（F雨　魔理沙）","Minty Spire (QoL Compilation)","Rare Cards Sparkle","Replay The Spire","StSLib","The Animator","The Bug Knight","The Cursed","The Hierophant","The Servant 0.9.4","Waifu the Spire","WarShipGirlsR/战舰少女R mod"],"gold_per_floor":[112,128,128,139,159,187,187,187,210,242,262,275,275,291,291,386,386,386,386],"floor_reached":18,"playtime":1027,"items_purged":[],"score":401,"play_id":"f8cec7bf-86a3-471b-bb47-3e97fb383085","local_time":"20210111213113","is_ascension_mode":false,"campfire_choices":[{"data":"AT_DivineConfetti","floor":8,"key":"SMITH"},{"floor":15,"key":"REST"}],"circlet_count":0,"master_deck":["PowerUp+1","PowerUp+1","Madness+1","Madness+1","Adrenaline+1","Adrenaline+1","Seek+1","Seek+1","Skim+1","All For One+1","All For One+1","Scrape+1","Scrape+1","Gash+1","Gash+1","Gash+1","AT_DivineConfetti+1"],"relics":["Cracked Core","AT_ATBox","AT_TrinityForce","hermit:RyeStalk","AT_EbonyIvory","Black Star","MagicBroom","Snack Pack","Pen Nib","AT_SpeedBoots","MiniHakkero","Blue Candle","AT_ChloranthyRing","AT_BladeRuinedKing","StoneMask","HollowMod:LifeEnderRelic","Bottled Flame","Lantern","AT_RabadonDeathcap","AT_SunfireAegis","rmod:quickrepair","ReplayTheSpireMod:Ninjato","Omamori","Letter Opener","Pan","AT_ArchangelStaff","InkBottle","TheCursedMod:FourLeafCloverCharm","AT_LudenTempest","Ice Cream","WristBlade","LetterFromLob","MealTicket","Pet Ghost","Juzu Bracelet","Replay:Wax Seal","PreservedInsect","Ginger","Philosopher\u0027s Stone","Heaven_r"],"acts_visited":["Exordium","TheCity"],"potions_floor_usage":[],"damage_taken":[{"damage":0,"enemies":"Jaw Worm","floor":1,"turns":1},{"damage":0,"enemies":"Small Slimes","floor":2,"turns":1},{"damage":0,"enemies":"Cultist","floor":3,"turns":1},{"damage":0,"enemies":"Exordium Wildlife","floor":4,"turns":1},{"damage":0,"enemies":"3 Louse","floor":5,"turns":1},{"damage":0,"enemies":"Lagavulin","floor":6,"turns":1},{"damage":0,"enemies":"HollowMod:MossKnight","floor":10,"turns":1},{"damage":0,"enemies":"2 Fungi Beasts","floor":11,"turns":1},{"damage":0,"enemies":"Gremlin Gang","floor":12,"turns":1},{"damage":0,"enemies":"Exordium Wildlife","floor":14,"turns":1},{"damage":0,"enemies":"Fading Forest","floor":16,"turns":1},{"damage":0,"enemies":"Shell Parasite","floor":18,"turns":1}],"seed_played":"6091120255505523039","potions_obtained":[{"floor":2,"key":"FearPotion"}],"is_trial":true,"path_per_floor":["M","M","M","M","M","E","?","R","T","E","M","M","?","M","R","B",null,"M"],"character_chosen":"DEFECT","items_purchased":[],"campfire_rested":1,"item_purchase_floors":[],"current_hp_per_floor":[76,78,79,81,84,85,73,73,73,78,84,92,92,94,94,95,95,0,0],"gold":386,"neow_bonus":"","is_daily":false,"chose_seed":false,"campfire_upgraded":1,"win_rate":0.0,"timestamp":1610429473,"path_taken":["M","M","M","M","M","E","?","R","T","E","M","M","?","M","R","BOSS","M"],"items_purchased_type":[],"build_version":"2020-12-22","purchased_purges":0,"victory":false,"max_hp_per_floor":[76,78,79,81,84,85,85,85,85,86,88,92,92,94,94,95,95,96,96],"card_choices":[{"not_picked":["Streamline","Ball Lightning","Auto Shields"],"picked":"SKIP","floor":1},{"not_picked":["ReplayTheSpireMod:Repulse","Coolheaded","Steam Power"],"picked":"SKIP","floor":2},{"not_picked":["Reinforced Body","Stack","Beam Cell"],"picked":"SKIP","floor":3},{"not_picked":["ReplayTheSpireMod:Reroute Power","Ball Lightning","Scrape"],"picked":"SKIP","floor":4},{"not_picked":["Skim","ReplayTheSpireMod:GoodbyeWorld","Stack"],"picked":"SKIP","floor":5},{"not_picked":["Coolheaded","Aggregate","Beam Cell"],"picked":"SKIP","floor":6},{"not_picked":["Hello World","Time Bomb","Darkness"],"picked":"SKIP","floor":10},{"not_picked":["Lockon","Steam","Ball Lightning"],"picked":"SKIP","floor":11},{"not_picked":["Scrape","BasicCrystalCard","Turbo"],"picked":"SKIP","floor":12},{"not_picked":["ReplayGash","Hologram","Reboot"],"picked":"SKIP","floor":14}],"player_experience":120699,"relics_obtained":[{"floor":1,"key":"LetterFromLob"},{"floor":6,"key":"MealTicket"},{"floor":6,"key":"Pet Ghost"},{"floor":9,"key":"Replay:Wax Seal"},{"floor":10,"key":"PreservedInsect"},{"floor":10,"key":"Ginger"}],"event_choices":[{"damage_healed":0,"gold_gain":0,"player_choice":"Relic ","damage_taken":12,"max_hp_gain":0,"max_hp_loss":0,"event_name":"betterThird:BetterScrap","floor":7,"gold_loss":0,"cards_obtained":["Replay:Hum"]},{"damage_healed":0,"gold_gain":1,"player_choice":"1","damage_taken":0,"max_hp_gain":0,"max_hp_loss":0,"event_name":"betterStone:BetterStone","floor":13,"gold_loss":0}],"is_beta":false,"boss_relics":[{"not_picked":["Empty Cage","Kintsugi"],"picked":"Philosopher\u0027s Stone"}],"items_purged_floors":[],"is_endless":false,"potions_floor_spawned":[1,2,10,11,14,16],"killed_by":"Shell Parasite","ascension_level":0}}