{"host":"2se5dq1do2gp0x9k","time":1610428889,"event":{"mods":["AchievementEnabler","BaseMod","Block Reminder","Colored Map","Colored Powertips","Minty Spire (QoL Compilation)","Relic Stats","StSLib","SuperFastMode"],"gold_per_floor":[110,110,110,66,82,82,117,134,161,211,46,64,64,93,93,93,93],"floor_reached":16,"playtime":528,"items_purged":["Strike_P"],"score":239,"play_id":"b1162f4c-7fd5-452b-a740-bb0ffa473eb2","local_time":"20210111212129","is_ascension_mode":true,"campfire_choices":[{"data":"SignatureMove","floor":6,"key":"SMITH"},{"floor":13,"key":"REST"},{"data":"WaveOfTheHand","floor":15,"key":"SMITH"}],"circlet_count":0,"master_deck":["AscendersBane","Strike_P","Strike_P","Strike_P","Defend_P+1","Defend_P","Defend_P+1","Eruption","Vigilance","Nirvana","SignatureMove+1","WaveOfTheHand+1","ForeignInfluence","FearNoEvil","EmptyMind","JustLucky","Crescendo"],"relics":["PureWater","NeowsBlessing","War Paint","Potion Belt","Eternal Feather"],"acts_visited":["Exordium"],"potions_floor_usage":[12,16],"damage_taken":[{"damage":0,"enemies":"Small Slimes","floor":1,"turns":1},{"damage":0,"enemies":"Jaw Worm","floor":5,"turns":1},{"damage":0,"enemies":"3 Sentries","floor":7,"turns":2},{"damage":0,"enemies":"2 Louse","floor":8,"turns":3},{"damage":36,"enemies":"Gremlin Gang","floor":12,"turns":6},{"damage":11,"enemies":"Gremlin Nob","floor":14,"turns":3},{"damage":44,"enemies":"The Guardian","floor":16,"turns":7}],"seed_played":"-1571882366126446972","potions_obtained":[{"floor":1,"key":"Weak Potion"},{"floor":7,"key":"SteroidPotion"},{"floor":14,"key":"Energy Potion"}],"is_trial":false,"path_per_floor":["M","?","?","$","M","R","E","M","T","?","$","M","R","E","R","B"],"character_chosen":"WATCHER","items_purchased":["SignatureMove","EmptyMind"],"campfire_rested":1,"item_purchase_floors":[4,11],"current_hp_per_floor":[61,61,54,54,54,54,54,54,54,48,48,12,32,21,30,0,0],"gold":93,"neow_bonus":"THREE_ENEMY_KILL","is_daily":false,"chose_seed":false,"campfire_upgraded":2,"win_rate":0.0,"timestamp":1610428889,"path_taken":["M","?","?","$","M","R","E","M","T","?","$","M","R","E","R","BOSS"],"items_purchased_type":["Card","Card"],"build_version":"2020-12-22","purchased_purges":1,"victory":false,"max_hp_per_floor":[68,68,68,68,68,68,68,68,68,68,68,68,68,68,68,68,68],"relic_stats":{"counters":[7,23],"Eternal Feather":9,"War Paint":["Defend_P","Defend_P"],"obtain_stats":[{"Potion Belt":9,"NeowsBlessing":0,"Eternal Feather":14,"PureWater":0,"War Paint":7},{"Potion Belt":4,"NeowsBlessing":0,"Eternal Feather":6,"PureWater":0,"War Paint":3},{"Potion Belt":7,"NeowsBlessing":0,"Eternal Feather":16,"PureWater":0,"War Paint":4}]},"card_choices":[{"not_picked":["DeceiveReality","Crescendo"],"picked":"Nirvana","floor":1},{"not_picked":["Conclude","SashWhip"],"picked":"WaveOfTheHand","floor":5},{"not_picked":["Swivel","Brilliance"],"picked":"ForeignInfluence","floor":7},{"not_picked":["Perseverance","Protect"],"picked":"FearNoEvil","floor":8},{"not_picked":["Consecrate","InnerPeace"],"picked":"JustLucky","floor":12},{"not_picked":["WaveOfTheHand","SashWhip"],"picked":"Crescendo","floor":14}],"player_experience":3839139,"relics_obtained":[{"floor":7,"key":"War Paint"},{"floor":9,"key":"Potion Belt"},{"floor":14,"key":"Eternal Feather"}],"event_choices":[{"damage_healed":0,"gold_gain":0,"player_choice":"Leave","damage_taken":0,"max_hp_gain":0,"max_hp_loss":0,"event_name":"The Cleric","floor":2,"gold_loss":0},{"cards_removed":["Defend_P"],"damage_healed":0,"gold_gain":0,"player_choice":"Card Removal","damage_taken":7,"max_hp_gain":0,"max_hp_loss":0,"event_name":"Golden Wing","floor":3,"gold_loss":0},{"damage_healed":0,"gold_gain":50,"player_choice":"Touch","damage_taken":6,"max_hp_gain":0,"max_hp_loss":0,"event_name":"FaceTrader","floor":10,"gold_loss":0}],"is_beta":false,"boss_relics":[],"items_purged_floors":[11],"is_endless":false,"potions_floor_spawned":[1,7,8,14],"killed_by":"The Guardian","ascension_level":16}}