{"host":"z6c1sol8rulx2ubz","time":1610486075,"event":{"mods":["AchievementEnabler","Act Like it!","BaseMod","Better Note","Better Third Choice","Downfall","Elementarium","Gold Saver","Hallownest","Hermit","Hubris","Infinite Spire","Jorbs\u0027s Wanderer Trilogy","Minty Spire (QoL Compilation)","Potionbrewer","Quick Restart","Rare Cards Sparkle","StSLib","The Animator","The Bug Knight","The Cursed","The Dragon Tamer","The Necromancer","Wandering Minibosses"],"gold_per_floor":[268,278,208,208,223,251,251,251,274,299,299,319,155,166,166,268,268,279,187,207,223,223,223,253,253,553,567,578,282,192,192,192,192,192],"floor_reached":33,"language":"ENG","playtime":1972,"items_purged":[],"score":300,"play_id":"76d728bd-24f4-426d-844f-b9c07cf597be","local_time":"20210112211435","is_ascension_mode":false,"campfire_choices":[{"floor":8,"key":"REST"},{"floor":15,"key":"REST"},{"floor":23,"key":"REST"},{"floor":25,"key":"REST"},{"data":"HollowMod:NewJinnsSoul","floor":32,"key":"SMITH"}],"circlet_count":0,"master_deck":["HollowMod:NailStrikeStart","HollowMod:NailStrikeStart","HollowMod:NailStrikeStart","HollowMod:NailStrikeStart","HollowMod:QuickDashStart","HollowMod:QuickDashStart","HollowMod:QuickDashStart","HollowMod:QuickDashStart","HollowMod:FocusHealStart","HollowMod:PogoStrike","HollowMod:MothsMistake","HollowMod:BrokenVessel","HollowMod:CloakDash","HollowMod:NewGlowingWomb","HollowMod:InfectedAttack","expansioncontent:QuickStudy","HollowMod:MawleksShell","HollowMod:Hiveblood","HollowMod:NewJinnsSoul+1","HollowMod:BrokenVessel","HollowMod:InfectedCysts","HollowMod:CornifersMapStart+1","hubris:Gluttony","stsjorbsmod:Amnesia","infinitespire:Fortify"],"relics":["HollowMod:VesselMask","hubris:CuriousFeather","Darkstone Periapt","infinitespire:PuzzleCube","HollowMod:LifeEnderRelic","Potion Belt","wanderingMiniBosses:ThiefScarf","Hallownest:DreamNailRelic","Busted Crown","hubris:Icosahedron","Blood Vial","Old Coin","Bronze Scales","HandDrill","Hallownest:StagBellRelic1","potionbrewer:SalesContract","hubris:AstralHammer"],"acts_visited":["Hallownest:Greenpath","Hallownest:CityofTears"],"potions_floor_usage":[14,14,16,16,33,33],"damage_taken":[{"damage":2,"enemies":"Hallownest:2_Tiktiks_and_1_Crawlid","floor":1,"turns":4},{"damage":3,"enemies":"Hallownest:2_Baldur","floor":2,"turns":4},{"damage":3,"enemies":"Hallownest:monsterHuskWarrior","floor":5,"turns":4},{"damage":21,"enemies":"Hallownest:eliteMossKnight","floor":6,"turns":9},{"damage":23,"enemies":"Hallownest:eliteCrystalGuardian","floor":10,"turns":6},{"damage":6,"enemies":"Hallownest:monsterMossCharger","floor":12,"turns":3},{"damage":15,"enemies":"Hallownest:1_Baldur_1_Crawlid_1_Warrior","floor":14,"turns":6},{"damage":40,"enemies":"Hallownest:BossFalseKnight","floor":16,"turns":8},{"damage":18,"enemies":"Hallownest:Guard_and_Sentry","floor":18,"turns":4},{"damage":38,"enemies":"Hallownest:3_Youths","floor":20,"turns":4},{"damage":31,"enemies":"Hallownest:3_Mistakes","floor":21,"turns":4},{"damage":34,"enemies":"Hallownest:eliteSoulWarrior","floor":24,"turns":6},{"damage":30,"enemies":"Hallownest:Warrior_and_Youth","floor":27,"turns":4},{"damage":24,"enemies":"Hallownest:monsterShrumalOgre","floor":28,"turns":4},{"damage":55,"enemies":"Hallownest:BossSoulMaster","floor":33,"turns":3}],"seed_played":"-858414708722309768","potions_obtained":[{"floor":1,"key":"champ:CounterPotion"},{"floor":6,"key":"potionbrewer:ToxicPotion"},{"floor":10,"key":"Fire Potion"},{"floor":14,"key":"LiquidBronze"},{"floor":24,"key":"PowerPotion"},{"floor":27,"key":"BlessingOfTheForge"}],"is_trial":false,"path_per_floor":["M","M","$","?","M","E","?","R","T","E","?","M","$","M","R","B",null,"M","$","M","M","?","R","E","R","T","M","M","$","?","?","R","B"],"character_chosen":"THE_BUGKNIGHT","items_purchased":["HollowMod:BrokenVessel","expansioncontent:QuickStudy","HollowMod:NewJinnsSoul","HollowMod:BrokenVessel","Bronze Scales","HandDrill"],"campfire_rested":4,"item_purchase_floors":[3,13,19,19,29,29],"current_hp_per_floor":[58,55,55,55,62,53,25,47,47,30,39,33,33,24,49,23,84,77,77,51,31,31,56,36,61,61,47,30,30,30,42,42,0,0],"gold":192,"neow_bonus":"ONE_RARE_RELIC","is_daily":false,"chose_seed":false,"campfire_upgraded":1,"win_rate":0.0,"timestamp":1610486075,"path_taken":["M","M","$","?","?","E","?","R","T","E","?","M","$","M","R","BOSS","M","$","M","M","?","R","E","R","T","M","?","$","?","?","R","BOSS"],"items_purchased_type":["Card","Card","Card","Card","Relic","Relic"],"build_version":"2020-12-22","purchased_purges":0,"victory":false,"max_hp_per_floor":[75,75,75,75,75,75,75,75,75,75,84,84,84,84,84,84,84,84,84,84,84,84,84,84,84,84,84,84,84,84,96,96,96,96],"card_choices":[{"not_picked":["HollowMod:SoulShaman","HollowMod:MantisMark"],"picked":"HollowMod:MothsMistake","floor":1},{"not_picked":["HollowMod:FallenFury","HollowMod:CoiledNail","HollowMod:VengefulVoid"],"picked":"SKIP","floor":2},{"not_picked":["HollowMod:HowlingWraiths","HollowMod:DescendingDark"],"picked":"HollowMod:CloakDash","floor":5},{"not_picked":["HollowMod:GoodIntentions","HollowMod:SoulSplash","HollowMod:LifebloodCocoon"],"picked":"SKIP","floor":6},{"not_picked":["HollowMod:MonomonsArchive","HollowMod:ChannelNail"],"picked":"HollowMod:NewGlowingWomb","floor":10},{"not_picked":["HollowMod:CornifersMapStart","HollowMod:SiblingsSouls"],"picked":"HollowMod:InfectedAttack","floor":12},{"not_picked":["HollowMod:FastStrike","HollowMod:SoulStrike"],"picked":"HollowMod:MawleksShell","floor":14},{"not_picked":["HollowMod:AwokenDreamNail","HollowMod:VoidDash"],"picked":"HollowMod:Hiveblood","floor":16},{"not_picked":["HollowMod:Grubsong"],"picked":"SKIP","floor":18},{"not_picked":[],"picked":"HollowMod:InfectedCysts","floor":20},{"not_picked":[],"picked":"HollowMod:CornifersMapStart+1","floor":21},{"not_picked":["HollowMod:VengefulVoid"],"picked":"SKIP","floor":24},{"not_picked":["HollowMod:DungDefenderAura"],"picked":"SKIP","floor":27},{"not_picked":["HollowMod:MonarchWings"],"picked":"SKIP","floor":28},{"not_picked":["infinitespire:Oblivion","infinitespire:Menacing"],"picked":"infinitespire:Fortify","floor":31}],"player_experience":282677,"relics_obtained":[{"floor":6,"key":"Darkstone Periapt"},{"floor":10,"key":"Potion Belt"},{"floor":14,"key":"wanderingMiniBosses:ThiefScarf"},{"floor":14,"key":"Hallownest:DreamNailRelic"},{"floor":24,"key":"Blood Vial"},{"floor":26,"key":"Old Coin"}],"event_choices":[],"is_beta":false,"boss_relics":[{"not_picked":["hubris:BlackHole","Ectoplasm"],"picked":"Busted Crown"}],"items_purged_floors":[],"is_endless":false,"potions_floor_spawned":[1,6,10,14,24,27],"killed_by":"Hallownest:BossSoulMaster","ascension_level":0}}