{"host":"2xjkbrmvrd7iq7pu","time":1610462890,"event":{"mods":["AchievementEnabler","Act Like it!","Arknights The Spire","BaseMod","Downfall","Gensokyo","Gremlin Mod","GungeonMod","KinomotoSakuraMod(Ä¾Ö®±¾Ó£)","Lobotomy","Minty Spire (QoL Compilation)","Replay The Spire","StSLib","The Alterego","The Bug Knight","The Cursed"],"gold_per_floor":[119,139,14,14,25,25,53,64,89,106,134,152,186,206,206,206,206],"floor_reached":16,"playtime":916,"items_purged":["Defend_G"],"score":124,"play_id":"d170f4e4-9fa0-4ff9-9716-bd39127feb0c","local_time":"20210112224810","is_ascension_mode":false,"campfire_choices":[{"floor":15,"key":"REST"}],"circlet_count":0,"master_deck":["ats:Strike C","ats:Strike G","ats:Strike S","ats:Strike V","ats:Armor Crushing Shot","ats:Defend","ats:Defend","ats:Defend","ats:Defend","ats:Emotion Absorption","ats:True Silver Slash","ats:Leaping Hammer","ats:Cat Scratch","ats:Cat Scratch","ats:True Silver Slash","ats:Overload","ats:Part Time Job","ats:Healing Drone","ats:Hook Shot","ats:Fractured Body","ats:Soul Absorption"],"relics":["ats:Sanity","ats:Originium","The Courier","Replay:Mystery Machine","Replay:Bottled Snecko","DemoMod:Relodestone"],"acts_visited":["Exordium"],"potions_floor_usage":[13,13],"damage_taken":[{"damage":1,"enemies":"Cultist","floor":1,"turns":4},{"damage":0,"enemies":"2 Louse","floor":2,"turns":1},{"damage":9,"enemies":"Small Slimes","floor":5,"turns":4},{"damage":21,"enemies":"Gremlin Nob","floor":7,"turns":4},{"damage":1,"enemies":"Exordium Thugs","floor":8,"turns":3},{"damage":0,"enemies":"Lots of Slimes","floor":10,"turns":1},{"damage":17,"enemies":"3 Sentries","floor":11,"turns":4},{"damage":0,"enemies":"3 Louse","floor":12,"turns":1},{"damage":14,"enemies":"Gremlin Nob","floor":13,"turns":4},{"damage":6,"enemies":"Exordium Thugs","floor":14,"turns":4},{"damage":64,"enemies":"Fading Forest","floor":16,"turns":11}],"seed_played":"-1544781625531116108","potions_obtained":[{"floor":2,"key":"LiquidMemories"},{"floor":5,"key":"EssenceOfSteel"},{"floor":12,"key":"Fire Potion"},{"floor":13,"key":"SteroidPotion"},{"floor":14,"key":"DemoMod:LeadSkinPotion"}],"is_trial":false,"path_per_floor":["M","M","$","?","M","?","E","M","T","M","E","M","E","M","R","B"],"character_chosen":"DOCTOR_CLASS","items_purchased":["ats:Cat Scratch"],"campfire_rested":1,"item_purchase_floors":[3],"current_hp_per_floor":[71,71,71,71,62,62,41,40,40,40,26,26,18,24,45,0,0],"gold":206,"neow_bonus":"THREE_RARE_CARDS","is_daily":false,"chose_seed":false,"campfire_upgraded":0,"win_rate":0.0,"timestamp":1610462890,"path_taken":["M","M","?","?","M","?","E","M","T","M","E","M","E","?","R","BOSS"],"items_purchased_type":["Card"],"build_version":"2020-12-22","purchased_purges":1,"victory":false,"max_hp_per_floor":[72,72,72,72,72,72,72,72,72,72,72,72,72,72,72,72,72],"card_choices":[{"not_picked":["ats:Ambush","ats:Roar Of Ursus"],"picked":"ats:True Silver Slash","floor":0},{"not_picked":["ats:Ignite","ats:Hammer On","ats:Shell Defense"],"picked":"SKIP","floor":1},{"not_picked":["ats:Poison Spread","ats:LN2 Cannon"],"picked":"ats:Leaping Hammer","floor":2},{"not_picked":["ats:Leaping Hammer","ats:LN2 Cannon"],"picked":"ats:Cat Scratch","floor":5},{"not_picked":["ats:Hook Shot","ats:Hammer On"],"picked":"ats:True Silver Slash","floor":7},{"not_picked":["ats:Defend Order","ats:Powerful Strike"],"picked":"ats:Overload","floor":8},{"not_picked":["ats:Guardian Obelisk","ats:Very Hot Blade"],"picked":"ats:Part Time Job","floor":10},{"not_picked":["ats:Childhood Dance","ats:Burning Ground"],"picked":"ats:Healing Drone","floor":11},{"not_picked":["ats:Cat Scratch","ats:Childhood Dance"],"picked":"ats:Hook Shot","floor":12},{"not_picked":["ats:Powerful Strike","ats:Consecutive Shot Auto"],"picked":"ats:Fractured Body","floor":13},{"not_picked":["ats:Magnetic Hammer","ats:Powerful Strike"],"picked":"ats:Soul Absorption","floor":14}],"player_experience":664161,"relics_obtained":[{"floor":7,"key":"ats:Originium"},{"floor":7,"key":"The Courier"},{"floor":9,"key":"Replay:Mystery Machine"},{"floor":11,"key":"ats:Originium"},{"floor":11,"key":"Replay:Bottled Snecko"},{"floor":13,"key":"ats:Originium"},{"floor":13,"key":"DemoMod:Relodestone"}],"event_choices":[{"cards_removed":["Slimebound:CorrosiveSpit"],"damage_healed":0,"gold_gain":0,"player_choice":"Purged","damage_taken":0,"max_hp_gain":0,"max_hp_loss":0,"event_name":"Purifier","floor":6,"gold_loss":0}],"is_beta":false,"boss_relics":[],"items_purged_floors":[3],"is_endless":false,"potions_floor_spawned":[2,5,12,13,14],"killed_by":"Fading Forest","ascension_level":0}}