{"host":"hve1dyh1ly81yl9f","time":1610474562,"event":{"mods":["BaseMod","Colored Map","DeckTracker","Highlight Path","Keyboard Shortcuts","Minty Spire (QoL Compilation)","Permanent Neow","Quick Restart","StSLib","SuperFastMode"],"gold_per_floor":[113,113,113,125,135,135,148,148,174,174,186,197,209,209,209,209,209],"floor_reached":16,"playtime":558,"items_purged":[],"score":132,"play_id":"d54694b7-e0b1-4cc6-9877-8e35fa246afd","local_time":"20210113030242","is_ascension_mode":true,"campfire_choices":[{"data":"Fiend Fire","floor":6,"key":"SMITH"},{"data":"Dropkick","floor":8,"key":"SMITH"},{"data":"Bash","floor":10,"key":"SMITH"},{"data":"True Grit","floor":15,"key":"SMITH"}],"circlet_count":0,"master_deck":["Strike_R","Strike_R","Strike_R","Strike_R+1","Strike_R","Defend_R","Defend_R+1","Defend_R","Defend_R","Bash+1","Fiend Fire+1","True Grit+1","Dropkick+1","Dual Wield+1"],"relics":["Burning Blood","Strawberry"],"acts_visited":["Exordium"],"potions_floor_usage":[16,16],"damage_taken":[{"damage":12.0,"enemies":"Jaw Worm","floor":1.0,"turns":2.0},{"damage":0,"enemies":"2 Louse","floor":4,"turns":2},{"damage":0,"enemies":"Small Slimes","floor":5,"turns":3},{"damage":10,"enemies":"Exordium Thugs","floor":7,"turns":4},{"damage":9,"enemies":"Blue Slaver","floor":11,"turns":3},{"damage":15,"enemies":"3 Louse","floor":12,"turns":4},{"damage":0,"enemies":"Large Slime","floor":13,"turns":5},{"damage":64,"enemies":"Hexaghost","floor":16,"turns":11}],"seed_played":"-3336552271198632542","potions_obtained":[{"floor":11,"key":"Weak Potion"},{"floor":13,"key":"Ancient Potion"}],"is_trial":false,"path_per_floor":["M","?","?","M","M","R","M","R","T","R","M","M","M","?","R","B"],"character_chosen":"IRONCLAD","items_purchased":[],"campfire_rested":0,"item_purchase_floors":[],"current_hp_per_floor":[66,66,52,58,64,64,60,60,67,67,64,55,61,61,61,0,0],"gold":209,"neow_bonus":"THREE_RARE_CARDS","is_daily":false,"chose_seed":false,"campfire_upgraded":4,"win_rate":0.0,"timestamp":1610474562,"path_taken":["M","?","?","M","M","R","M","R","T","R","M","M","M","?","R","BOSS"],"items_purchased_type":[],"build_version":"2020-12-22","purchased_purges":0,"victory":false,"max_hp_per_floor":[72,72,72,72,72,72,72,72,79,79,79,79,79,79,79,79,79],"card_choices":[{"not_picked":["Double Tap","Demon Form"],"picked":"Fiend Fire","floor":0.0},{"not_picked":["True Grit","Sword Boomerang","Pommel Strike"],"picked":"SKIP","floor":1.0},{"not_picked":["Havoc","Ghostly Armor"],"picked":"True Grit","floor":4},{"not_picked":["Ghostly Armor","Shrug It Off","Clash"],"picked":"SKIP","floor":5},{"not_picked":["Clash","Battle Trance"],"picked":"Dropkick","floor":7},{"not_picked":["Havoc","Impervious","Heavy Blade"],"picked":"SKIP","floor":11},{"not_picked":["Intimidate","Anger"],"picked":"Dual Wield","floor":12},{"not_picked":["Second Wind","Sever Soul","Pummel"],"picked":"SKIP","floor":13}],"player_experience":326466,"relics_obtained":[{"floor":9,"key":"Strawberry"}],"event_choices":[{"damage_healed":0,"gold_gain":0,"player_choice":"Ignored","damage_taken":0,"max_hp_gain":0,"max_hp_loss":0,"event_name":"Liars Game","floor":2,"gold_loss":0},{"damage_healed":0,"gold_gain":0,"player_choice":"Entered Light","damage_taken":14,"max_hp_gain":0,"max_hp_loss":0,"event_name":"Shining Light","floor":3,"gold_loss":0,"cards_upgraded":["Strike_R","Defend_R"]},{"damage_healed":0,"gold_gain":0,"player_choice":"Forge","damage_taken":0,"max_hp_gain":0,"max_hp_loss":0,"event_name":"Accursed Blacksmith","floor":14,"gold_loss":0,"cards_upgraded":["Dual Wield"]}],"is_beta":false,"boss_relics":[],"items_purged_floors":[],"is_endless":false,"potions_floor_spawned":[11,13],"killed_by":"Hexaghost","ascension_level":8}}