{"host":"xckb594ox0nz108y","time":1610427847,"event":{"mods":["ATMod(阿瑾Mod)","Act Like it!","BaseMod","Colored Powertips","Conspire","Downfall","Friendly Minions","Gensokyo","Kiyohime（清姬）","Koishi","KomeijiMod","Lobotomy","LobotomyExtend","Marisa（F雨　魔理沙）","Minty Spire (QoL Compilation)","Pale of the Ancients","Rare Cards Sparkle","Replay The Spire","RumiaBox-露米娅的神秘盒子","StSLib","The Animator","The Cursed","The IronCluck","vexMod","【功能Mod】混沌之环修复补丁","【功能Mod】聪明的最终Boss","【遗物卡牌】REMEMod"],"gold_per_floor":[113,113,133,148,175,210,235,261,313,313,329,359,359,359,359,359,359],"floor_reached":16,"playtime":574,"items_purged":[],"score":164,"play_id":"74f3fafc-5731-4bd3-a880-63c183603195","local_time":"20210112130407","is_ascension_mode":true,"campfire_choices":[{"floor":10,"key":"REST"},{"data":"AT_ChampionKick","floor":15,"key":"SMITH"}],"circlet_count":0,"master_deck":["Strike_R","Strike_R","Strike_R","Strike_R","Strike_R","Defend_R","Defend_R","Defend_R","Defend_R+1","Bash","Core Surge","AT_ChampionKick+1","Rupture","Twin Strike","Clash","Sword Boomerang","True Grit","Flex","Clash","Sword Boomerang","Languid"],"relics":["AT_ATBox","REME_ComplimentaryCards","Runic Cube","LetterFromLob","Gremlin Food","AT_ArchangelStaff","ReplayTheSpireMod:TigerMarble","Tiny Chest","Art of War","Red Skull","Ring of Hypnosis","ReplayTheSpireMod:Ring of Challenge"],"acts_visited":["Exordium"],"potions_floor_usage":[6,6],"damage_taken":[{"damage":0,"enemies":"Small Slimes","floor":1,"turns":3},{"damage":1,"enemies":"Cultist","floor":3,"turns":3},{"damage":7,"enemies":"Jaw Worm","floor":4,"turns":2},{"damage":35,"enemies":"Lagavulin","floor":6,"turns":4},{"damage":23,"enemies":"3 Sentries","floor":8,"turns":6},{"damage":13,"enemies":"Large Slime","floor":11,"turns":3},{"damage":0,"enemies":"Replay:BlueRogue","floor":12,"turns":3},{"damage":89,"enemies":"Fading Forest","floor":16,"turns":7}],"seed_played":"-1297610700293458219","potions_obtained":[{"floor":1,"key":"SteroidPotion"},{"floor":4,"key":"BlessingOfTheForge"},{"floor":8,"key":"Ancient Potion"}],"is_trial":false,"path_per_floor":["M","?","M","M","T","E","T","E","T","R","M","E","?","?","R","B"],"character_chosen":"IRONCLAD","items_purchased":[],"campfire_rested":1,"item_purchase_floors":[],"current_hp_per_floor":[80,80,79,72,72,37,37,14,14,38,25,25,25,80,80,0,0],"gold":359,"neow_bonus":"BOSS_RELIC","is_daily":false,"chose_seed":false,"campfire_upgraded":1,"win_rate":0.0,"timestamp":1610427847,"path_taken":["M","?","?","M","?","E","?","E","T","R","M","E","?","?","R","BOSS"],"items_purchased_type":[],"build_version":"2020-12-22","purchased_purges":0,"victory":false,"max_hp_per_floor":[80,80,80,80,80,80,80,80,80,80,80,80,80,80,80,80,80],"card_choices":[{"not_picked":["Body Slam","Cleave"],"picked":"Rupture","floor":1},{"not_picked":["Armaments","Second Wind"],"picked":"Clash","floor":3},{"not_picked":["Warcry","Defy Death"],"picked":"Sword Boomerang","floor":4},{"not_picked":["Sword Boomerang","Run Through"],"picked":"True Grit","floor":6},{"not_picked":["Juggernaut","Run Through"],"picked":"Flex","floor":8},{"not_picked":["Armaments","AT_IchimonjiDouble"],"picked":"Clash","floor":11},{"not_picked":["Uppercut","AT_CaressingTears"],"picked":"Sword Boomerang","floor":12}],"player_experience":314506,"relics_obtained":[{"floor":1,"key":"LetterFromLob"},{"floor":5,"key":"Gremlin Food"},{"floor":6,"key":"AT_ArchangelStaff"},{"floor":7,"key":"ReplayTheSpireMod:TigerMarble"},{"floor":8,"key":"Tiny Chest"},{"floor":9,"key":"Art of War"},{"floor":12,"key":"Red Skull"},{"floor":13,"key":"Ring of Hypnosis"},{"floor":13,"key":"ReplayTheSpireMod:Ring of Challenge"}],"event_choices":[{"damage_healed":0,"gold_gain":0,"player_choice":"1 cards matched","damage_taken":0,"max_hp_gain":0,"max_hp_loss":0,"event_name":"Match and Keep!","floor":2,"gold_loss":0,"cards_obtained":["Twin Strike"]},{"damage_healed":55,"gold_gain":0,"player_choice":"Full Heal","damage_taken":0,"max_hp_gain":0,"max_hp_loss":0,"event_name":"Wheel of Change","floor":14,"gold_loss":0}],"is_beta":false,"boss_relics":[],"items_purged_floors":[],"is_endless":false,"potions_floor_spawned":[1,4,8],"killed_by":"Fading Forest","ascension_level":3}}