{"host":"oehe2dxjvdgux73m","time":1610450575,"event":{"mods":["AchievementEnabler","BaseMod","Colored Map","Colored Powertips","DeckTracker","Keyboard Shortcuts","Minty Spire (QoL Compilation)","Permanent Neow","Quick Restart","StSLib","SuperFastMode"],"gold_per_floor":[112,132,143,143,42,72,72,106,133,166,166,180,180,193,193,289,289,299,317,330,349,365,365,398,408,459,459,484,484,517,533,533,533,533],"floor_reached":33,"playtime":1703,"items_purged":["Strike_R"],"score":428,"play_id":"c0d7a2b6-9551-453e-9486-2f3222afc86c","local_time":"20210112202255","is_ascension_mode":true,"campfire_choices":[{"floor":7.0,"key":"REST"},{"floor":15.0,"key":"REST"},{"data":"Second Wind","floor":23.0,"key":"SMITH"},{"data":"Double Tap","floor":27.0,"key":"SMITH"},{"floor":29.0,"key":"REST"},{"data":"Shockwave","floor":32.0,"key":"SMITH"}],"circlet_count":0,"master_deck":["Strike_R","Strike_R","Strike_R","Strike_R","Defend_R","Defend_R","Defend_R","Defend_R","Bash","Double Tap+1","Shrug It Off","Battle Trance","Clothesline","Body Slam+1","Cleave","Shockwave+1","Carnage","Feel No Pain","Impervious","Second Wind+1","Bloodletting","Power Through+1","Headbutt+1","Shrug It Off"],"relics":["Burning Blood","Dream Catcher","Red Skull","Girya","Centennial Puzzle","Torii","Mark of Pain","TungstenRod","MealTicket","Magic Flower","Question Card"],"acts_visited":["Exordium","TheCity"],"potions_floor_usage":[33,33,33],"damage_taken":[{"damage":7.0,"enemies":"Small Slimes","floor":1.0,"turns":3.0},{"damage":9.0,"enemies":"2 Louse","floor":2.0,"turns":2.0},{"damage":7.0,"enemies":"Jaw Worm","floor":3.0,"turns":7.0},{"damage":47.0,"enemies":"3 Sentries","floor":6.0,"turns":12.0},{"damage":17.0,"enemies":"Lagavulin","floor":8.0,"turns":5.0},{"damage":10.0,"enemies":"3 Sentries","floor":10.0,"turns":6.0},{"damage":9.0,"enemies":"Exordium Wildlife","floor":12.0,"turns":3.0},{"damage":0.0,"enemies":"3 Louse","floor":14.0,"turns":2.0},{"damage":33.0,"enemies":"Hexaghost","floor":16.0,"turns":9.0},{"damage":1.0,"enemies":"Chosen","floor":18.0,"turns":5.0},{"damage":10.0,"enemies":"2 Thieves","floor":19.0,"turns":5.0},{"damage":2.0,"enemies":"Sentry and Sphere","floor":20.0,"turns":5.0},{"damage":14.0,"enemies":"Snecko","floor":21.0,"turns":5.0},{"damage":19.0,"enemies":"Snake Plant","floor":22.0,"turns":5.0},{"damage":37.0,"enemies":"Slavers","floor":24.0,"turns":9.0},{"damage":0.0,"enemies":"Centurion and Healer","floor":25.0,"turns":7.0},{"damage":13.0,"enemies":"Book of Stabbing","floor":28.0,"turns":6.0},{"damage":6.0,"enemies":"Slavers","floor":30.0,"turns":12.0},{"damage":14.0,"enemies":"Cultist and Chosen","floor":31.0,"turns":5.0},{"damage":58,"enemies":"Collector","floor":33,"turns":9}],"seed_played":"-7539510310347220675","potions_obtained":[{"floor":2.0,"key":"Swift Potion"},{"floor":8.0,"key":"Strength Potion"},{"floor":10.0,"key":"Strength Potion"},{"floor":12.0,"key":"AttackPotion"},{"floor":16.0,"key":"Regen Potion"},{"floor":20.0,"key":"Dexterity Potion"},{"floor":21.0,"key":"Explosive Potion"},{"floor":24.0,"key":"Ancient Potion"},{"floor":28.0,"key":"BlessingOfTheForge"}],"is_trial":false,"path_per_floor":["M","M","M","?","$","E","R","E","T","E","?","M","?","M","R","B",null,"M","M","M","M","M","R","E","M","T","R","E","R","E","M","R","B"],"character_chosen":"IRONCLAD","items_purchased":["Body Slam"],"campfire_rested":3,"item_purchase_floors":[5],"current_hp_per_floor":[71,68,67,55,55,14,38,27,27,23,23,20,20,26,50,23,66,71,67,71,63,50,50,34,40,40,40,33,57,60,55,55,0,0],"gold":533,"neow_bonus":"ONE_RANDOM_RARE_CARD","is_daily":false,"chose_seed":false,"campfire_upgraded":3,"win_rate":0.0,"timestamp":1610450575,"path_taken":["M","M","M","?","$","E","R","E","T","E","?","M","?","M","R","BOSS","M","M","M","M","M","R","E","M","T","R","E","R","E","M","R","BOSS"],"items_purchased_type":["Card"],"build_version":"2020-12-22","purchased_purges":1,"victory":false,"max_hp_per_floor":[80,80,80,80,80,80,80,80,80,80,80,80,80,80,80,80,80,80,80,80,80,80,80,80,80,80,80,80,80,80,80,80,80,80],"card_choices":[{"not_picked":["Perfected Strike","True Grit"],"picked":"Shrug It Off","floor":1.0},{"not_picked":["Shrug It Off","Armaments"],"picked":"Battle Trance","floor":2.0},{"not_picked":["Cleave","Warcry"],"picked":"Clothesline","floor":3.0},{"not_picked":["Ghostly Armor","Body Slam"],"picked":"Cleave","floor":6.0},{"not_picked":["Flex","Perfected Strike"],"picked":"Shockwave","floor":7.0},{"not_picked":["Anger","Thunderclap"],"picked":"Carnage","floor":8.0},{"not_picked":["Cleave","Thunderclap","Clash"],"picked":"SKIP","floor":10.0},{"not_picked":["Flex","Seeing Red","Flame Barrier"],"picked":"SKIP","floor":12.0},{"not_picked":["Perfected Strike","Armaments","Entrench"],"picked":"SKIP","floor":14.0},{"not_picked":["Entrench","Wild Strike"],"picked":"Feel No Pain","floor":15.0},{"not_picked":["Exhume","Corruption"],"picked":"Impervious","floor":16.0},{"not_picked":["Clash","Wild Strike+1","Warcry"],"picked":"SKIP","floor":18.0},{"not_picked":["Clash+1","Thunderclap","Havoc"],"picked":"SKIP","floor":19.0},{"not_picked":["Sword Boomerang","Havoc"],"picked":"Second Wind","floor":20.0},{"not_picked":["Demon Form","Iron Wave"],"picked":"Bloodletting","floor":21.0},{"not_picked":["Shrug It Off","Entrench"],"picked":"Power Through+1","floor":22.0},{"not_picked":["Pommel Strike","Cleave","Havoc+1"],"picked":"SKIP","floor":24.0},{"not_picked":["Sword Boomerang","Rage+1","Rampage"],"picked":"SKIP","floor":25.0},{"not_picked":["Iron Wave+1","Cleave"],"picked":"Headbutt+1","floor":28.0},{"not_picked":["Flex+1","Clash+1"],"picked":"Shrug It Off","floor":29.0},{"not_picked":["Bludgeon","Heavy Blade","True Grit"],"picked":"SKIP","floor":30.0},{"not_picked":["Havoc","Flame Barrier","Perfected Strike+1","Twin Strike"],"picked":"SKIP","floor":31.0}],"player_experience":129036,"relics_obtained":[{"floor":6.0,"key":"Red Skull"},{"floor":8.0,"key":"Girya"},{"floor":9.0,"key":"Centennial Puzzle"},{"floor":10.0,"key":"Torii"},{"floor":24.0,"key":"TungstenRod"},{"floor":26.0,"key":"MealTicket"},{"floor":28.0,"key":"Magic Flower"},{"floor":30.0,"key":"Question Card"}],"event_choices":[{"damage_healed":0.0,"max_hp_gain":0.0,"max_hp_loss":0.0,"gold_gain":0.0,"event_name":"Scrap Ooze","player_choice":"Success","floor":4.0,"gold_loss":0.0,"damage_taken":12.0,"relics_obtained":["Dream Catcher"]},{"damage_healed":0.0,"max_hp_gain":0.0,"max_hp_loss":0.0,"gold_gain":0.0,"event_name":"Liars Game","player_choice":"Ignored","floor":11.0,"gold_loss":0.0,"damage_taken":0.0},{"damage_healed":0.0,"max_hp_gain":0.0,"max_hp_loss":0.0,"gold_gain":0.0,"event_name":"Living Wall","player_choice":"Grow","floor":13.0,"gold_loss":0.0,"damage_taken":0.0,"cards_upgraded":["Body Slam"]}],"is_beta":false,"boss_relics":[{"not_picked":["Runic Dome","Black Star"],"picked":"Mark of Pain"}],"items_purged_floors":[5],"is_endless":false,"potions_floor_spawned":[2,8,10,12,16,20,21,24,28,31],"killed_by":"Collector","ascension_level":6}}