{"host":"7erghha4zaoybdup","time":1610451236,"event":{"mods":["2.2 Compatiblity","AchievementEnabler","Act Like it!","Astrologer","BaseMod","CapriCore","Colored Powertips","Conspire","Downfall","Friendly Minions","Gensokyo","GifTheSpireLib","Glutton Mod","Hermit","Hubris","Infinite Spire","Jorbs\u0027s Wanderer Trilogy","Lobotomy","LobotomyExtend","MarisaÅiñ∂âJÅ@ñÇóùçπÅj","Minty Spire (QoL Compilation)","Quick Restart","Random Character Button","ReimuÅiîé??öÎÅj","Shade Mod","Somnambulant","StSLib","The Alterego","The Bug Knight","The Cursed","The Disciple","The Fake Hero","The Immortal","The Judge","The Marked","The Necromancer","The Poker Player","The Wild Card","Wandering Minibosses","Yakumo Yukari mod","Åy?ï®?îvÅzREMEMod"],"gold_per_floor":[517,517,237,252,264,291,310,310,335,335,354,367,367,385,385,484,484,501,501,511,530,541,568,568,586,586,586,586,586,597,616,616,716,716,732,732,744,755,368,368,393,393,393,393,413,413,413,413],"floor_reached":47,"playtime":4230,"items_purged":["luka_mod:Surrender","luka_mod:Guard"],"score":481,"play_id":"ceac7902-a060-458c-8938-d19d1d1d211f","local_time":"20210112053356","is_ascension_mode":false,"campfire_choices":[{"floor":10,"key":"REST"},{"data":"luka_mod:TouchFluffyTail","floor":15,"key":"SMITH"},{"data":"luka_mod:Meditation","floor":24,"key":"SMITH"},{"data":"luka_mod:StrikeLukaThree","floor":27,"key":"SMITH"},{"data":"luka_mod:Undine","floor":32,"key":"SMITH"},{"data":"Mayhem","floor":40,"key":"SMITH"},{"data":"luka_mod:Erubetie","floor":42,"key":"SMITH"}],"circlet_count":0,"master_deck":["luka_mod:StrikeLukaOne","luka_mod:StrikeLukaTwo","luka_mod:StrikeLukaThree+1","luka_mod:StrikeLukaFour","luka_mod:StrikeLukaFive","luka_mod:StrikeLukaSix","luka_mod:Salt","luka_mod:Meditation+1","luka_mod:Erubetie+1","luka_mod:EndlessGuard+1","Gensokyo:MenInBlack","luka_mod:TouchFluffyTail+1","luka_mod:SmallBody","luka_mod:Undine+1","luka_mod:Daystar","luka_mod:PeacePreach+1","luka_mod:NinefoldRakshasa+1","luka_mod:NoDebuffs+1","luka_mod:WaterSlash","luka_mod:Intense+1","luka_mod:Salamander","luka_mod:Ilias","luka_mod:Cutscene+1","luka_mod:VaporizingRebellionSword","luka_mod:Intense+1","Mayhem+1","luka_mod:SereneDemonSword+1","luka_mod:WaterSlash","luka_mod:OiAlice"],"relics":["luka_mod:KeepsakeRing","REME_ComplimentaryCards","LetterFromLob","REME_HandOfSuture","Lizard Tail","Gensokyo:YoukaiFlower","Oddly Smooth Stone","Astrolabe","TentaclePot:ReiMu","SlaversCollar","Anchor","hubris:MysteriousPyramids","Gensokyo:ConquerorOfFear","Sozu","Mastiff:ReiMu","Toy Ornithopter","hubris:Towel"],"acts_visited":["Exordium","Gensokyo:Gensokyo","Gensokyo:Gensokyoer"],"potions_floor_usage":[6,7,16,18,21,30,45,45],"damage_taken":[{"damage":9,"enemies":"Gensokyo:Python","floor":1,"turns":3},{"damage":9,"enemies":"Gensokyo:2_Kodama","floor":4,"turns":6},{"damage":4,"enemies":"Gensokyo:Gryphon","floor":5,"turns":5},{"damage":21,"enemies":"Gensokyo:Cirno","floor":6,"turns":8},{"damage":5,"enemies":"Gensokyo:Python_and_Kodama","floor":7,"turns":4},{"damage":1,"enemies":"Gensokyo:Kitsune","floor":11,"turns":2},{"damage":0,"enemies":"Gensokyo:LivingMonolith","floor":12,"turns":3},{"damage":0,"enemies":"Gensokyo:VengefulSpirit","floor":14,"turns":3},{"damage":24,"enemies":"Gensokyo:Kokoro","floor":16,"turns":13},{"damage":13,"enemies":"Gensokyo:3_Dogs","floor":18,"turns":11},{"damage":26,"enemies":"Gensokyo:AngelMirror","floor":20,"turns":4},{"damage":25,"enemies":"Gensokyo:Monolith_and_Dog","floor":21,"turns":9},{"damage":4,"enemies":"Gensokyo:Wraith","floor":22,"turns":6},{"damage":12,"enemies":"Gensokyo:Tenshi","floor":23,"turns":4},{"damage":28,"enemies":"Gensokyo:Chomper_and_Gloop","floor":25,"turns":10},{"damage":37,"enemies":"Gensokyo:Monolith_and_Dog","floor":30,"turns":10},{"damage":11,"enemies":"Gensokyo:3_Gloops","floor":31,"turns":6},{"damage":6,"enemies":"Gensokyo:Kaguya","floor":33,"turns":10},{"damage":15,"enemies":"Gensokyo:3_Boulders","floor":35,"turns":6},{"damage":0,"enemies":"Gensokyo:AncientGuardian","floor":37,"turns":5},{"damage":12,"enemies":"Gensokyo:Dusk_and_Dawn","floor":38,"turns":4},{"damage":9,"enemies":"Gensokyo:Doremy","floor":41,"turns":5},{"damage":25,"enemies":"Gensokyo:3_Boulders","floor":45,"turns":5}],"seed_played":"5411139199541350867","potions_obtained":[{"floor":1,"key":"MagicPotion:ReiMu"},{"floor":5,"key":"AttackPotion"},{"floor":6,"key":"Fire Potion"},{"floor":7,"key":"Explosive Potion"},{"floor":16,"key":"hexamod:EctoCoolerPotion"},{"floor":21,"key":"REME_GoldPotion"},{"floor":25,"key":"LiquidMemories"},{"floor":31,"key":"Explosive Potion"}],"is_trial":false,"path_per_floor":["M","?","COS","M","M","E","M","?","T","R","M","M","M","M","R","B",null,"M","AVR","M","M","M","E","R","M","T","R","?","?","M","M","R","B",null,"M","?","M","M","$","R","E","R","T","?","M","?","M"],"character_chosen":"LUKA_CLASS","items_purchased":["Mastiff:ReiMu","Mayhem"],"campfire_rested":1,"item_purchase_floors":[39,39],"current_hp_per_floor":[31,31,31,38,34,13,8,8,8,20,19,19,19,19,19,40,40,27,27,21,37,33,21,21,28,28,28,28,28,40,40,40,34,40,25,25,40,40,40,40,40,40,40,40,35,35,0,0],"gold":413,"neow_bonus":"ONE_RANDOM_RARE_CARD","is_daily":false,"chose_seed":false,"campfire_upgraded":6,"win_rate":0.0,"timestamp":1610451236,"path_taken":["M","?","COS","M","M","E","M","?","T","R","M","?","M","M","R","BOSS","M","AVR","M","M","M","E","R","M","T","R","?","?","M","?","R","BOSS","M","?","?","M","$","R","E","R","T","?","M","?","M"],"items_purchased_type":["Relic","Card"],"build_version":"2020-12-22","purchased_purges":2,"victory":false,"max_hp_per_floor":[40,40,40,40,40,40,40,40,40,40,40,40,40,40,40,40,40,40,40,40,40,40,40,40,40,40,40,40,40,40,40,40,40,40,40,40,40,40,40,40,40,40,40,40,40,40,40,40],"card_choices":[{"not_picked":["luka_mod:Request","luka_mod:PerfectTiming"],"picked":"luka_mod:EndlessGuard","floor":1},{"not_picked":["luka_mod:IliasesJudgement","luka_mod:Overexert"],"picked":"luka_mod:DemonDecapitation","floor":4},{"not_picked":["luka_mod:WaterSlash","luka_mod:PerfectTiming","luka_mod:BladeOfRagingFire"],"picked":"SKIP","floor":5},{"not_picked":["luka_mod:SpoilerDance","luka_mod:HeroicStrike"],"picked":"luka_mod:TouchFluffyTail","floor":6},{"not_picked":["luka_mod:HeavenlyDemonRevival","luka_mod:TouchFluffyTail"],"picked":"luka_mod:SmallBody","floor":7},{"not_picked":["luka_mod:VaporizingRebellionSword","luka_mod:ThunderThrust","luka_mod:RestrictedStrike"],"picked":"SKIP","floor":11},{"not_picked":["luka_mod:BegIlias","luka_mod:Request"],"picked":"luka_mod:Undine","floor":12},{"not_picked":["luka_mod:DemonDecapitation","luka_mod:LightningSwordFlash","luka_mod:GuardTraining"],"picked":"SKIP","floor":14},{"not_picked":["luka_mod:NoDebuffs","luka_mod:Erubetie"],"picked":"luka_mod:Daystar","floor":16},{"not_picked":["luka_mod:Request","luka_mod:Calm","luka_mod:LightningSwordFlash"],"picked":"SKIP","floor":18},{"not_picked":["luka_mod:FlashKill+1","luka_mod:ThunderThrust","luka_mod:HeavenlyDemonRevival"],"picked":"SKIP","floor":20},{"not_picked":["luka_mod:WindSlash","luka_mod:Calm","luka_mod:Struggle"],"picked":"SKIP","floor":21},{"not_picked":["luka_mod:Feel","luka_mod:AngryLuka","luka_mod:HeroicStrike"],"picked":"SKIP","floor":22},{"not_picked":["luka_mod:EarthSlash","luka_mod:ThunderThrust","luka_mod:BladeOfSolidEarth"],"picked":"SKIP","floor":23},{"not_picked":["luka_mod:Overexert","luka_mod:ThunderThrust"],"picked":"luka_mod:WaterSlash","floor":25},{"not_picked":["luka_mod:DemonDecapitation","luka_mod:PerfectTiming"],"picked":"luka_mod:Intense+1","floor":30},{"not_picked":["luka_mod:EarthSlash","luka_mod:GuardedStrike"],"picked":"luka_mod:Salamander","floor":31},{"not_picked":["luka_mod:SealingStrike","luka_mod:NinefoldRakshasa"],"picked":"luka_mod:Ilias","floor":33},{"not_picked":["luka_mod:EarthSlash","luka_mod:AngryLuka+1"],"picked":"luka_mod:Cutscene+1","floor":35},{"not_picked":["luka_mod:Feel+1","luka_mod:StressRelief"],"picked":"luka_mod:VaporizingRebellionSword","floor":37},{"not_picked":["luka_mod:DeathSwordChaosStar+1","luka_mod:Request"],"picked":"luka_mod:Intense+1","floor":38},{"not_picked":["luka_mod:WaterSlash+1","luka_mod:BladeOfSolidEarth+1"],"picked":"luka_mod:SereneDemonSword+1","floor":41},{"not_picked":["luka_mod:GuardedStrike","luka_mod:BladeOfHowlingWind+1"],"picked":"luka_mod:OiAlice","floor":45}],"player_experience":267555,"relics_obtained":[{"floor":1,"key":"LetterFromLob"},{"floor":6,"key":"REME_HandOfSuture"},{"floor":9,"key":"Oddly Smooth Stone"},{"floor":23,"key":"Anchor"},{"floor":26,"key":"hubris:MysteriousPyramids"},{"floor":30,"key":"Gensokyo:ConquerorOfFear"},{"floor":41,"key":"Toy Ornithopter"}],"event_choices":[{"damage_healed":0,"gold_gain":0,"player_choice":"Leave","damage_taken":0,"max_hp_gain":0,"max_hp_loss":0,"event_name":"conspire:Investor","floor":29,"gold_loss":0}],"is_beta":false,"boss_relics":[{"not_picked":["hubris:TerracottaHorce","Black Star"],"picked":"Astrolabe"},{"not_picked":["hubris:HollowSoul","Tiny House"],"picked":"Sozu"}],"items_purged_floors":[19,39],"is_endless":false,"potions_floor_spawned":[1,5,6,7,16,21,25,31,37],"killed_by":"Gensokyo:Sharpion","ascension_level":0}}