{"host":"sav7uxregyirlf69","time":1610461747,"event":{"mods":["AchievementEnabler","BaseMod","Colored Map","DeckTracker","Keyboard Shortcuts","Minty Spire (QoL Compilation)","READ ME - Guardian Mod","StSLib","SuperFastMode"],"gold_per_floor":[118,132,132,132,146,174,174,184,207,241,241,255,277,296,296,370,370,389,389,399,409,142,142,142,142,142],"floor_reached":25,"playtime":558,"items_purged":["Writhe"],"score":466,"play_id":"b4d31409-56df-4959-86f0-e4f2e9843986","local_time":"20210112232907","is_ascension_mode":true,"campfire_choices":[{"floor":7,"key":"REST"},{"data":"Carnage","floor":15,"key":"SMITH"},{"data":"Barricade","floor":23,"key":"SMITH"}],"circlet_count":0,"master_deck":["AscendersBane","Strike_R","Strike_R","Strike_R+1","Strike_R","Strike_R","Defend_R","Defend_R","Defend_R","Defend_R+1","Bash","Trip+1","Clothesline","Feel No Pain","Bloodletting","Impervious","Hemokinesis","Carnage+1","Seeing Red","Rage","Ghostly Armor","Barricade+1","Rupture+1","Fire Breathing","Wild Strike","Shrug It Off"],"relics":["Burning Blood","Pen Nib","Akabeko","Lantern","Odd Mushroom","Sozu","Peace Pipe","Bag of Preparation"],"acts_visited":["Exordium","TheCity"],"potions_floor_usage":[6,10,14,16,24],"damage_taken":[{"damage":7,"enemies":"Jaw Worm","floor":1,"turns":4},{"damage":8,"enemies":"2 Louse","floor":2,"turns":3},{"damage":4,"enemies":"Small Slimes","floor":5,"turns":3},{"damage":27,"enemies":"3 Sentries","floor":6,"turns":13},{"damage":9,"enemies":"Blue Slaver","floor":8,"turns":3},{"damage":28,"enemies":"Gremlin Nob","floor":10,"turns":4},{"damage":3,"enemies":"Large Slime","floor":12,"turns":4},{"damage":16,"enemies":"The Mushroom Lair","floor":13,"turns":3},{"damage":7,"enemies":"2 Fungi Beasts","floor":14,"turns":3},{"damage":37,"enemies":"Slime Boss","floor":16,"turns":9},{"damage":18,"enemies":"2 Thieves","floor":18,"turns":4},{"damage":6,"enemies":"Chosen","floor":20,"turns":5},{"damage":37,"enemies":"Shelled Parasite and Fungi","floor":21,"turns":8},{"damage":15,"enemies":"Gremlin Leader","floor":24,"turns":4},{"damage":18,"enemies":"Snake Plant","floor":25,"turns":4}],"seed_played":"-9130829584040231702","potions_obtained":[{"floor":2,"key":"SmokeBomb"},{"floor":5,"key":"Energy Potion"},{"floor":6,"key":"ElixirPotion"},{"floor":12,"key":"Fruit Juice"},{"floor":14,"key":"PowerPotion"}],"is_trial":false,"path_per_floor":["M","M","?","?","M","E","R","M","T","E","?","M","?","M","R","B",null,"M","?","M","M","$","R","E","M"],"character_chosen":"IRONCLAD","items_purchased":["Shrug It Off","Bag of Preparation"],"campfire_rested":1,"item_purchase_floors":[22,22],"current_hp_per_floor":[67,65,65,42,44,23,45,42,42,20,45,48,38,42,42,11,63,51,51,51,20,20,20,11,0,0],"gold":142,"neow_bonus":"RANDOM_COLORLESS","is_daily":false,"chose_seed":false,"campfire_upgraded":2,"win_rate":0.0,"timestamp":1610461747,"path_taken":["M","M","?","?","M","E","R","M","T","E","?","M","?","M","R","BOSS","M","?","M","M","$","R","E","M"],"items_purchased_type":["Card","Relic"],"build_version":"2020-12-22","purchased_purges":1,"victory":false,"max_hp_per_floor":[75,75,75,75,75,75,75,75,75,75,75,75,75,80,80,80,80,80,80,80,80,80,80,80,80,80],"card_choices":[{"not_picked":["Good Instincts","Deep Breath"],"picked":"Trip","floor":0},{"not_picked":["Warcry","Ghostly Armor"],"picked":"Clothesline","floor":1},{"not_picked":["Warcry","Burning Pact"],"picked":"Feel No Pain","floor":2},{"not_picked":["Shockwave","Warcry"],"picked":"Bloodletting","floor":5},{"not_picked":["Armaments","Intimidate"],"picked":"Impervious","floor":6},{"not_picked":["Dual Wield","Intimidate"],"picked":"Hemokinesis","floor":8},{"not_picked":["Thunderclap","Heavy Blade"],"picked":"Carnage","floor":10},{"not_picked":["Headbutt","Havoc"],"picked":"Seeing Red","floor":12},{"not_picked":["Flame Barrier","Searing Blow"],"picked":"Rage","floor":13},{"not_picked":["Havoc","Intimidate"],"picked":"Ghostly Armor","floor":14},{"not_picked":["Immolate","Berserk"],"picked":"Barricade","floor":16},{"not_picked":["Anger+1","Cleave"],"picked":"Rupture+1","floor":18},{"not_picked":["Wild Strike","Clothesline"],"picked":"Fire Breathing","floor":20},{"not_picked":["Infernal Blade","Sword Boomerang"],"picked":"Wild Strike","floor":21}],"player_experience":1265493,"relics_obtained":[{"floor":6,"key":"Pen Nib"},{"floor":9,"key":"Akabeko"},{"floor":10,"key":"Lantern"},{"floor":13,"key":"Odd Mushroom"}],"event_choices":[{"damage_healed":0,"gold_gain":0,"player_choice":"Grow","damage_taken":0,"max_hp_gain":0,"max_hp_loss":0,"event_name":"Living Wall","floor":3,"gold_loss":0,"cards_upgraded":["Trip"]},{"damage_healed":0,"gold_gain":0,"player_choice":"Entered Light","damage_taken":23,"max_hp_gain":0,"max_hp_loss":0,"event_name":"Shining Light","floor":4,"gold_loss":0,"cards_upgraded":["Strike_R","Defend_R"]},{"damage_healed":25,"gold_gain":0,"player_choice":"Banana","damage_taken":0,"max_hp_gain":0,"max_hp_loss":0,"event_name":"Big Fish","floor":11,"gold_loss":0},{"damage_healed":0,"gold_gain":0,"player_choice":"Fought Mushrooms","damage_taken":0,"max_hp_gain":0,"max_hp_loss":0,"event_name":"Mushrooms","floor":13,"gold_loss":0},{"damage_healed":0,"gold_gain":0,"player_choice":"Opened","damage_taken":0,"relics_obtained":["Peace Pipe"],"max_hp_gain":0,"max_hp_loss":0,"event_name":"The Mausoleum","floor":19,"gold_loss":0,"cards_obtained":["Writhe"]}],"is_beta":false,"boss_relics":[{"not_picked":["Busted Crown","Runic Dome"],"picked":"Sozu"}],"items_purged_floors":[22],"is_endless":false,"potions_floor_spawned":[2,5,6,12,14,24],"killed_by":"Snake Plant","ascension_level":20}}