{"host":"0nnch38g0slmkwok","time":1610480246,"event":{"mods":["BaseMod","Minty Spire (QoL Compilation)","Replay The Spire","StSLib"],"gold_per_floor":[118,131,131,56,6,31,31,65,65,123,123,137,148,91,91,192,192,203,203,103,117,137,166,179,6,6,6,6],"floor_reached":27,"playtime":1465,"items_purged":["Defend_B","Strike_B","Strike_B"],"score":316,"play_id":"d7f34aa8-33c2-4069-9587-963b70fb5f68","local_time":"20210113033726","is_ascension_mode":false,"campfire_choices":[{"data":"Streamline","floor":7.0,"key":"SMITH"},{"data":"Dualcast","floor":11.0,"key":"SMITH"},{"data":"Defragment","floor":15.0,"key":"SMITH"}],"circlet_count":0,"master_deck":["Defend_B","Zap","Dualcast+1","Leap","Streamline+1","White Noise","Chill","Defragment+1","Chaos+1","Panic Button","Conserve Battery","Genetic Algorithm","Meteor Strike+1","Beam Cell+1","Redo+1","Skim","Turbo+1","Consume+1"],"relics":["Cracked Core","NeowsBlessing","Darkstone Periapt","Chameleon Ring","Replay:Accelerometer","Black Star","Prayer Wheel","Centennial Puzzle","ReplayTheSpireMod:Lightbulb","Whetstone"],"acts_visited":["Exordium","TheCity"],"potions_floor_usage":[27],"damage_taken":[{"damage":0.0,"enemies":"Small Slimes","floor":1.0,"turns":1.0},{"damage":0.0,"enemies":"Jaw Worm","floor":2.0,"turns":1.0},{"damage":0.0,"enemies":"Lagavulin","floor":6.0,"turns":2.0},{"damage":40.0,"enemies":"3 Sentries","floor":8.0,"turns":9.0},{"damage":0.0,"enemies":"Cultist","floor":12.0,"turns":2.0},{"damage":7.0,"enemies":"Red Slaver","floor":13.0,"turns":2.0},{"damage":0.0,"enemies":"Slime Boss","floor":16.0,"turns":6.0},{"damage":35.0,"enemies":"2 Thieves","floor":18.0,"turns":4.0},{"damage":0.0,"enemies":"Spheric Guardian","floor":21.0,"turns":4.0},{"damage":7.0,"enemies":"Snake Plant","floor":22.0,"turns":3.0},{"damage":22.0,"enemies":"Slavers","floor":23.0,"turns":7.0},{"damage":5.0,"enemies":"3 Cultists","floor":24.0,"turns":6.0},{"damage":1,"enemies":"Centurion and Healer","floor":27,"turns":3}],"seed_played":"-3819404487465215743","potions_obtained":[{"floor":2.0,"key":"Swift Potion"},{"floor":10.0,"key":"DuplicationPotion"},{"floor":12.0,"key":"Elixir"},{"floor":13.0,"key":"FearPotion"},{"floor":21.0,"key":"LiquidMemories"},{"floor":24.0,"key":"SteroidPotion"}],"is_trial":false,"path_per_floor":["M","M","?","$","?","E","R","E","T","?","R","M","M","$","R","B",null,"M","?","$","M","M","E","M","$","T","M"],"character_chosen":"DEFECT","items_purchased":["Chaos+1","AttackPotion"],"campfire_rested":0,"item_purchase_floors":[14,25],"current_hp_per_floor":[75,75,75,75,75,75,75,35,35,17,17,17,10,10,10,10,75,40,40,40,40,33,11,6,6,6,5,5],"gold":6,"neow_bonus":"THREE_ENEMY_KILL","is_daily":false,"chose_seed":false,"campfire_upgraded":3,"win_rate":0.0,"timestamp":1610480246,"path_taken":["M","M","?","$","?","E","R","E","T","?","R","?","M","?","R","BOSS","M","?","$","M","M","E","M","$","T","M"],"items_purchased_type":["Card","Potion"],"build_version":"2020-12-22","purchased_purges":3,"victory":false,"max_hp_per_floor":[75,75,75,75,75,75,75,75,75,75,75,75,75,75,75,75,75,75,75,75,75,75,75,75,75,75,75,75],"card_choices":[{"not_picked":["Doom and Gloom","Rebound"],"picked":"Leap","floor":1.0},{"not_picked":["Reinforced Body","Conserve Battery","Doom and Gloom"],"picked":"SKIP","floor":2.0},{"not_picked":["Gash","Compile Driver"],"picked":"Streamline","floor":6.0},{"not_picked":["Hologram","Thunder Strike"],"picked":"White Noise","floor":8.0},{"not_picked":["Loop","Fusion"],"picked":"Chill","floor":12.0},{"not_picked":["ReplayGash","Force Field"],"picked":"Defragment","floor":13.0},{"not_picked":["Seek","Creative AI"],"picked":"ReplayTheSpireMod:Fabricate Wheel","floor":16.0},{"not_picked":["Genetic Algorithm","Streamline"],"picked":"Panic Button","floor":18.0},{"not_picked":["Gash+1","Stack"],"picked":"Conserve Battery","floor":18.0},{"not_picked":["BasicCrystalCard","Hologram","Turbo"],"picked":"SKIP","floor":21.0},{"not_picked":["Compile Driver","ReplayTheSpireMod:Reroute Power","Loop"],"picked":"SKIP","floor":21.0},{"not_picked":["ReplayTheSpireMod:Reroute Power+1","Steam"],"picked":"Beam Cell+1","floor":22.0},{"not_picked":["Sunder","Conserve Battery"],"picked":"Redo+1","floor":22.0},{"not_picked":["Steam+1","Mirror Shield"],"picked":"Skim","floor":23.0},{"not_picked":["Stack","Ball Lightning"],"picked":"Turbo+1","floor":24.0},{"not_picked":["Beam Cell","Panic Button"],"picked":"Consume+1","floor":24.0}],"player_experience":74396,"relics_obtained":[{"floor":6.0,"key":"Darkstone Periapt"},{"floor":8.0,"key":"Chameleon Ring"},{"floor":10.0,"key":"Replay:Accelerometer"},{"floor":23.0,"key":"Centennial Puzzle"},{"floor":23.0,"key":"ReplayTheSpireMod:Lightbulb"},{"floor":26.0,"key":"Whetstone"}],"event_choices":[{"cards_removed":["Defend_B"],"damage_healed":0.0,"max_hp_gain":0.0,"max_hp_loss":0.0,"gold_gain":0.0,"event_name":"The Cleric","player_choice":"Card Removal","floor":5.0,"gold_loss":50.0,"damage_taken":0.0},{"damage_healed":0.0,"max_hp_gain":0.0,"max_hp_loss":0.0,"gold_gain":0.0,"cards_transformed":["Strike_B","Defend_B"],"event_name":"Drug Dealer","player_choice":"Became Test Subject","floor":19.0,"gold_loss":0.0,"damage_taken":0.0,"cards_obtained":["Genetic Algorithm","Meteor Strike"]}],"is_beta":false,"boss_relics":[{"not_picked":["Cursed Key","Pandora\u0027s Box"],"picked":"Black Star"}],"items_purged_floors":[4,20,25],"is_endless":false,"potions_floor_spawned":[2,12,13,21,24],"killed_by":"Centurion and Healer","ascension_level":0}}