{"host":"ymn6un3ro3vi042j","time":1610476077,"event":{"mods":["AchievementEnabler","BaseMod","Better Third Choice","BetterRewards","Colored Powertips","DeckTracker","Googly Eyes","Minty Spire (QoL Compilation)","Rare Cards Sparkle","StSLib","everything is the same but u backflip on backflip"],"gold_per_floor":[15,26,45,45,62,62,83,83,154,170,205,229,253,337,349,361,361],"floor_reached":16,"playtime":1156,"items_purged":[],"score":104,"play_id":"301f3e58-0ce0-4745-87a1-1ef2c2db75ab","local_time":"20210112102757","is_ascension_mode":false,"campfire_choices":[{"floor":6,"key":"REST"},{"data":"Heel Hook","floor":8,"key":"SMITH"},{"floor":15,"key":"REST"}],"circlet_count":0,"master_deck":["Strike_G","Strike_G","Strike_G","Strike_G","Strike_G","Defend_G","Defend_G","Defend_G","Defend_G","Defend_G","Survivor","Neutralize","Backflip","PiercingWail","Flying Knee+1","Predator","Heel Hook+1","Outmaneuver","Riddle With Holes","Blade Dance","Dash"],"relics":["Ring of the Snake","Odd Mushroom","Sundial","MawBank"],"acts_visited":["Exordium"],"potions_floor_usage":[16,16,16],"damage_taken":[{"damage":0,"enemies":"Small Slimes","floor":1,"turns":6},{"damage":4,"enemies":"2 Louse","floor":2,"turns":3},{"damage":7,"enemies":"Jaw Worm","floor":3,"turns":6},{"damage":4,"enemies":"Exordium Wildlife","floor":5,"turns":5},{"damage":22,"enemies":"The Mushroom Lair","floor":7,"turns":4},{"damage":15,"enemies":"Exordium Thugs","floor":10,"turns":6},{"damage":18,"enemies":"3 Sentries","floor":11,"turns":9},{"damage":0,"enemies":"Red Slaver","floor":12,"turns":3},{"damage":7,"enemies":"Blue Slaver","floor":13,"turns":4},{"damage":49,"enemies":"The Guardian","floor":16,"turns":10}],"seed_played":"-6474450648916507549","potions_obtained":[{"floor":1,"key":"Swift Potion"},{"floor":2,"key":"CunningPotion"},{"floor":7,"key":"Energy Potion"},{"floor":12,"key":"Ancient Potion"}],"is_trial":false,"path_per_floor":["M","M","M","?","M","R","?","R","T","M","E","M","M","?","R","B"],"character_chosen":"THE_SILENT","items_purchased":[],"campfire_rested":2,"item_purchase_floors":[],"current_hp_per_floor":[84,80,73,73,69,84,62,62,62,47,29,29,22,22,47,0,0],"gold":361,"neow_bonus":"TWENTY_PERCENT_HP_BONUS","is_daily":false,"chose_seed":false,"campfire_upgraded":1,"win_rate":0.0,"timestamp":1610476077,"path_taken":["M","M","M","?","M","R","?","R","T","M","E","M","M","?","R","BOSS"],"items_purchased_type":[],"build_version":"2020-12-22","purchased_purges":0,"victory":false,"max_hp_per_floor":[84,84,84,84,84,84,84,84,84,84,84,84,84,84,84,84,84],"card_choices":[{"not_picked":["Noxious Fumes","Deflect"],"picked":"Backflip","floor":1},{"not_picked":["Slice","Prepared"],"picked":"PiercingWail","floor":2},{"not_picked":["Dodge and Roll","PiercingWail"],"picked":"Flying Knee","floor":3},{"not_picked":["Deadly Poison","Flying Knee"],"picked":"Predator","floor":5},{"not_picked":["Dash","Dagger Spray"],"picked":"Heel Hook","floor":7},{"not_picked":["Blur","Glass Knife"],"picked":"Outmaneuver","floor":10},{"not_picked":["Leg Sweep","Sucker Punch"],"picked":"Riddle With Holes","floor":11},{"not_picked":["Prepared","Outmaneuver"],"picked":"Blade Dance","floor":12},{"not_picked":["Flying Knee","Deflect"],"picked":"Dash","floor":13}],"player_experience":10567,"relics_obtained":[{"floor":7,"key":"Odd Mushroom"},{"floor":9,"key":"Sundial"},{"floor":11,"key":"MawBank"}],"event_choices":[{"damage_healed":0,"gold_gain":0,"player_choice":"Grow","damage_taken":0,"max_hp_gain":0,"max_hp_loss":0,"event_name":"Living Wall","floor":4,"gold_loss":0,"cards_upgraded":["Flying Knee"]},{"damage_healed":0,"gold_gain":0,"player_choice":"Fought Mushrooms","damage_taken":0,"max_hp_gain":0,"max_hp_loss":0,"event_name":"Mushrooms","floor":7,"gold_loss":0},{"damage_healed":0,"gold_gain":72,"player_choice":"Gained Gold","damage_taken":0,"max_hp_gain":0,"max_hp_loss":0,"event_name":"Golden Wing","floor":14,"gold_loss":0}],"is_beta":false,"boss_relics":[],"items_purged_floors":[],"is_endless":false,"potions_floor_spawned":[1,2,7,12],"killed_by":"The Guardian","ascension_level":0}}