{"host":"zksvs3x2ysy9npnz","time":1610472875,"event":{"mods":["Aspiration","BaseMod","Beaked The Cultist","BetterRewards","Clockwork Mod","Colored Map","Conspire","Downfall","Duelist Mod","Ekko","Energized Spire","Fiend Mod","Halation","Highlight Path","Hubris","Hunter ??","Infinite Spire","Jedi Mod","JesterMod","Magitek Elite","Minty Spire (QoL Compilation)","Permanent Neow","Quick Restart","Relic Stats","Replay The Spire","Retaliation","Shade Mod","Shop Mod","StSLib","The Construct","The Poker Player","The Runesmith","The Witch","thorton"],"gold_per_floor":[116,4,20,20,37,37,52,52,107,107,141,141,152,167,167,269,269,285,302,312,312,17,17,46,46,72,85,85,104,130,140,140,254,254,286,494,544,544,594,594,594,594,664,724,790,140,140,163,163,163,163,163,32,65,65],"floor_reached":56,"playtime":2729,"items_purged":["ekkoTheBoyWhoShatteredTime:Strike","ekkoTheBoyWhoShatteredTime:Strike"],"score":1725,"play_id":"5555e27a-30ac-4e71-9df4-049d6eb0a4ec","local_time":"20210112183435","is_ascension_mode":true,"campfire_choices":[{"data":"ekkoTheBoyWhoShatteredTime:Unleashed","floor":6.0,"key":"SMITH"},{"data":"ekkoTheBoyWhoShatteredTime:TimeMaster","floor":8.0,"key":"SMITH"},{"data":"ekkoTheBoyWhoShatteredTime:Powered","floor":12.0,"key":"SMITH"},{"floor":23.0,"key":"REST"},{"floor":28.0,"key":"REST"},{"floor":32.0,"key":"REST"},{"data":"Necronomicurse","floor":40,"key":"SMITH"},{"data":"beaked:SurvivalInstinct","floor":42,"key":"SMITH"},{"data":"beaked:AwakenedForm","floor":47,"key":"SMITH"},{"floor":49,"key":"RECALL"},{"data":"beaked:Insight","floor":52,"key":"SMITH"}],"circlet_count":0,"master_deck":["ekkoTheBoyWhoShatteredTime:Strike","ekkoTheBoyWhoShatteredTime:Strike","ekkoTheBoyWhoShatteredTime:Defend","ekkoTheBoyWhoShatteredTime:Defend","ekkoTheBoyWhoShatteredTime:Defend+1","ekkoTheBoyWhoShatteredTime:Defend","ekkoTheBoyWhoShatteredTime:TimeMaster+1","ekkoTheBoyWhoShatteredTime:Powered+1","jedi:forcepull+1","ekkoTheBoyWhoShatteredTime:NaggingBlow","ekkoTheBoyWhoShatteredTime:NeedlesslyLargeRod+1","ekkoTheBoyWhoShatteredTime:Unleashed+1","ekkoTheBoyWhoShatteredTime:ZhonyasHourglass","ekkoTheBoyWhoShatteredTime:HextechProtobelt","ekkoTheBoyWhoShatteredTime:HauntingGuise","ekkoTheBoyWhoShatteredTime:ProjectPreference","ekkoTheBoyWhoShatteredTime:Timewinder","ekkoTheBoyWhoShatteredTime:PulsefirePooling","beaked:SurvivalInstinct+1","beaked:CrazyRituals","beaked:Insight+1","ekkoTheBoyWhoShatteredTime:AfterimageHit","ekkoTheBoyWhoShatteredTime:HextechProtobelt","Necronomicurse","beaked:AwakenedForm+1","beaked:Daydream","ekkoTheBoyWhoShatteredTime:IceBreak","ekkoTheBoyWhoShatteredTime:CalmingWaves+1"],"relics":["ekkoTheBoyWhoShatteredTime:zDriveResonance","infinitespire:Beetle Shell","infinitespire:EmpoweringShard","Replay:Baseball","aspiration:BeakedSkillbook","Necronomicon","Pantograph","ReplayFunnel","Replay:Mystery Machine","halation:PrussianBluePaint","infinitespire:EvilPickle","energizedSpire:NeverEndingSparkler","Du-Vu Doll","aspiration:Nostalgia","m_SnakeBloodCore","infinitespire:WardingShard","jedi:arcanewood","aspiration:HiddenCompartment"],"acts_visited":["Exordium","TheCity","TheBeyond","TheEnding"],"potions_floor_usage":[33,48,54,54,54],"damage_taken":[{"damage":0.0,"enemies":"2 Louse","floor":1.0,"turns":3.0},{"damage":0.0,"enemies":"Cultist","floor":3.0,"turns":3.0},{"damage":3.0,"enemies":"Jaw Worm","floor":5.0,"turns":3.0},{"damage":9.0,"enemies":"Lots of Slimes","floor":7.0,"turns":6.0},{"damage":14.0,"enemies":"Lagavulin","floor":11.0,"turns":7.0},{"damage":4.0,"enemies":"Blue Slaver","floor":13.0,"turns":3.0},{"damage":1.0,"enemies":"2 Fungi Beasts","floor":14.0,"turns":4.0},{"damage":31.0,"enemies":"The Guardian","floor":16.0,"turns":10.0},{"damage":33.0,"enemies":"3 Byrds","floor":18.0,"turns":6.0},{"damage":23.0,"enemies":"Spheric Guardian","floor":19.0,"turns":4.0},{"damage":9.0,"enemies":"3 Cultists","floor":20.0,"turns":4.0},{"damage":16.0,"enemies":"Book of Stabbing","floor":24.0,"turns":3.0},{"damage":8.0,"enemies":"Chosen and Byrds","floor":27.0,"turns":4.0},{"damage":12.0,"enemies":"Shelled Parasite and Fungi","floor":29.0,"turns":5.0},{"damage":0.0,"enemies":"Gremlin Leader","floor":30.0,"turns":7.0},{"damage":12.0,"enemies":"Centurion and Healer","floor":31.0,"turns":5.0},{"damage":6,"enemies":"Pondfish","floor":33,"turns":6},{"damage":13,"enemies":"3 Darklings","floor":35,"turns":5},{"damage":5,"enemies":"Orb Walker","floor":37,"turns":3},{"damage":13,"enemies":"Mind Bloom Boss Battle","floor":39,"turns":4},{"damage":3,"enemies":"Spire Growth","floor":44,"turns":3},{"damage":4,"enemies":"Writhing Mass","floor":45,"turns":4},{"damage":0,"enemies":"Jaw Worm Horde","floor":48,"turns":4},{"damage":26,"enemies":"infinitespire:MassOfShapes","floor":50,"turns":10},{"damage":47,"enemies":"Shield and Spear","floor":54,"turns":5},{"damage":63,"enemies":"The Heart","floor":55,"turns":9}],"seed_played":"-2919716452746853067","potions_obtained":[{"floor":1.0,"key":"DuplicationPotion"},{"floor":3.0,"key":"GamblersBrew"},{"floor":11.0,"key":"ekkoTheBoyWhoShatteredTime:BottledSheen"},{"floor":20.0,"key":"FairyPotion"},{"floor":29.0,"key":"SpeedPotion"},{"floor":30.0,"key":"Energy Potion"},{"floor":31.0,"key":"conspire:TimeTravelPotion"},{"floor":35,"key":"ekkoTheBoyWhoShatteredTime:ResonatingPotion"},{"floor":39,"key":"Adrenaline Potion"}],"is_trial":false,"path_per_floor":["M","$","M","?","M","R","M","R","T","?","E","R","M","M","R_BF","B",null,"M","M","M","?","$","R","E","?","T","M","R","M","E","M","R","B",null,"M","?","M","?","?","R","?","R","T","M","M","$","R","M","R","B",null,"R","$","E","B",null],"character_chosen":"EKKO_THE_BOY_WHO_SHATTERED_TIME","items_purchased":["ekkoTheBoyWhoShatteredTime:NeedlesslyLargeRod+1","ekkoTheBoyWhoShatteredTime:Timewinder","Pantograph","aspiration:Nostalgia","infinitespire:WardingShard","jedi:arcanewood","beaked:Daydream","ekkoTheBoyWhoShatteredTime:IceBreak","SkillPotion"],"campfire_rested":3,"item_purchase_floors":[2,22,22,46,46,46,53,53,53],"current_hp_per_floor":[78,78,78,78,75,75,66,66,66,66,52,52,48,47,70,39,78,45,22,13,23,23,46,30,30,30,22,45,33,33,21,44,68,78,65,65,60,68,65,65,65,65,65,62,58,58,58,61,61,55,78,78,78,78,18],"gold":65,"neow_bonus":"RANDOM_COLORLESS","is_daily":false,"chose_seed":false,"campfire_upgraded":7,"win_rate":0.0,"timestamp":1610472875,"path_taken":["M","$","M","?","M","R","?","R","T","?","E","R","M","M","R_BF","BOSS","M","?","M","?","$","R","E","?","T","M","R","M","E","M","R","BOSS","M","?","M","?","?","R","?","R","T","M","?","$","R","M","R","BOSS","R","$","E","BOSS"],"items_purchased_type":["Card","Card","Relic","Relic","Relic","Relic","Card","Card","Potion"],"build_version":"2020-12-22","purchased_purges":2,"victory":true,"max_hp_per_floor":[78,78,78,78,78,78,78,78,78,78,78,78,78,78,78,78,78,78,78,78,78,78,78,78,78,78,78,78,78,78,78,78,78,78,78,78,78,78,78,78,78,78,78,78,78,78,78,78,78,78,78,78,78,78,78],"relic_stats":{"counters":[26,130],"Pantograph":52,"Necronomicon":[13],"obtain_stats":[{"ReplayFunnel":24,"aspiration:Nostalgia":46,"infinitespire:Beetle Shell":9,"Replay:Mystery Machine":26,"aspiration:HiddenCompartment":54,"infinitespire:EvilPickle":33,"Du-Vu Doll":39,"Replay:Baseball":11,"m_SnakeBloodCore":46,"infinitespire:WardingShard":46,"halation:PrussianBluePaint":30,"energizedSpire:NeverEndingSparkler":34,"Pantograph":22,"infinitespire:EmpoweringShard":10,"Necronomicon":21,"ekkoTheBoyWhoShatteredTime:zDriveResonance":0,"aspiration:BeakedSkillbook":17,"jedi:arcanewood":46},{"ReplayFunnel":12,"aspiration:Nostalgia":22,"infinitespire:Beetle Shell":4,"Replay:Mystery Machine":12,"aspiration:HiddenCompartment":25,"infinitespire:EvilPickle":17,"Du-Vu Doll":20,"Replay:Baseball":5,"m_SnakeBloodCore":22,"infinitespire:WardingShard":22,"halation:PrussianBluePaint":15,"energizedSpire:NeverEndingSparkler":17,"Pantograph":11,"infinitespire:EmpoweringShard":4,"Necronomicon":11,"ekkoTheBoyWhoShatteredTime:zDriveResonance":0,"aspiration:BeakedSkillbook":8,"jedi:arcanewood":22},{"ReplayFunnel":56,"aspiration:Nostalgia":102,"infinitespire:Beetle Shell":15,"Replay:Mystery Machine":56,"aspiration:HiddenCompartment":121,"infinitespire:EvilPickle":83,"Du-Vu Doll":95,"Replay:Baseball":22,"m_SnakeBloodCore":102,"infinitespire:WardingShard":102,"halation:PrussianBluePaint":72,"energizedSpire:NeverEndingSparkler":83,"Pantograph":53,"infinitespire:EmpoweringShard":15,"Necronomicon":53,"ekkoTheBoyWhoShatteredTime:zDriveResonance":0,"aspiration:BeakedSkillbook":39,"jedi:arcanewood":102}]},"card_choices":[{"not_picked":["expansioncontent:DefensiveStance","expansioncontent:Flail"],"picked":"jedi:forcepull","floor":0.0},{"not_picked":["ekkoTheBoyWhoShatteredTime:PlayTheBeat","ekkoTheBoyWhoShatteredTime:Dash"],"picked":"ekkoTheBoyWhoShatteredTime:NaggingBlow","floor":1.0},{"not_picked":["ekkoTheBoyWhoShatteredTime:AfterimageBait","ekkoTheBoyWhoShatteredTime:ItemsAfterimage","ekkoTheBoyWhoShatteredTime:AfterimageTease"],"picked":"SKIP","floor":3.0},{"not_picked":["ekkoTheBoyWhoShatteredTime:WaitForKeyTiming","ekkoTheBoyWhoShatteredTime:AfterimageTease"],"picked":"ekkoTheBoyWhoShatteredTime:Unleashed","floor":5.0},{"not_picked":["ekkoTheBoyWhoShatteredTime:Backtrack","ekkoTheBoyWhoShatteredTime:Timewinder"],"picked":"ekkoTheBoyWhoShatteredTime:NaggingBlow","floor":7.0},{"not_picked":["ekkoTheBoyWhoShatteredTime:QuickBreak","ekkoTheBoyWhoShatteredTime:Resocharge","ekkoTheBoyWhoShatteredTime:TimeRecall"],"picked":"SKIP","floor":11.0},{"not_picked":["ekkoTheBoyWhoShatteredTime:HailOfBlades","ekkoTheBoyWhoShatteredTime:WaitForKeyTiming","ekkoTheBoyWhoShatteredTime:BansheesVeil"],"picked":"SKIP","floor":13.0},{"not_picked":["ekkoTheBoyWhoShatteredTime:ParallelConvergence","ekkoTheBoyWhoShatteredTime:NeedlesslyLargeRod","ekkoTheBoyWhoShatteredTime:HauntedAfterimage"],"picked":"SKIP","floor":14.0},{"not_picked":["ekkoTheBoyWhoShatteredTime:DuplicateTimelines","ekkoTheBoyWhoShatteredTime:GrandeFinale"],"picked":"ekkoTheBoyWhoShatteredTime:ZhonyasHourglass","floor":16.0},{"not_picked":["ekkoTheBoyWhoShatteredTime:SpHit","beaked:Resilience","ekkoTheBoyWhoShatteredTime:Resocharge+1"],"picked":"ekkoTheBoyWhoShatteredTime:HextechProtobelt","floor":18.0},{"not_picked":["beaked:Resilience+1","ekkoTheBoyWhoShatteredTime:TimeRecall","ekkoTheBoyWhoShatteredTime:Overflow"],"picked":"ekkoTheBoyWhoShatteredTime:HauntingGuise","floor":19.0},{"not_picked":["beaked:CursingBlood","beaked:RuinSticks","ekkoTheBoyWhoShatteredTime:VelocityConsuming"],"picked":"ekkoTheBoyWhoShatteredTime:ProjectPreference","floor":20.0},{"not_picked":["beaked:Cower+1","beaked:MimicMachine","ekkoTheBoyWhoShatteredTime:TimeRecall+1"],"picked":"ekkoTheBoyWhoShatteredTime:PulsefirePooling","floor":24.0},{"not_picked":["beaked:TuckingFeathers","beaked:Tradeoff+1","ekkoTheBoyWhoShatteredTime:Greed+1"],"picked":"beaked:SurvivalInstinct","floor":27.0},{"not_picked":["ekkoTheBoyWhoShatteredTime:SneakHit","beaked:DigDeep","beaked:Resilience+1","ekkoTheBoyWhoShatteredTime:FluidEnergy+1"],"picked":"SKIP","floor":29.0},{"not_picked":["ekkoTheBoyWhoShatteredTime:TimeRecall","ekkoTheBoyWhoShatteredTime:HauntedAfterimage+1","beaked:Brainwash","beaked:Cower+1"],"picked":"SKIP","floor":30.0},{"not_picked":["ekkoTheBoyWhoShatteredTime:Overflow","beaked:DigDeeper","ekkoTheBoyWhoShatteredTime:FeelIt"],"picked":"beaked:CrazyRituals","floor":31.0},{"not_picked":["beaked:FeelMyPain","ekkoTheBoyWhoShatteredTime:PlayTheBeat","beaked:CursingBlood"],"picked":"beaked:Insight","floor":35},{"not_picked":["ekkoTheBoyWhoShatteredTime:PlayTheBeat","ekkoTheBoyWhoShatteredTime:NeedlesslyLargeRod+1","beaked:BarbedWire+1"],"picked":"ekkoTheBoyWhoShatteredTime:AfterimageHit","floor":36},{"not_picked":["beaked:DigDeep+1","ekkoTheBoyWhoShatteredTime:IceBreak+1","ekkoTheBoyWhoShatteredTime:CommittedStrike+1"],"picked":"ekkoTheBoyWhoShatteredTime:HextechProtobelt","floor":37},{"not_picked":["ekkoTheBoyWhoShatteredTime:TimeRecall","ekkoTheBoyWhoShatteredTime:QuickBreak","ekkoTheBoyWhoShatteredTime:AfterimageTease","ekkoTheBoyWhoShatteredTime:Greed+1"],"picked":"SKIP","floor":44},{"not_picked":["beaked:BraceForImpact+1","beaked:CursingBlood","ekkoTheBoyWhoShatteredTime:LoadUp"],"picked":"beaked:AwakenedForm","floor":45},{"not_picked":["Dagger Throw+1","beaked:DigDeeper+1","beaked:Poke+1","beaked:Devastation+1"],"picked":"SKIP","floor":48},{"not_picked":["ekkoTheBoyWhoShatteredTime:TimeRecall","beaked:StickSmack","beaked:BraceForImpact"],"picked":"ekkoTheBoyWhoShatteredTime:CalmingWaves+1","floor":54}],"player_experience":2480625,"relics_obtained":[{"floor":9.0,"key":"infinitespire:Beetle Shell"},{"floor":11.0,"key":"Replay:Baseball"},{"floor":21.0,"key":"Necronomicon"},{"floor":24.0,"key":"ReplayFunnel"},{"floor":26.0,"key":"Replay:Mystery Machine"},{"floor":30.0,"key":"halation:PrussianBluePaint"},{"floor":39,"key":"Du-Vu Doll"},{"floor":54,"key":"aspiration:HiddenCompartment"}],"event_choices":[{"cards_removed":["ekkoTheBoyWhoShatteredTime:Strike"],"damage_healed":0.0,"max_hp_gain":0.0,"max_hp_loss":0.0,"gold_gain":0.0,"event_name":"Bonfire Elementals","player_choice":"Offered Basic","floor":4.0,"gold_loss":0.0,"damage_taken":0.0},{"cards_removed":["ekkoTheBoyWhoShatteredTime:NaggingBlow"],"damage_healed":0.0,"max_hp_gain":0.0,"max_hp_loss":0.0,"gold_gain":0.0,"event_name":"WeMeetAgain","player_choice":"Gave Card","floor":10.0,"gold_loss":0.0,"damage_taken":0.0,"relics_obtained":["infinitespire:EmpoweringShard"]},{"damage_healed":0.0,"max_hp_gain":0.0,"max_hp_loss":0.0,"gold_gain":0.0,"event_name":"Cursed Tome","player_choice":"Obtained Book","floor":21.0,"gold_loss":0.0,"damage_taken":16.0},{"damage_healed":0,"gold_gain":0,"player_choice":"Fight","damage_taken":0,"max_hp_gain":0,"max_hp_loss":0,"event_name":"MindBloom","floor":39,"gold_loss":0},{"damage_healed":0,"gold_gain":0,"player_choice":"Leave","damage_taken":0,"max_hp_gain":0,"max_hp_loss":0,"event_name":"conspire:Investor","floor":41,"gold_loss":0}],"is_beta":false,"boss_relics":[{"not_picked":["Coffee Dripper","Calling Bell"],"picked":"aspiration:BeakedSkillbook"},{"not_picked":["conspire:SeveredTorchhead","halation:MonkeysPaw"],"picked":"energizedSpire:NeverEndingSparkler"}],"items_purged_floors":[2,46],"is_endless":false,"potions_floor_spawned":[1,3,11,20,29,30,31,35,39],"ascension_level":3}}