{"host":"6cq08l203i8iyh3k","time":1610416738,"event":{"mods":["BaseMod","Better Note","Better Silent Start","BetterRewards","Colored Map","Colored Powertips","Minty Spire (QoL Compilation)","Quick Restart","Replay The Spire","Spicy Shops","StSLib","vexMod"],"gold_per_floor":[113,127,140,86,98,98,123,123,123,123,155,173,25,44,44,145,811,827,846,846,387,387,387,412,412,435,467,467,491,491,388,388,388,388],"floor_reached":33,"playtime":1527,"items_purged":[],"score":393,"play_id":"f799d2d0-18c6-4be5-873f-d5902a63fc24","local_time":"20210111195858","daily_mods":["Heirloom","Elite Swarm"],"is_ascension_mode":false,"campfire_choices":[{"floor":6,"key":"REST"},{"data":"Dagger Spray","floor":8,"key":"SMITH"},{"data":"Neutralize","floor":10,"key":"SMITH"},{"floor":15,"key":"REST"},{"data":"Storm of Steel","floor":23,"key":"SMITH"},{"floor":25,"key":"REST"},{"data":"Burst","floor":28,"key":"SMITH"},{"data":"Defend_G","floor":30,"key":"SMITH"},{"data":"Defend_G","floor":32,"key":"SMITH"}],"circlet_count":0,"master_deck":["Strike_G","Strike_G","Strike_G","Strike_G","Defend_G+1","Defend_G+1","Defend_G","Defend_G","Survivor","Neutralize+1","Finisher+1","Dagger Spray+1","Burst+1","Storm of Steel+1","Deflect","Blade Dance","A Thousand Cuts","Envenom+1","Blade Dance","Cloak And Dagger","Dagger Spray+1","Dagger Spray","Blade Dance","Blade Dance"],"relics":["Ring of the Snake","Pondfish Scales","Question Card","vexMod:Dragonfruit","Replay:Accelerometer","Blood Vial","vexMod:RockOfEvil","Mango","Ninja Scroll","Sling","CeramicFish","MealTicket","Garlic","Orrery"],"acts_visited":["Exordium","TheCity"],"potions_floor_usage":[7,11,12,16,24,24,29],"damage_taken":[{"damage":0,"enemies":"Jaw Worm","floor":1,"turns":4},{"damage":5,"enemies":"Small Slimes","floor":2,"turns":5},{"damage":4,"enemies":"Cultist","floor":3,"turns":5},{"damage":5,"enemies":"3 Louse","floor":5,"turns":4},{"damage":2,"enemies":"Gremlin Nob","floor":7,"turns":4},{"damage":20,"enemies":"Replay:BlueRogue","floor":11,"turns":6},{"damage":5,"enemies":"Exordium Wildlife","floor":12,"turns":3},{"damage":0,"enemies":"2 Fungi Beasts","floor":14,"turns":3},{"damage":34,"enemies":"Hexaghost","floor":16,"turns":10},{"damage":12,"enemies":"Spheric Guardian","floor":18,"turns":4},{"damage":2,"enemies":"Shell Parasite","floor":19,"turns":6},{"damage":31,"enemies":"Slavers","floor":24,"turns":5},{"damage":0,"enemies":"Replay:Snechameleon","floor":27,"turns":1},{"damage":12,"enemies":"Shelled Parasite and Fungi","floor":29,"turns":6},{"damage":89,"enemies":"Automaton","floor":33,"turns":10}],"seed_played":"1392731766189252765","potions_obtained":[{"floor":3,"key":"SpeedPotion"},{"floor":5,"key":"SteroidPotion"},{"floor":11,"key":"FearPotion"},{"floor":12,"key":"Adrenaline Potion"},{"floor":18,"key":"Ancient Potion"},{"floor":19,"key":"Strength Potion"},{"floor":24,"key":"Poison Potion"}],"is_trial":true,"path_per_floor":["M","M","M","$","M","R","E","R","T","R","E","M","$","M","R","B",null,"M","M","?","$","?","R","E","R","T","E","R","M","R","$","R","B"],"character_chosen":"THE_SILENT","items_purchased":["Finisher+1","Blood Vial","Mango","Ninja Scroll","Sling","Orrery"],"campfire_rested":3,"item_purchase_floors":[4,13,21,21,21,31],"current_hp_per_floor":[70,65,61,61,56,70,68,68,73,73,53,48,48,50,72,40,75,63,63,63,77,77,77,48,74,74,76,76,66,66,81,81,0,0],"gold":388,"neow_bonus":"","is_daily":false,"chose_seed":false,"campfire_upgraded":6,"win_rate":0.0,"timestamp":1610416738,"path_taken":["M","M","M","$","M","R","E","R","T","R","E","M","$","M","R","BOSS","M","M","?","$","?","R","E","R","T","E","R","M","R","$","R","BOSS"],"items_purchased_type":["Card","Relic","Relic","Relic","Relic","Relic"],"build_version":"2020-12-22","purchased_purges":0,"victory":false,"max_hp_per_floor":[70,70,70,70,70,70,70,70,75,75,75,75,75,75,75,75,75,75,75,75,89,89,89,89,89,89,89,89,89,89,89,89,89,89],"card_choices":[{"not_picked":["Slice","Draining Mist","Outmaneuver"],"picked":"SKIP","floor":1},{"not_picked":["Quick Slash","Backstab","Replay:Poison Smokescreen"],"picked":"SKIP","floor":2},{"not_picked":["Sneak Up","Slice","Escape Plan"],"picked":"SKIP","floor":3},{"not_picked":["Night Terror","Hidden Blade"],"picked":"Dagger Spray","floor":5},{"not_picked":["Grand Finale","Atom Bomb"],"picked":"Burst","floor":7},{"not_picked":["Glass Knife","ReplayTheSpireMod:From All Sides","Die Die Die"],"picked":"Storm of Steel","floor":11},{"not_picked":["Acrobatics","Outmaneuver","Dodge and Roll"],"picked":"Deflect","floor":12},{"not_picked":["Deadly Poison","Dodge and Roll","Backflip"],"picked":"Blade Dance","floor":14},{"not_picked":["Replay:Bag of Tricks","Envenom","Poison Darts"],"picked":"A Thousand Cuts","floor":16},{"not_picked":["Hidden Blade","Slice","Terror","PiercingWail"],"picked":"SKIP","floor":18},{"not_picked":["Poisoned Stab+1","Bane","ReplayTheSpireMod:Exploit Weakness","Backflip"],"picked":"SKIP","floor":19},{"not_picked":["Venomology","Replay:Bag of Tricks","Bullet Time","Adrenaline"],"picked":"SKIP","floor":24},{"not_picked":["Poison Darts","Venomology","Storm of Steel","Adrenaline"],"picked":"SKIP","floor":27},{"not_picked":["Poisoned Stab","Dagger Spray+1","Footwork"],"picked":"Blade Dance","floor":29},{"not_picked":["Prepared","Blade Dance","Atom Bomb"],"picked":"Cloak And Dagger","floor":31},{"not_picked":["Setup","Endless Agony","ReplayTheSpireMod:The Works"],"picked":"Dagger Spray+1","floor":31},{"not_picked":["PiercingWail","ReplayTheSpireMod:Shiv Toss","Hidden Blade+1"],"picked":"Dagger Spray","floor":31},{"not_picked":["Heel Hook","Poisoned Stab","Bane"],"picked":"Blade Dance","floor":31},{"not_picked":["Finisher","Terror","Well Laid Plans"],"picked":"Blade Dance","floor":31}],"player_experience":313070,"relics_obtained":[{"floor":7,"key":"Question Card"},{"floor":9,"key":"vexMod:Dragonfruit"},{"floor":11,"key":"Replay:Accelerometer"},{"floor":24,"key":"CeramicFish"},{"floor":26,"key":"MealTicket"},{"floor":27,"key":"Garlic"}],"event_choices":[{"cards_removed":["Storm of Steel"],"damage_healed":0,"gold_gain":0,"player_choice":"Take \u0026 Give","damage_taken":0,"max_hp_gain":0,"max_hp_loss":0,"event_name":"betterNote:BetterNote","floor":20,"gold_loss":0,"cards_obtained":["Envenom"]},{"damage_healed":0,"gold_gain":0,"player_choice":"Ignored","damage_taken":0,"max_hp_gain":0,"max_hp_loss":0,"event_name":"Beggar","floor":22,"gold_loss":0}],"is_beta":false,"boss_relics":[{"not_picked":["vexMod:ImprovementManual","Kintsugi"],"picked":"vexMod:RockOfEvil"}],"items_purged_floors":[],"is_endless":true,"potions_floor_spawned":[3,5,11,12,18,19,24],"killed_by":"Automaton","ascension_level":0}}