{"host":"ctlqibkg0sskiu65","time":1610430763,"event":{"mods":["2.2 Compatiblity","AchievementEnabler","Aspiration","BaseMod","BetterRewards","Colored Map","Colored Powertips","Conspire","Downfall","Fiend Mod","Infinite Spire","Minty Spire (QoL Compilation)","Quick Restart","Replay The Spire","Shop Mod","StSLib","The Bladedancer","The Cursed","The Hierophant","The Jungle","The Kombatant","The Poker Player","The Servant 0.9.4","TheBandit"],"gold_per_floor":[119,138,138,138,157,157,189,189,189,189,219,71,88,88,88,189,189,209,225,225,185,202,202,45,64,64,81,97,115,115,135,135,135,135],"floor_reached":33,"playtime":1348,"items_purged":["Strike_G"],"score":574,"play_id":"466da9b7-1e49-4ac8-81c8-42cb1391f6d8","local_time":"20210111235243","is_ascension_mode":true,"campfire_choices":[{"data":"Cloak And Dagger","floor":6.0,"key":"SMITH"},{"data":"Corpse Explosion","floor":10.0,"key":"SMITH"},{"floor":15.0,"key":"REST"},{"data":"Accuracy","floor":23.0,"key":"SMITH"},{"floor":30.0,"key":"REST"},{"floor":32.0,"key":"REST"}],"circlet_count":0,"master_deck":["AscendersBane","Strike_G","Strike_G+1","Strike_G","Strike_G","Defend_G","Defend_G","Defend_G+1","Defend_G","Defend_G","Survivor","Neutralize","Infinite Blades+1","Cloak And Dagger+1","Noxious Fumes+1","Blade Dance+1","Accuracy+1","Corpse Explosion+1","Bane","ReplayTheSpireMod:Speed Training+1","conspire:DoublingDagger+1","Poisoned Stab","Deadly Poison+1","Cloak And Dagger","Hidden Blade"],"relics":["Ring of the Snake","Oddly Smooth Stone","Unceasing Top","Bottled Tornado","TwistedFunnel","aspiration:SecretTechniqueScroll","Gremlin Food","Anchor"],"acts_visited":["Exordium","TheCity"],"potions_floor_usage":[33],"damage_taken":[{"damage":2.0,"enemies":"2 Louse","floor":1.0,"turns":4.0},{"damage":3.0,"enemies":"Jaw Worm","floor":2.0,"turns":4.0},{"damage":1.0,"enemies":"Small Slimes","floor":5.0,"turns":4.0},{"damage":12.0,"enemies":"Gremlin Nob","floor":7.0,"turns":3.0},{"damage":19.0,"enemies":"Lagavulin","floor":11.0,"turns":5.0},{"damage":3.0,"enemies":"Blue Slaver","floor":13.0,"turns":3.0},{"damage":23.0,"enemies":"Fading Forest","floor":16.0,"turns":11.0},{"damage":3.0,"enemies":"Chosen","floor":18.0,"turns":4.0},{"damage":4.0,"enemies":"Spheric Guardian","floor":19.0,"turns":3.0},{"damage":0.0,"enemies":"conspire:HollyBat","floor":22.0,"turns":5.0},{"damage":23.0,"enemies":"Snake Plant","floor":25.0,"turns":5.0},{"damage":0.0,"enemies":"Chosen and Byrds","floor":27.0,"turns":4.0},{"damage":11.0,"enemies":"Shelled Parasite and Fungi","floor":28.0,"turns":5.0},{"damage":3.0,"enemies":"Snecko","floor":29.0,"turns":3.0},{"damage":26.0,"enemies":"Sentry and Sphere","floor":31.0,"turns":4.0},{"damage":45,"enemies":"Automaton","floor":33,"turns":6}],"seed_played":"-5513723894475826297","potions_obtained":[{"floor":2.0,"key":"Poison Potion"},{"floor":7.0,"key":"sneckomod:MuddlingPotion"},{"floor":13.0,"key":"Dexterity Potion"},{"floor":19.0,"key":"BlessingOfTheForge"},{"floor":29.0,"key":"SteroidPotion"}],"is_trial":false,"path_per_floor":["M","M","?","?","M","R","E","?","T","R","E","$","M","?","R","B",null,"M","M","?","?","M","R","$","M","T","M","M","M","R","M","R","B"],"character_chosen":"THE_SILENT","items_purchased":["Infinite Blades+1","Cloak And Dagger","TwistedFunnel","Gremlin Food"],"campfire_rested":3,"item_purchase_floors":[0,0,12,24],"current_hp_per_floor":[61,58,58,58,57,57,45,45,45,45,26,26,23,23,44,37,62,59,55,55,55,55,55,55,32,32,32,21,18,39,13,34,0,0],"gold":135,"neow_bonus":"","is_daily":false,"chose_seed":false,"campfire_upgraded":3,"win_rate":0.0,"timestamp":1610430763,"path_taken":["M","M","?","?","M","R","E","?","T","R","E","?","M","?","R","BOSS","M","?","?","?","?","R","$","M","T","M","?","M","R","M","R","BOSS"],"items_purchased_type":["Card","Card","Relic","Relic"],"build_version":"2020-12-22","purchased_purges":1,"victory":false,"max_hp_per_floor":[70,70,70,70,70,70,70,70,70,70,70,70,70,70,70,70,70,70,70,70,70,70,70,70,70,70,70,70,70,70,70,70,70,70],"card_choices":[{"not_picked":["Reflex","Backflip"],"picked":"Noxious Fumes","floor":1.0},{"not_picked":["Expertise","Flechettes"],"picked":"Blade Dance","floor":2.0},{"not_picked":["Skewer","Choke"],"picked":"Accuracy","floor":5.0},{"not_picked":["Dagger Spray","Quick Slash"],"picked":"Corpse Explosion","floor":7.0},{"not_picked":["Finisher","Predator","Leg Sweep"],"picked":"SKIP","floor":11.0},{"not_picked":["Caltrops","Outmaneuver"],"picked":"Bane","floor":13.0},{"not_picked":["Prepared","Underhanded Strike"],"picked":"ReplayTheSpireMod:Speed Training+1","floor":18.0},{"not_picked":["Prepared","Deflect","Distraction"],"picked":"SKIP","floor":19.0},{"not_picked":["Deflect","Sneak Up","Underhanded Strike"],"picked":"SKIP","floor":22.0},{"not_picked":["Riddle With Holes","Backflip"],"picked":"conspire:DoublingDagger","floor":25.0},{"not_picked":["Endless Agony","Cloak And Dagger"],"picked":"Poisoned Stab","floor":27.0},{"not_picked":["Dagger Spray","Calculated Gamble"],"picked":"Deadly Poison","floor":28.0},{"not_picked":["Acrobatics","Outmaneuver+1"],"picked":"Cloak And Dagger","floor":29.0},{"not_picked":["Endless Agony","Distraction"],"picked":"Hidden Blade","floor":31.0}],"player_experience":197807,"relics_obtained":[{"floor":7.0,"key":"Oddly Smooth Stone"},{"floor":9.0,"key":"Unceasing Top"},{"floor":11.0,"key":"Bottled Tornado"},{"floor":26.0,"key":"Anchor"}],"event_choices":[{"damage_healed":0.0,"max_hp_gain":0.0,"max_hp_loss":0.0,"gold_gain":0.0,"event_name":"Golden Idol","player_choice":"Ignored","floor":4.0,"gold_loss":0.0,"damage_taken":0.0},{"damage_healed":0.0,"max_hp_gain":0.0,"max_hp_loss":0.0,"gold_gain":0.0,"event_name":"Upgrade Shrine","player_choice":"Upgraded","floor":14.0,"gold_loss":0.0,"damage_taken":0.0,"cards_upgraded":["Noxious Fumes"]},{"damage_healed":0.0,"max_hp_gain":0.0,"max_hp_loss":0.0,"gold_gain":0.0,"event_name":"Designer","player_choice":"Upgraded Two","floor":21.0,"gold_loss":40.0,"damage_taken":0.0,"cards_upgraded":["Defend_G","Strike_G"]}],"is_beta":false,"boss_relics":[{"not_picked":["Painkiller Herb","SacredBark"],"picked":"aspiration:SecretTechniqueScroll"}],"items_purged_floors":[0],"is_endless":false,"potions_floor_spawned":[2,7,13,19,25,27,29],"killed_by":"Automaton","ascension_level":12}}