{"host":"gf95gjygaqy6b70i","time":1610440050,"event":{"mods":["BaseMod","Colored Map","Colored Powertips","Minty Spire (QoL Compilation)"],"gold_per_floor":[112,122,122,122,133,164,164,178,223,223,223,252,268,286,286,388,388,407,332,247,261,278,278,296,296,346,365,116,136,136,136,136,239,239,257,307,321,335,132,132,159,159,204,204,224,238,257,257,257,257,257,257,10,10,10],"floor_reached":54,"playtime":2707,"items_purged":["Doubt","Strike_R"],"score":731,"play_id":"8cbf2752-0821-44a3-8bf2-14685211637f","local_time":"20210112092730","is_ascension_mode":false,"campfire_choices":[{"floor":7.0,"key":"RECALL"},{"data":"Demon Form","floor":10.0,"key":"SMITH"},{"floor":15.0,"key":"REST"},{"data":"Barricade","floor":25.0,"key":"SMITH"},{"floor":30.0,"key":"REST"},{"data":"Fire Breathing","floor":32.0,"key":"SMITH"},{"floor":40.0,"key":"REST"},{"floor":42.0,"key":"REST"},{"floor":49.0,"key":"REST"},{"data":"Mind Blast","floor":52.0,"key":"SMITH"}],"circlet_count":0,"master_deck":["Strike_R","Strike_R","Strike_R","Defend_R","Defend_R","Defend_R+1","Defend_R","Bash","Demon Form+1","Pommel Strike","Uppercut+1","Clash","Metallicize","Fire Breathing+1","Headbutt","Battle Trance","Barricade+1","Entrench","Inflame+1","Whirlwind+1","Inflame+1","Thunderclap+1","Intimidate","Metallicize","Entrench","Armaments+1","Metallicize","Immolate","Pommel Strike+1","Dropkick+1","Metallicize","Flame Barrier","Iron Wave","Ghostly Armor","Parasite","Mind Blast+1","Shrug It Off","Ghostly Armor"],"relics":["Burning Blood","FaceOfCleric","Bottled Flame","Bag of Marbles","Orichalcum","Cursed Key","Regal Pillow","Membership Card","Philosopher\u0027s Stone","Torii","Gambling Chip","Lantern","Self Forming Clay","Pantograph"],"acts_visited":["Exordium","TheCity","TheBeyond","TheEnding"],"potions_floor_usage":[],"damage_taken":[{"damage":5.0,"enemies":"Small Slimes","floor":1.0,"turns":3.0},{"damage":14.0,"enemies":"Jaw Worm","floor":2.0,"turns":4.0},{"damage":6.0,"enemies":"Cultist","floor":5.0,"turns":3.0},{"damage":6.0,"enemies":"Gremlin Nob","floor":6.0,"turns":3.0},{"damage":3.0,"enemies":"2 Fungi Beasts","floor":8.0,"turns":4.0},{"damage":26.0,"enemies":"3 Sentries","floor":12.0,"turns":6.0},{"damage":0.0,"enemies":"Large Slime","floor":13.0,"turns":3.0},{"damage":2.0,"enemies":"Exordium Wildlife","floor":14.0,"turns":2.0},{"damage":10.0,"enemies":"Slime Boss","floor":16.0,"turns":7.0},{"damage":15.0,"enemies":"Shell Parasite","floor":18.0,"turns":4.0},{"damage":12.0,"enemies":"2 Thieves","floor":21.0,"turns":4.0},{"damage":9.0,"enemies":"Chosen and Byrds","floor":22.0,"turns":7.0},{"damage":18.0,"enemies":"Centurion and Healer","floor":24.0,"turns":5.0},{"damage":7.0,"enemies":"Cultist and Chosen","floor":27.0,"turns":5.0},{"damage":9.0,"enemies":"Snake Plant","floor":29.0,"turns":4.0},{"damage":42.0,"enemies":"Collector","floor":33.0,"turns":11.0},{"damage":21.0,"enemies":"3 Shapes","floor":35.0,"turns":4.0},{"damage":19.0,"enemies":"2 Orb Walkers","floor":36.0,"turns":3.0},{"damage":19.0,"enemies":"3 Darklings","floor":37.0,"turns":3.0},{"damage":46.0,"enemies":"Writhing Mass","floor":38.0,"turns":6.0},{"damage":49.0,"enemies":"Reptomancer","floor":41.0,"turns":7.0},{"damage":31.0,"enemies":"Transient","floor":45.0,"turns":5.0},{"damage":19.0,"enemies":"Spire Growth","floor":46.0,"turns":4.0},{"damage":2.0,"enemies":"4 Shapes","floor":47.0,"turns":5.0},{"damage":61.0,"enemies":"Donu and Deca","floor":50.0,"turns":8.0},{"damage":106,"enemies":"Shield and Spear","floor":54,"turns":6}],"seed_played":"-4926586133854292369","potions_obtained":[{"floor":1.0,"key":"AttackPotion"},{"floor":5.0,"key":"GamblersBrew"},{"floor":12.0,"key":"ColorlessPotion"},{"floor":16.0,"key":"Weak Potion"},{"floor":21.0,"key":"SkillPotion"},{"floor":24.0,"key":"Weak Potion"},{"floor":33.0,"key":"DuplicationPotion"},{"floor":36.0,"key":"GamblersBrew"},{"floor":46.0,"key":"LiquidBronze"}],"is_trial":false,"path_per_floor":["M","M","?","?","M","E","R","M","T","R","?","E","M","M","R","B",null,"M","?","?","M","M","?","M","R","T","M","$","M","R","?","R","B",null,"M","?","M","M","$","R","E","R","T","?","M","M","M","?","R","B",null,"R","$","E"],"character_chosen":"IRONCLAD","items_purchased":["Membership Card","Metallicize","Entrench","Flame Barrier","DuplicationPotion","BlessingOfTheForge","Weak Potion","Iron Wave","Self Forming Clay","Pantograph"],"campfire_rested":5,"item_purchase_floors":[28,28,28,39,39,39,39,39,53,53],"current_hp_per_floor":[57,49,75,75,76,77,77,81,81,81,64,45,52,57,82,79,87,79,79,79,74,72,72,61,61,61,61,61,59,93,93,93,58,94,80,68,56,17,17,61,19,63,63,63,39,27,32,32,77,23,103,103,103,0,0],"gold":10,"neow_bonus":"THREE_RARE_CARDS","is_daily":false,"chose_seed":false,"campfire_upgraded":4,"win_rate":0.0,"timestamp":1610440050,"path_taken":["M","M","?","?","?","E","R","M","T","R","?","E","M","M","R","BOSS","M","?","?","M","M","?","M","R","T","M","$","?","R","?","R","BOSS","M","?","M","M","$","R","E","R","T","?","M","M","M","?","R","BOSS","R","$","E"],"items_purchased_type":["Relic","Card","Card","Card","Potion","Potion","Potion","Card","Relic","Relic"],"build_version":"2020-12-22","purchased_purges":2,"victory":false,"max_hp_per_floor":[80,80,80,80,81,82,82,83,83,83,83,84,85,86,86,87,87,88,88,88,89,90,90,91,91,91,92,92,93,93,93,93,94,94,95,96,97,98,98,98,99,99,99,99,100,101,102,102,102,103,103,103,103,103,103],"card_choices":[{"not_picked":["Bludgeon","Brutality"],"picked":"Demon Form","floor":0.0},{"not_picked":["Ghostly Armor","Bloodletting"],"picked":"Pommel Strike","floor":1.0},{"not_picked":["Anger","Warcry"],"picked":"Twin Strike","floor":2.0},{"not_picked":["Flex","Sword Boomerang"],"picked":"Uppercut","floor":5.0},{"not_picked":["Perfected Strike","Fiend Fire"],"picked":"Clash","floor":6.0},{"not_picked":["Rampage","Havoc"],"picked":"Metallicize","floor":8.0},{"not_picked":["Blood for Blood","Iron Wave"],"picked":"Fire Breathing","floor":12.0},{"not_picked":["Flex","Sentinel"],"picked":"Headbutt","floor":13.0},{"not_picked":["Searing Blow","Headbutt"],"picked":"Battle Trance","floor":14.0},{"not_picked":["Limit Break","Double Tap"],"picked":"Barricade","floor":16.0},{"not_picked":["Twin Strike+1","Pommel Strike"],"picked":"Entrench","floor":18.0},{"not_picked":["Reckless Charge","Perfected Strike"],"picked":"Inflame+1","floor":21.0},{"not_picked":["Twin Strike","Havoc+1"],"picked":"Whirlwind+1","floor":22.0},{"not_picked":["Whirlwind","Havoc"],"picked":"Thunderclap+1","floor":24.0},{"not_picked":["Flex+1","Perfected Strike"],"picked":"Intimidate","floor":27.0},{"not_picked":["Sever Soul","Perfected Strike"],"picked":"Armaments+1","floor":29.0},{"not_picked":["Fiend Fire","Barricade"],"picked":"Immolate","floor":33.0},{"not_picked":["Clash","Intimidate"],"picked":"Pommel Strike+1","floor":35.0},{"not_picked":["Whirlwind+1","Searing Blow+1"],"picked":"Dropkick+1","floor":36.0},{"not_picked":["Burning Pact","Reckless Charge"],"picked":"Metallicize","floor":37.0},{"not_picked":["Havoc+1","Headbutt+1","True Grit"],"picked":"SKIP","floor":38.0},{"not_picked":["Cleave","Body Slam"],"picked":"Ghostly Armor","floor":41.0},{"not_picked":["Enlightenment","Madness"],"picked":"Mind Blast","floor":44.0},{"not_picked":["Headbutt+1","Flex+1","Rupture"],"picked":"SKIP","floor":45.0},{"not_picked":["Feel No Pain","Warcry+1"],"picked":"Shrug It Off","floor":46.0},{"not_picked":["Carnage","Immolate"],"picked":"Ghostly Armor","floor":47.0}],"player_experience":41303,"relics_obtained":[{"floor":6.0,"key":"Bottled Flame"},{"floor":9.0,"key":"Bag of Marbles"},{"floor":12.0,"key":"Orichalcum"},{"floor":36.0,"key":"Torii"},{"floor":41.0,"key":"Gambling Chip"},{"floor":43.0,"key":"Lantern"}],"event_choices":[{"damage_healed":26.0,"max_hp_gain":0.0,"max_hp_loss":0.0,"gold_gain":0.0,"event_name":"Big Fish","player_choice":"Banana","floor":3.0,"gold_loss":0.0,"damage_taken":0.0},{"damage_healed":0.0,"max_hp_gain":0.0,"max_hp_loss":0.0,"gold_gain":0.0,"event_name":"FaceTrader","player_choice":"Trade","floor":4.0,"gold_loss":0.0,"damage_taken":0.0,"relics_obtained":["FaceOfCleric"]},{"damage_healed":0.0,"max_hp_gain":0.0,"max_hp_loss":0.0,"gold_gain":0.0,"event_name":"Shining Light","player_choice":"Entered Light","floor":11.0,"gold_loss":0.0,"damage_taken":17.0,"cards_upgraded":["Uppercut","Defend_R"]},{"cards_removed":["Strike_R"],"damage_healed":0.0,"max_hp_gain":0.0,"max_hp_loss":0.0,"gold_gain":0.0,"event_name":"Beggar","player_choice":"Gave Gold","floor":19.0,"gold_loss":75.0,"damage_taken":0.0},{"damage_healed":0.0,"max_hp_gain":0.0,"max_hp_loss":0.0,"gold_gain":0.0,"event_name":"Addict","player_choice":"Obtained Relic","floor":20.0,"gold_loss":85.0,"damage_taken":0.0,"relics_obtained":["Regal Pillow"]},{"damage_healed":0.0,"max_hp_gain":0.0,"max_hp_loss":0.0,"gold_gain":0.0,"event_name":"Duplicator","player_choice":"Copied","floor":23.0,"gold_loss":0.0,"damage_taken":0.0,"cards_obtained":["Inflame"]},{"damage_healed":0.0,"max_hp_gain":0.0,"max_hp_loss":0.0,"gold_gain":0.0,"event_name":"The Library","player_choice":"Read","floor":31.0,"gold_loss":0.0,"damage_taken":0.0,"cards_obtained":["Metallicize"]},{"damage_healed":0.0,"max_hp_gain":0.0,"max_hp_loss":0.0,"gold_gain":0.0,"event_name":"Mysterious Sphere","player_choice":"Fight","floor":36.0,"gold_loss":0.0,"damage_taken":0.0},{"damage_healed":0.0,"max_hp_gain":0.0,"max_hp_loss":0.0,"gold_gain":0.0,"event_name":"SensoryStone","player_choice":"Memory 1","floor":44.0,"gold_loss":0.0,"damage_taken":0.0},{"cards_removed":["Twin Strike"],"damage_healed":0.0,"max_hp_gain":0.0,"max_hp_loss":0.0,"gold_gain":0.0,"event_name":"Falling","player_choice":"Removed Attack","floor":48.0,"gold_loss":0.0,"damage_taken":0.0}],"is_beta":false,"boss_relics":[{"not_picked":["SacredBark","Tiny House"],"picked":"Cursed Key"},{"not_picked":["SlaversCollar","Velvet Choker"],"picked":"Philosopher\u0027s Stone"}],"items_purged_floors":[28,39],"is_endless":false,"potions_floor_spawned":[1,5,12,16,21,24,33,36,46,47],"killed_by":"Shield and Spear","ascension_level":0}}