{"host":"ormi09wwzv7sq47a","time":1610423948,"event":{"mods":["2.2 Compatiblity","AchievementEnabler","Act Like it!","BaseMod","Bestiary","Better Altar","Better Note","Better Sensory Stone","Better Silent Start","Better Skull","Better Third Choice","Better Vampires","BetterRewards","Block Reminder","Card Forge","Colored Map","Colored Powertips","Curses Come First","DeckTracker","Downfall","Highlight Path","Minty Spire (QoL Compilation)","Permanent Neow","Quick Restart","Rare Cards Sparkle","Relic Stats","Shop Mod","StSLib","The Jungle"],"gold_per_floor":[111,111,181,200,217,217,217,217],"floor_reached":7,"playtime":331,"items_purged":["Strike_B"],"score":84,"play_id":"1431fcbc-f9b2-4f99-8b1d-f524063797df","local_time":"20210112015908","is_ascension_mode":true,"campfire_choices":[{"data":"Defend_B","floor":6,"key":"PURGE"}],"circlet_count":0,"master_deck":["AscendersBane","Strike_B","Strike_B","Strike_B","Defend_B","Defend_B","Defend_B","Zap","Dualcast","Storm+1","Conserve Battery","Hologram","Rebound"],"relics":["Cracked Core","Hammer of Thor","Seething Fire","Anvil of the Gods","Peace Pipe","Frozen Egg 2","Turnip","SsserpentHead"],"acts_visited":["Exordium"],"potions_floor_usage":[3,5],"damage_taken":[{"damage":1.0,"enemies":"Cultist","floor":1.0,"turns":3.0},{"damage":1,"enemies":"Jaw Worm","floor":3,"turns":5},{"damage":2,"enemies":"2 Louse","floor":4,"turns":3},{"damage":7,"enemies":"Looter","floor":5,"turns":3},{"damage":25,"enemies":"Lagavulin","floor":7,"turns":7}],"seed_played":"6947577655973335682","potions_obtained":[{"floor":1.0,"key":"Dexterity Potion"},{"floor":4,"key":"PowerPotion"}],"is_trial":false,"path_per_floor":["M","?","M","M","M","R","E"],"character_chosen":"DEFECT","items_purchased":["Frozen Egg 2","Storm+1"],"campfire_rested":0,"item_purchase_floors":[0,0],"current_hp_per_floor":[42,42,41,39,32,32,7,7],"gold":217,"neow_bonus":"","is_daily":false,"chose_seed":false,"campfire_upgraded":0,"win_rate":0.0,"timestamp":1610423948,"path_taken":["M","?","?","M","M","R","E"],"items_purchased_type":["Relic","Card"],"build_version":"2020-12-22","purchased_purges":1,"victory":false,"max_hp_per_floor":[71,71,71,71,71,71,71,71],"relic_stats":{"Peace Pipe":1,"SsserpentHead":50,"counters":[30,166],"Turnip":[11],"obtain_stats":[{"Lantern":13,"Hammer of Thor":0,"Incense Burner":0,"Runic Capacitor":0,"Smiling Mask":25,"ClockworkSouvenir":48,"Blood Vial":17,"SsserpentHead":2,"Sundial":42,"Mummified Hand":48,"Gambling Chip":0,"Strawberry":9,"Pantograph":17,"MealTicket":2,"Philosopher\u0027s Stone":34,"Cracked Core":0,"Girya":40,"Oddly Smooth Stone":36,"Eternal Feather":26,"Seething Fire":0,"Frozen Egg 2":0,"Medical Kit":38,"Cables":54,"Calling Bell":17,"Peace Pipe":0,"Anchor":27,"Anvil of the Gods":0,"Turnip":17,"Nloth\u0027s Gift":21,"Membership Card":0,"Symbiotic Virus":36,"Toy Ornithopter":31},{"Lantern":6,"Hammer of Thor":0,"Incense Burner":0,"Runic Capacitor":0,"Smiling Mask":13,"ClockworkSouvenir":22,"Blood Vial":8,"SsserpentHead":26,"Sundial":21,"Mummified Hand":22,"Gambling Chip":0,"Strawberry":5,"Pantograph":8,"MealTicket":1,"Philosopher\u0027s Stone":17,"Cracked Core":0,"Girya":20,"Oddly Smooth Stone":18,"Eternal Feather":13,"Seething Fire":0,"Frozen Egg 2":25,"Medical Kit":18,"Cables":24,"Calling Bell":8,"Peace Pipe":25,"Anchor":14,"Anvil of the Gods":0,"Turnip":8,"Nloth\u0027s Gift":11,"Membership Card":0,"Symbiotic Virus":18,"Toy Ornithopter":16},{"Lantern":18,"Hammer of Thor":0,"Incense Burner":0,"Runic Capacitor":0,"Smiling Mask":51,"ClockworkSouvenir":113,"Blood Vial":26,"SsserpentHead":148,"Sundial":106,"Mummified Hand":113,"Gambling Chip":0,"Strawberry":12,"Pantograph":26,"MealTicket":3,"Philosopher\u0027s Stone":78,"Cracked Core":0,"Girya":97,"Oddly Smooth Stone":82,"Eternal Feather":51,"Seething Fire":0,"Frozen Egg 2":145,"Medical Kit":82,"Cables":135,"Calling Bell":26,"Peace Pipe":145,"Anchor":57,"Anvil of the Gods":0,"Turnip":26,"Nloth\u0027s Gift":38,"Membership Card":0,"Symbiotic Virus":82,"Toy Ornithopter":68}]},"card_choices":[{"not_picked":["Redo","Fusion"],"picked":"Conserve Battery","floor":1.0},{"not_picked":["Barrage","Leap","Force Field"],"picked":"SKIP","floor":3},{"not_picked":["Redo","Go for the Eyes"],"picked":"Hologram","floor":4},{"not_picked":["Leap","Rip and Tear"],"picked":"Rebound","floor":5}],"player_experience":951349,"relics_obtained":[],"event_choices":[{"damage_healed":0.0,"max_hp_gain":0.0,"max_hp_loss":0.0,"gold_gain":0.0,"event_name":"FaceTrader","player_choice":"Trade","floor":2.0,"gold_loss":0.0,"damage_taken":0.0,"relics_obtained":["SsserpentHead"]}],"is_beta":false,"boss_relics":[],"items_purged_floors":[0],"is_endless":false,"potions_floor_spawned":[1,4],"killed_by":"Lagavulin","ascension_level":19}}