{"host":"wgmbtq7u7cgqo6r7","time":1610424171,"event":{"mods":["BaseMod","Colored Powertips","Minty Spire (QoL Compilation)","Rare Cards Sparkle","StSLib","everything is the same but u backflip on backflip"],"gold_per_floor":[165,183,183,203,221,249,249,279,306,66,80,80,97,117,117,215,215,233,29,29,47,66,66,66,66,146,146,146],"floor_reached":27,"playtime":1477,"items_purged":["Strike_G","Strike_G"],"score":236,"play_id":"3ab6df91-5abe-47e8-b4aa-15c0f3057cb0","local_time":"20210111230251","is_ascension_mode":true,"campfire_choices":[{"floor":7,"key":"REST"},{"floor":12,"key":"REST"},{"floor":15,"key":"RECALL"},{"floor":23,"key":"REST"},{"floor":25,"key":"REST"}],"circlet_count":0,"master_deck":["Strike_G","Defend_G","Defend_G","Defend_G","Defend_G","Defend_G","Survivor","Neutralize+1","Terror","Dagger Spray","Accuracy","Dash","Phantasmal Killer","Poisoned Stab","Cloak And Dagger","Infinite Blades","Finisher","Bouncing Flask","Night Terror","Backflip","Infinite Blades","Blade Dance","Deadly Poison","Catalyst"],"relics":["Tiny House","Du-Vu Doll","Vajra","Anchor","Membership Card","Empty Cage","Lee\u0027s Waffle","Molten Egg 2"],"acts_visited":["Exordium","TheCity"],"potions_floor_usage":[6,6,16,27],"damage_taken":[{"damage":0,"enemies":"Cultist","floor":1,"turns":3},{"damage":2,"enemies":"Jaw Worm","floor":2,"turns":4},{"damage":0,"enemies":"2 Louse","floor":4,"turns":2},{"damage":2,"enemies":"Looter","floor":5,"turns":4},{"damage":14,"enemies":"3 Sentries","floor":6,"turns":9},{"damage":21,"enemies":"Gremlin Nob","floor":8,"turns":5},{"damage":0,"enemies":"Red Slaver","floor":11,"turns":3},{"damage":6,"enemies":"Exordium Thugs","floor":13,"turns":6},{"damage":2,"enemies":"2 Fungi Beasts","floor":14,"turns":2},{"damage":34,"enemies":"The Guardian","floor":16,"turns":9},{"damage":16,"enemies":"3 Byrds","floor":18,"turns":8},{"damage":12,"enemies":"2 Thieves","floor":21,"turns":4},{"damage":38,"enemies":"Chosen and Byrds","floor":22,"turns":8},{"damage":80,"enemies":"Book of Stabbing","floor":27,"turns":6}],"seed_played":"-7882688434819726269","potions_obtained":[{"floor":0,"key":"Ancient Potion"},{"floor":1,"key":"SkillPotion"},{"floor":4,"key":"SteroidPotion"},{"floor":5,"key":"Dexterity Potion"},{"floor":14,"key":"PowerPotion"},{"floor":18,"key":"BlessingOfTheForge"},{"floor":21,"key":"AttackPotion"}],"is_trial":false,"path_per_floor":["M","M","T","M","M","E","R","E","T","$","M","R","M","M","R","B",null,"M","$","?","M","M","R","?","R","T","E"],"character_chosen":"THE_SILENT","items_purchased":["Membership Card","Cloak And Dagger","Infinite Blades","Lee\u0027s Waffle","Infinite Blades","Blade Dance","Deadly Poison"],"campfire_rested":4,"item_purchase_floors":[10,10,10,19,19,19,19],"current_hp_per_floor":[75,73,73,73,71,57,75,54,54,54,54,75,69,67,67,33,75,59,82,82,70,32,56,56,80,80,0,0],"gold":146,"neow_bonus":"BOSS_RELIC","is_daily":false,"chose_seed":false,"campfire_upgraded":0,"win_rate":0.0,"timestamp":1610424171,"path_taken":["M","?","?","M","M","E","R","E","T","?","M","R","M","M","R","BOSS","M","$","?","M","M","R","?","R","T","E"],"items_purchased_type":["Relic","Card","Card","Relic","Card","Card","Card"],"build_version":"2020-12-22","purchased_purges":2,"victory":false,"max_hp_per_floor":[75,75,75,75,75,75,75,75,75,75,75,75,75,75,75,75,75,75,82,82,82,82,82,82,82,82,82,82],"card_choices":[{"not_picked":["Outmaneuver","Prepared"],"picked":"Terror","floor":0},{"not_picked":["Outmaneuver","Slice"],"picked":"Dagger Spray","floor":1},{"not_picked":["Dodge and Roll","Terror"],"picked":"Accuracy","floor":2},{"not_picked":["Dagger Spray","Escape Plan","Bane"],"picked":"SKIP","floor":4},{"not_picked":["Finisher","Noxious Fumes"],"picked":"Dash","floor":5},{"not_picked":["Flying Knee","Acrobatics"],"picked":"Phantasmal Killer","floor":6},{"not_picked":["Finisher","Sucker Punch"],"picked":"Poisoned Stab","floor":8},{"not_picked":["Deflect","Acrobatics","Dagger Spray"],"picked":"SKIP","floor":11},{"not_picked":["Well Laid Plans","Slice"],"picked":"Finisher","floor":13},{"not_picked":["Dash","Quick Slash"],"picked":"Bouncing Flask","floor":14},{"not_picked":["Adrenaline","Doppelganger"],"picked":"Night Terror","floor":16},{"not_picked":["Deadly Poison","Dagger Throw"],"picked":"Backflip","floor":18},{"not_picked":["Dodge and Roll","Dagger Spray","Deadly Poison"],"picked":"SKIP","floor":21},{"not_picked":["Deflect","Quick Slash+1","Bouncing Flask"],"picked":"SKIP","floor":22}],"player_experience":114102,"relics_obtained":[{"floor":3,"key":"Du-Vu Doll"},{"floor":6,"key":"Vajra"},{"floor":8,"key":"Anchor"},{"floor":26,"key":"Molten Egg 2"}],"event_choices":[{"damage_healed":0,"gold_gain":0,"player_choice":"Read","damage_taken":0,"max_hp_gain":0,"max_hp_loss":0,"event_name":"The Library","floor":20,"gold_loss":0,"cards_obtained":["Catalyst"]}],"is_beta":false,"boss_relics":[{"not_picked":["Ectoplasm","Astrolabe"],"picked":"Empty Cage"}],"items_purged_floors":[10,19],"is_endless":false,"potions_floor_spawned":[1,4,5,14,18,21,22],"killed_by":"Book of Stabbing","ascension_level":1}}