{"host":"axuns55dzq466eei","time":1610458793,"event":{"mods":["BaseMod","Colored Map","Keyboard Shortcuts","Minty Spire (QoL Compilation)","StSLib","SuperFastMode"],"gold_per_floor":[117,117,142,158,173,173,183,197,223,223,252,264,276,322,334,420,432,464,236,161,32,52,52,64,64,64],"floor_reached":25,"playtime":447,"items_purged":["Strike_B","Strike_B"],"score":422,"play_id":"170a2bf2-b757-4c0d-8302-320b77ab8d04","local_time":"20210112223953","is_ascension_mode":true,"campfire_choices":[{"data":"Ball Lightning","floor":6.0,"key":"SMITH"},{"data":"Coolheaded","floor":10.0,"key":"SMITH"},{"data":"White Noise","floor":15.0,"key":"SMITH"},{"data":"Turbo","floor":23.0,"key":"SMITH"}],"circlet_count":0,"master_deck":["AscendersBane","Strike_B+1","Defend_B","Defend_B","Defend_B","Defend_B","Zap+1","Dualcast","Sweeping Beam","Coolheaded+1","Ball Lightning+1","Compile Driver","White Noise+1","Echo Form","Electrodynamics","Thunder Strike+1","Coolheaded","Turbo+1","FTL+1"],"relics":["Cracked Core","NeowsBlessing","Orichalcum","Omamori","MawBank","Molten Egg 2","Sundial","Runic Pyramid","Medical Kit"],"acts_visited":["Exordium","TheCity"],"potions_floor_usage":[25,25],"damage_taken":[{"damage":0.0,"enemies":"Jaw Worm","floor":1.0,"turns":1.0},{"damage":0.0,"enemies":"Small Slimes","floor":4.0,"turns":1.0},{"damage":0.0,"enemies":"2 Louse","floor":5.0,"turns":1.0},{"damage":0.0,"enemies":"Lots of Slimes","floor":7.0,"turns":2.0},{"damage":0.0,"enemies":"Exordium Wildlife","floor":8.0,"turns":2.0},{"damage":2.0,"enemies":"Gremlin Nob","floor":11.0,"turns":3.0},{"damage":17.0,"enemies":"3 Sentries","floor":14.0,"turns":6.0},{"damage":13.0,"enemies":"Hexaghost","floor":16.0,"turns":9.0},{"damage":29.0,"enemies":"2 Thieves","floor":18.0,"turns":4.0},{"damage":1.0,"enemies":"Chosen","floor":22.0,"turns":4.0},{"damage":24,"enemies":"Snake Plant","floor":24,"turns":3},{"damage":5,"enemies":"Slavers","floor":25,"turns":1}],"seed_played":"-2638841966453464143","potions_obtained":[{"floor":1.0,"key":"Strength Potion"},{"floor":5.0,"key":"LiquidMemories"},{"floor":24,"key":"FearPotion"}],"is_trial":false,"path_per_floor":["M","?","T","M","M","R","M","M","T","R","E","?","T","E","R","B",null,"M","$","?","$","M","R","M","E"],"character_chosen":"DEFECT","items_purchased":["Medical Kit","Coolheaded"],"campfire_rested":0,"item_purchase_floors":[19,21],"current_hp_per_floor":[64,43,43,43,43,43,43,43,43,43,41,41,41,24,24,11,56,27,27,27,27,26,26,2,0,0],"gold":64,"neow_bonus":"THREE_ENEMY_KILL","is_daily":false,"chose_seed":false,"campfire_upgraded":4,"win_rate":0.0,"timestamp":1610458793,"path_taken":["M","?","?","M","M","R","M","M","T","R","E","?","?","E","R","BOSS","M","?","?","$","M","R","M","E"],"items_purchased_type":["Relic","Card"],"build_version":"2020-12-22","purchased_purges":2,"victory":false,"max_hp_per_floor":[71,71,71,71,71,71,71,71,71,71,71,71,71,71,71,71,71,71,71,71,71,71,71,71,71,71],"card_choices":[{"not_picked":["Auto Shields","Force Field"],"picked":"Sweeping Beam","floor":1.0},{"not_picked":["Hello World","Rebound"],"picked":"Coolheaded","floor":4.0},{"not_picked":["Beam Cell","Turbo"],"picked":"Ball Lightning","floor":5.0},{"not_picked":["Hologram","Ball Lightning"],"picked":"Compile Driver","floor":7.0},{"not_picked":["Go for the Eyes","Leap"],"picked":"White Noise","floor":8.0},{"not_picked":["Aggregate","Sunder"],"picked":"Echo Form","floor":11.0},{"not_picked":["Go for the Eyes+1","Ball Lightning+1"],"picked":"Electrodynamics","floor":14.0},{"not_picked":["Seek","Fission"],"picked":"Thunder Strike+1","floor":16.0},{"not_picked":["Sweeping Beam+1","Streamline+1","Consume"],"picked":"SKIP","floor":18.0},{"not_picked":["Compile Driver+1","Blizzard+1"],"picked":"Turbo","floor":22.0},{"not_picked":["Lockon+1","Sweeping Beam+1"],"picked":"FTL+1","floor":24}],"player_experience":1070297,"relics_obtained":[{"floor":3.0,"key":"Orichalcum"},{"floor":9.0,"key":"Omamori"},{"floor":11.0,"key":"MawBank"},{"floor":13.0,"key":"Molten Egg 2"},{"floor":14.0,"key":"Sundial"}],"event_choices":[{"damage_healed":0.0,"max_hp_gain":0.0,"max_hp_loss":0.0,"gold_gain":0.0,"event_name":"Shining Light","player_choice":"Entered Light","floor":2.0,"gold_loss":0.0,"damage_taken":21.0,"cards_upgraded":["Strike_B","Zap"]},{"damage_healed":0.0,"max_hp_gain":0.0,"max_hp_loss":0.0,"gold_gain":0.0,"event_name":"Liars Game","player_choice":"Ignored","floor":12.0,"gold_loss":0.0,"damage_taken":0.0},{"cards_removed":["Strike_B"],"damage_healed":0.0,"max_hp_gain":0.0,"max_hp_loss":0.0,"gold_gain":0.0,"event_name":"Beggar","player_choice":"Gave Gold","floor":20.0,"gold_loss":75.0,"damage_taken":0.0}],"is_beta":false,"boss_relics":[{"not_picked":["SacredBark","Velvet Choker"],"picked":"Runic Pyramid"}],"items_purged_floors":[19,21],"is_endless":false,"potions_floor_spawned":[1,5,7,24],"killed_by":"Slavers","ascension_level":20}}