{"host":"7l2t4psy44vpcd9q","time":1610437348,"event":{"mods":["AchievementEnabler","BaseMod","DeckTracker","Minty Spire (QoL Compilation)","SuperFastMode"],"gold_per_floor":[17,17,27,39,55,55,85,85,85,115,115,126,126,142,142,215,215,228,245,85,105,105,105,139,151,151,163,163,175,175,3,3,77,77,89,10,60,23,43,43,71,71,71,88,88,108,126,145,145,145,145],"floor_reached":50,"playtime":2831,"items_purged":["Strike_R"],"score":1212,"play_id":"296437ed-a624-4d71-98ac-3bf9bf3de5e6","local_time":"20210112164228","is_ascension_mode":true,"campfire_choices":[{"floor":6.0,"key":"REST"},{"data":"Fire Breathing","floor":8.0,"key":"SMITH"},{"floor":13.0,"key":"REST"},{"floor":15.0,"key":"REST"},{"floor":23.0,"key":"REST"},{"floor":28.0,"key":"REST"},{"data":"Dark Embrace","floor":30.0,"key":"SMITH"},{"floor":32.0,"key":"REST"},{"data":"Feel No Pain","floor":40.0,"key":"SMITH"},{"data":"Evolve","floor":42.0,"key":"SMITH"},{"floor":45.0,"key":"REST"},{"data":"Shockwave","floor":49.0,"key":"SMITH"}],"circlet_count":0,"master_deck":["AscendersBane","Defend_R","Defend_R","Defend_R","Bash","The Bomb","Battle Trance+1","Fire Breathing+1","Armaments","Shrug It Off","Pummel","Offering","Exhume","Inflame+1","Offering+1","Infernal Blade+1","Warcry","Evolve+1","Dark Embrace+1","Feel No Pain+1","Reaper","Intimidate","Immolate","Shockwave+1","Sentinel","Intimidate"],"relics":["Burning Blood","Dead Branch","Incense Burner","Gambling Chip","Astrolabe","Toy Ornithopter","HornCleat","Membership Card","Empty Cage","Orrery","Mummified Hand","Omamori"],"acts_visited":["Exordium","TheCity","TheBeyond"],"potions_floor_usage":[50],"damage_taken":[{"damage":14.0,"enemies":"Jaw Worm","floor":1.0,"turns":4.0},{"damage":11.0,"enemies":"2 Louse","floor":3.0,"turns":3.0},{"damage":21.0,"enemies":"Small Slimes","floor":4.0,"turns":4.0},{"damage":22.0,"enemies":"Gremlin Gang","floor":5.0,"turns":3.0},{"damage":22.0,"enemies":"3 Sentries","floor":7.0,"turns":5.0},{"damage":14.0,"enemies":"Gremlin Nob","floor":10.0,"turns":3.0},{"damage":18.0,"enemies":"Large Slime","floor":12.0,"turns":8.0},{"damage":6.0,"enemies":"Red Slaver","floor":14.0,"turns":4.0},{"damage":6.0,"enemies":"Slime Boss","floor":16.0,"turns":5.0},{"damage":21.0,"enemies":"3 Byrds","floor":18.0,"turns":5.0},{"damage":6.0,"enemies":"2 Thieves","floor":19.0,"turns":1.0},{"damage":26.0,"enemies":"Shelled Parasite and Fungi","floor":21.0,"turns":3.0},{"damage":19.0,"enemies":"Book of Stabbing","floor":24.0,"turns":3.0},{"damage":12.0,"enemies":"Cultist and Chosen","floor":25.0,"turns":3.0},{"damage":18.0,"enemies":"Chosen and Byrds","floor":27.0,"turns":4.0},{"damage":18.0,"enemies":"Snake Plant","floor":29.0,"turns":4.0},{"damage":27.0,"enemies":"Automaton","floor":33.0,"turns":4.0},{"damage":12.0,"enemies":"Orb Walker","floor":35.0,"turns":4.0},{"damage":26.0,"enemies":"3 Shapes","floor":39.0,"turns":3.0},{"damage":42.0,"enemies":"Reptomancer","floor":41.0,"turns":3.0},{"damage":23.0,"enemies":"Sphere and 2 Shapes","floor":44.0,"turns":3.0},{"damage":33.0,"enemies":"Spire Growth","floor":46.0,"turns":4.0},{"damage":12.0,"enemies":"Jaw Worm Horde","floor":47.0,"turns":4.0},{"damage":41.0,"enemies":"4 Shapes","floor":48.0,"turns":3.0},{"damage":111,"enemies":"Awakened One","floor":50,"turns":8}],"seed_played":"3460162409656364627","potions_obtained":[{"floor":5.0,"key":"PowerPotion"},{"floor":10.0,"key":"Strength Potion"},{"floor":14.0,"key":"Fire Potion"},{"floor":24.0,"key":"FearPotion"},{"floor":29.0,"key":"FairyPotion"},{"floor":33.0,"key":"Dexterity Potion"},{"floor":41.0,"key":"FearPotion"}],"is_trial":false,"path_per_floor":["M","?","M","M","M","R","E","R","T","E","?","M","R","M","R","B",null,"M","M","$","M","?","R","E","M","T","M","R","M","R","$","R","B",null,"M","$","?","$","M","R","E","R","T","M","R","M","M","M","R","B"],"character_chosen":"IRONCLAD","items_purchased":["Evolve","Membership Card","Orrery","Shockwave"],"campfire_rested":7,"item_purchase_floors":[20,31,36,38],"current_hp_per_floor":[60,60,55,40,24,46,30,30,30,22,22,10,32,32,54,54,70,55,55,55,35,35,57,44,38,38,26,48,36,36,36,58,42,67,75,75,75,75,73,73,45,45,45,28,50,33,35,56,56,0,0],"gold":145,"neow_bonus":"RANDOM_COLORLESS_2","is_daily":false,"chose_seed":false,"campfire_upgraded":5,"win_rate":0.0,"timestamp":1610437348,"path_taken":["M","?","M","M","M","R","E","R","T","E","?","M","R","M","R","BOSS","M","M","$","M","?","R","E","M","T","?","R","M","R","$","R","BOSS","M","$","?","$","M","R","E","R","T","M","R","M","M","?","R","BOSS"],"items_purchased_type":["Card","Relic","Relic","Card"],"build_version":"2020-12-22","purchased_purges":1,"victory":false,"max_hp_per_floor":[75,75,75,75,75,75,75,75,75,75,75,75,75,75,75,75,75,75,75,75,75,75,75,75,75,75,75,75,75,75,75,75,75,75,75,75,75,75,75,75,75,75,75,75,75,75,75,75,75,75,75],"card_choices":[{"not_picked":["Secret Technique","Panache"],"picked":"The Bomb","floor":0.0},{"not_picked":["Pommel Strike","Power Through"],"picked":"Battle Trance","floor":1.0},{"not_picked":["Uppercut","Iron Wave"],"picked":"Fire Breathing","floor":3.0},{"not_picked":["Shrug It Off","Cleave"],"picked":"Armaments","floor":4.0},{"not_picked":["True Grit","Anger"],"picked":"Shrug It Off","floor":5.0},{"not_picked":["Clothesline","Rage"],"picked":"Pummel","floor":7.0},{"not_picked":["Shrug It Off","Feel No Pain"],"picked":"Offering","floor":10.0},{"not_picked":["Cleave","Shrug It Off"],"picked":"Infernal Blade","floor":12.0},{"not_picked":["Armaments","Pommel Strike","Anger"],"picked":"SKIP","floor":14.0},{"not_picked":["Impervious","Reaper"],"picked":"Exhume","floor":16.0},{"not_picked":["Anger","Shrug It Off"],"picked":"Warcry","floor":18.0},{"not_picked":["Reckless Charge","Anger","Heavy Blade"],"picked":"SKIP","floor":19.0},{"not_picked":["Wild Strike+1","Perfected Strike"],"picked":"Dark Embrace","floor":21.0},{"not_picked":["Evolve","Clash","Perfected Strike"],"picked":"SKIP","floor":24.0},{"not_picked":["Double Tap","Perfected Strike","Fire Breathing"],"picked":"SKIP","floor":25.0},{"not_picked":["Rampage+1","Dark Embrace","Body Slam"],"picked":"SKIP","floor":27.0},{"not_picked":["Pummel","Wild Strike"],"picked":"Feel No Pain","floor":29.0},{"not_picked":["Limit Break","Juggernaut"],"picked":"Reaper","floor":33.0},{"not_picked":["Inflame+1","Twin Strike","Heavy Blade"],"picked":"SKIP","floor":35.0},{"not_picked":["Flex","Havoc"],"picked":"Intimidate","floor":36.0},{"not_picked":["Entrench+1","Sentinel"],"picked":"Immolate","floor":36.0},{"not_picked":["Clash","Metallicize","Evolve"],"picked":"SKIP","floor":39.0},{"not_picked":["Uppercut","Headbutt"],"picked":"Sentinel","floor":41.0},{"not_picked":["Infernal Blade+1","Clothesline","Spot Weakness"],"picked":"SKIP","floor":44.0},{"not_picked":["Fire Breathing+1","Wild Strike"],"picked":"Intimidate","floor":46.0},{"not_picked":["Spot Weakness","Perfected Strike","Pommel Strike"],"picked":"SKIP","floor":47.0},{"not_picked":["Perfected Strike","Bludgeon","Anger"],"picked":"SKIP","floor":48.0}],"player_experience":1209636,"relics_obtained":[{"floor":7.0,"key":"Dead Branch"},{"floor":9.0,"key":"Incense Burner"},{"floor":10.0,"key":"Gambling Chip"},{"floor":24.0,"key":"Toy Ornithopter"},{"floor":26.0,"key":"HornCleat"},{"floor":41.0,"key":"Mummified Hand"},{"floor":43.0,"key":"Omamori"}],"event_choices":[{"damage_healed":0.0,"max_hp_gain":0.0,"max_hp_loss":0.0,"gold_gain":0.0,"event_name":"Living Wall","player_choice":"Grow","floor":2.0,"gold_loss":0.0,"damage_taken":0.0,"cards_upgraded":["Battle Trance"]},{"damage_healed":0.0,"max_hp_gain":0.0,"max_hp_loss":0.0,"gold_gain":0.0,"event_name":"Dead Adventurer","player_choice":"Searched \u00270\u0027 times","floor":11.0,"gold_loss":0.0,"damage_taken":0.0},{"cards_removed":["Strike_R"],"damage_healed":0.0,"max_hp_gain":0.0,"max_hp_loss":0.0,"gold_gain":0.0,"event_name":"Purifier","player_choice":"Purged","floor":22.0,"gold_loss":0.0,"damage_taken":0.0},{"damage_healed":0.0,"max_hp_gain":0.0,"max_hp_loss":0.0,"gold_gain":50.0,"event_name":"Golden Shrine","player_choice":"Pray","floor":37.0,"gold_loss":0.0,"damage_taken":0.0}],"is_beta":false,"boss_relics":[{"not_picked":["Busted Crown","Velvet Choker"],"picked":"Astrolabe"},{"not_picked":["Coffee Dripper","Sozu"],"picked":"Empty Cage"}],"items_purged_floors":[20],"is_endless":false,"potions_floor_spawned":[5,10,14,24,25,29,33,41,46,48],"killed_by":"Awakened One","ascension_level":20}}