{"host":"6swbl1yqdi8v28pk","time":1610486731,"event":{"mods":["AchievementEnabler","BaseMod","Colored Map","Minty Spire (QoL Compilation)","Quick Restart"],"gold_per_floor":[117,128,140,27,102,129,148,148,172,172,202,152,152,152,152,152,152],"floor_reached":16,"language":"SPA","playtime":481,"items_purged":["Strike_P"],"score":108,"play_id":"f123eb88-fec3-4c66-bf6d-e4d39f4bf973","local_time":"20210112152531","is_ascension_mode":false,"campfire_choices":[{"floor":8,"key":"REST"},{"data":"WheelKick","floor":10,"key":"SMITH"},{"floor":15,"key":"REST"}],"circlet_count":0,"master_deck":["Strike_P+1","Defend_P","Defend_P","Defend_P","Defend_P","Eruption+1","Vigilance","SashWhip","BattleHymn","EmptyBody","WheelKick+1","FollowUp","EmptyMind","Regret"],"relics":["PureWater","Whetstone","Bronze Scales","Damaru","Lantern","Golden Idol"],"acts_visited":["Exordium"],"potions_floor_usage":[6,11,16],"damage_taken":[{"damage":0,"enemies":"2 Louse","floor":1,"turns":2},{"damage":0,"enemies":"Jaw Worm","floor":2,"turns":3},{"damage":0,"enemies":"Small Slimes","floor":3,"turns":2},{"damage":3,"enemies":"3 Sentries","floor":6,"turns":4},{"damage":3,"enemies":"Looter","floor":7,"turns":4},{"damage":10,"enemies":"Gremlin Nob","floor":11,"turns":3},{"damage":65,"enemies":"Hexaghost","floor":16,"turns":7}],"seed_played":"-6438224980608146830","potions_obtained":[{"floor":2,"key":"DuplicationPotion"},{"floor":3,"key":"Explosive Potion"},{"floor":7,"key":"GamblersBrew"}],"is_trial":false,"path_per_floor":["M","M","M","$","?","E","M","R","T","R","E","?","?","?","R","B"],"character_chosen":"WATCHER","items_purchased":["WheelKick"],"campfire_rested":2,"item_purchase_floors":[4],"current_hp_per_floor":[72,72,72,72,61,58,55,72,72,72,62,62,62,44,65,0,0],"gold":152,"neow_bonus":"REMOVE_CARD","is_daily":false,"chose_seed":false,"campfire_upgraded":1,"win_rate":0.0,"timestamp":1610486731,"path_taken":["M","M","M","$","?","E","M","R","T","R","E","?","?","?","R","BOSS"],"items_purchased_type":["Card"],"build_version":"2020-12-22","purchased_purges":1,"victory":false,"max_hp_per_floor":[72,72,72,72,72,72,72,72,72,72,72,72,72,72,72,72,72],"card_choices":[{"not_picked":["CrushJoints","Vengeance"],"picked":"SashWhip","floor":1},{"not_picked":["CarveReality","ForeignInfluence"],"picked":"BattleHymn","floor":2},{"not_picked":["Tantrum","CrushJoints"],"picked":"EmptyBody","floor":3},{"not_picked":["Blasphemy","FlyingSleeves","Crescendo"],"picked":"SKIP","floor":6},{"not_picked":["Nirvana","Prostrate"],"picked":"FollowUp","floor":7},{"not_picked":["JustLucky","BattleHymn"],"picked":"EmptyMind","floor":11}],"player_experience":125991,"relics_obtained":[{"floor":6,"key":"Whetstone"},{"floor":9,"key":"Bronze Scales"},{"floor":11,"key":"Damaru"}],"event_choices":[{"damage_healed":0,"gold_gain":75,"player_choice":"Gather Gold","damage_taken":11,"max_hp_gain":0,"max_hp_loss":0,"event_name":"World of Goop","floor":5,"gold_loss":0},{"cards_removed":["Strike_P"],"damage_healed":0,"gold_gain":0,"player_choice":"Card Removal","damage_taken":0,"max_hp_gain":0,"max_hp_loss":0,"event_name":"The Cleric","floor":12,"gold_loss":50},{"damage_healed":0,"gold_gain":0,"player_choice":"Box","damage_taken":0,"relics_obtained":["Lantern"],"max_hp_gain":0,"max_hp_loss":0,"event_name":"Big Fish","floor":13,"gold_loss":0,"cards_obtained":["Regret"]},{"damage_healed":0,"gold_gain":0,"player_choice":"Take Damage","damage_taken":18,"relics_obtained":["Golden Idol"],"max_hp_gain":0,"max_hp_loss":0,"event_name":"Golden Idol","floor":14,"gold_loss":0}],"is_beta":false,"boss_relics":[],"items_purged_floors":[4],"is_endless":false,"potions_floor_spawned":[2,3,7],"killed_by":"Hexaghost","ascension_level":0}}