{"host":"gbbz8f5svnnpwo8d","time":1610493035,"event":{"mods":["AchievementEnabler","AlwaysNeverKeys","BaseMod","Bestiary","Better Altar","Better Match","Better Note","Better Sensory Stone","Better Silent Start","Better Skull","Better Third Choice","Better Vampires","Better-Laid Plans","BetterRewards","Block Reminder","Colored Map","Colored Powertips","Curses Come First","Dark Map","Displayed Cursed Tome","GifTheSpireLib","Minty Spire (QoL Compilation)","MonsterHotkey","Permanent Neow","Potion Indicator Mod","Quick Restart","Random Character Button","Rare Cards Sparkle","Relic Stats","Shop Mod","Spicy Shops","Spire Birthday Party","StSLib","Transform Curses"],"gold_per_floor":[112,112,122,133,133,133,133,59,59,72,97,113,113,131,131,251,251,270,288,288,301,47,80,80,113,113,113,38,38,77,97,97,220,220,233,254,108,108,441,441,457,15,15,33,33,384,384,403,403,403,403,403,0,29,29],"floor_reached":56,"language":"ENG","playtime":2620,"items_purged":["Clumsy"],"score":1347,"play_id":"fc301b3e-c76c-4330-ab22-f7dd59b2b758","local_time":"20210112161035","is_ascension_mode":false,"campfire_choices":[{"data":"Beam Cell","floor":7.0,"key":"SMITH"},{"data":"Zap","floor":13.0,"key":"SMITH"},{"data":"Dualcast","floor":15.0,"key":"SMITH"},{"data":"Blizzard","floor":24.0,"key":"SMITH"},{"data":"Cold Snap","floor":27.0,"key":"SMITH"},{"data":"Creative AI","floor":32.0,"key":"SMITH"},{"floor":40.0,"key":"REST"},{"floor":47,"key":"REST"},{"data":"Capacitor","floor":49,"key":"SMITH"},{"data":"Glacier","floor":52,"key":"SMITH"}],"circlet_count":0,"master_deck":["Strike_B","Strike_B","Strike_B","Strike_B+1","Defend_B","Defend_B","Defend_B","Defend_B","Zap+1","Dualcast+1","Glacier+1","Aggregate+1","Beam Cell+1","Blizzard+1","Steam+1","Rebound+1","Double Energy+1","Glacier+1","All For One","Hologram+1","Hologram+1","Reboot+1","Cold Snap+1","Consume+1","Hologram+1","Creative AI+1","Redo+1","Echo Form","Defragment+1","Madness+1","Madness+1","Defragment+1","Enlightenment+1","Blizzard+1","Capacitor+1","Glacier+1","Parasite","Redo+1"],"relics":["Cracked Core","Lantern","Toxic Egg 2","Mercury Hourglass","Cursed Key","Runic Capacitor","HornCleat","Anchor","Bag of Preparation","MerchantsRug","DollysMirror","Happy Flower","Cables","Old Coin","Bottled Lightning","DataDisk","Whetstone"],"acts_visited":["Exordium","TheCity","TheBeyond","TheEnding"],"potions_floor_usage":[46,50],"damage_taken":[{"damage":1.0,"enemies":"Cultist","floor":1.0,"turns":3.0},{"damage":0.0,"enemies":"2 Louse","floor":3.0,"turns":2.0},{"damage":0.0,"enemies":"Small Slimes","floor":4.0,"turns":2.0},{"damage":7.0,"enemies":"Blue Slaver","floor":10.0,"turns":2.0},{"damage":0.0,"enemies":"Exordium Wildlife","floor":11.0,"turns":2.0},{"damage":0.0,"enemies":"Exordium Thugs","floor":12.0,"turns":3.0},{"damage":0.0,"enemies":"3 Louse","floor":14.0,"turns":2.0},{"damage":22.0,"enemies":"Hexaghost","floor":16.0,"turns":12.0},{"damage":0.0,"enemies":"Chosen","floor":18.0,"turns":4.0},{"damage":0.0,"enemies":"Spheric Guardian","floor":19.0,"turns":3.0},{"damage":0.0,"enemies":"Shelled Parasite and Fungi","floor":21.0,"turns":7.0},{"damage":10.0,"enemies":"Gremlin Leader","floor":23.0,"turns":7.0},{"damage":0.0,"enemies":"Book of Stabbing","floor":25.0,"turns":6.0},{"damage":0.0,"enemies":"Slavers","floor":30.0,"turns":5.0},{"damage":0.0,"enemies":"Cultist and Chosen","floor":31.0,"turns":3.0},{"damage":0.0,"enemies":"Champ","floor":33.0,"turns":10.0},{"damage":0.0,"enemies":"Orb Walker","floor":35.0,"turns":3.0},{"damage":0.0,"enemies":"3 Darklings","floor":36.0,"turns":4.0},{"damage":24.0,"enemies":"Transient","floor":41.0,"turns":5.0},{"damage":0.0,"enemies":"Maw","floor":44.0,"turns":7.0},{"damage":8,"enemies":"2 Orb Walkers","floor":46,"turns":3},{"damage":7,"enemies":"Writhing Mass","floor":48,"turns":7},{"damage":9,"enemies":"Time Eater","floor":50,"turns":11},{"damage":0,"enemies":"Shield and Spear","floor":54,"turns":8},{"damage":52,"enemies":"The Heart","floor":55,"turns":12}],"seed_played":"-2940359722010129225","potions_obtained":[{"floor":1.0,"key":"LiquidMemories"},{"floor":3.0,"key":"Explosive Potion"},{"floor":16.0,"key":"PowerPotion"},{"floor":23.0,"key":"SkillPotion"},{"floor":30.0,"key":"SkillPotion"},{"floor":31.0,"key":"DistilledChaos"},{"floor":41.0,"key":"FairyPotion"},{"floor":44.0,"key":"Explosive Potion"},{"floor":46,"key":"AttackPotion"}],"is_trial":false,"path_per_floor":["M","T","M","M","?","?","R","$","T","M","M","M","R","M","R","B",null,"M","M","?","M","$","E","R","E","T","R","$","T","E","M","R","B",null,"M","M","$","?","?","R","M","$","T","M","T","?","R","M","R","B",null,"R","$","E","B",null],"character_chosen":"DEFECT","items_purchased":["Lantern","Question Card","FairyPotion","Blizzard","Runic Capacitor","Cold Snap","MerchantsRug","Enlightenment+1","DollysMirror","Happy Flower","Capacitor","Cables","Bottled Lightning","DataDisk"],"campfire_rested":2,"item_purchase_floors":[0,0,0,8,22,22,37,42,42,42,42,42,53,53],"current_hp_per_floor":[74,74,74,74,56,53,53,53,53,46,46,51,51,51,51,29,75,75,75,75,75,75,65,65,65,65,65,65,65,70,70,70,70,75,75,75,75,66,66,75,51,51,51,51,51,43,65,58,58,49,75,75,75,75,23],"gold":29,"neow_bonus":"","is_daily":false,"chose_seed":false,"campfire_upgraded":8,"win_rate":0.0,"timestamp":1610493035,"path_taken":["M","?","M","?","?","?","R","$","T","M","M","M","R","M","R","BOSS","M","M","?","M","?","E","R","E","T","R","$","?","E","M","R","BOSS","M","M","$","?","?","R","M","$","T","M","?","?","R","M","R","BOSS","R","$","E","BOSS"],"items_purchased_type":["Relic","Relic","Potion","Card","Relic","Card","Relic","Card","Relic","Relic","Card","Relic","Relic","Relic"],"build_version":"2020-12-22","purchased_purges":1,"victory":true,"max_hp_per_floor":[75,75,75,75,75,75,75,75,75,75,75,75,75,75,75,75,75,75,75,75,75,75,75,75,75,75,75,75,75,75,75,75,75,75,75,75,75,75,75,75,75,75,75,75,75,75,75,75,75,75,75,75,75,75,75],"relic_stats":{"Happy Flower":[16],"counters":[80,401],"Bag of Preparation":[22],"Whetstone":["Strike_B","Rebound"],"Cursed Key":1,"obtain_stats":[{"Ice Cream":48,"Calipers":12,"Runic Capacitor":22,"Whetstone":54,"Bottled Tornado":45,"Boot":26,"Old Coin":46,"HornCleat":23,"DollysMirror":0,"Toxic Egg 2":2,"Girya":37,"MerchantsRug":37,"Happy Flower":7,"Eternal Feather":9,"Pen Nib":0,"Question Card":0,"Akabeko":12,"Cables":42,"SlaversCollar":17,"Bronze Scales":54,"Symbiotic Virus":25,"Meat on the Bone":10,"Lantern":0,"SacredBark":34,"Bag of Preparation":30,"Empty Cage":34,"Cursed Key":17,"Emotion Chip":0,"Nunchaku":9,"Matryoshka":25,"Mummified Hand":3,"Cracked Core":0,"InkBottle":43,"Potion Belt":21,"Lee\u0027s Waffle":0,"Golden Idol":11,"Thread and Needle":9,"PreservedInsect":0,"Frozen Egg 2":9,"Nuclear Battery":17,"Mercury Hourglass":9,"Anchor":26,"DataDisk":53,"Ornamental Fan":0,"Bloody Idol":28,"Turnip":13,"Art of War":26,"Bottled Lightning":53,"Toy Ornithopter":4},{"Ice Cream":30,"Calipers":53,"Runic Capacitor":66,"Whetstone":79,"Bottled Tornado":28,"Boot":44,"Old Coin":76,"HornCleat":67,"DollysMirror":47,"Toxic Egg 2":56,"Girya":27,"MerchantsRug":73,"Happy Flower":4,"Eternal Feather":4,"Pen Nib":47,"Question Card":55,"Akabeko":39,"Cables":74,"SlaversCollar":7,"Bronze Scales":32,"Symbiotic Virus":68,"Meat on the Bone":5,"Lantern":55,"SacredBark":71,"Bag of Preparation":69,"Empty Cage":25,"Cursed Key":41,"Emotion Chip":0,"Nunchaku":38,"Matryoshka":44,"Mummified Hand":49,"Cracked Core":0,"InkBottle":27,"Potion Belt":42,"Lee\u0027s Waffle":33,"Golden Idol":5,"Thread and Needle":53,"PreservedInsect":0,"Frozen Egg 2":15,"Nuclear Battery":19,"Mercury Hourglass":58,"Anchor":68,"DataDisk":78,"Ornamental Fan":0,"Bloody Idol":23,"Turnip":54,"Art of War":22,"Bottled Lightning":78,"Toy Ornithopter":35},{"Ice Cream":146,"Calipers":262,"Runic Capacitor":311,"Whetstone":390,"Bottled Tornado":134,"Boot":227,"Old Coin":364,"HornCleat":318,"DollysMirror":243,"Toxic Egg 2":274,"Girya":121,"MerchantsRug":349,"Happy Flower":12,"Eternal Feather":12,"Pen Nib":243,"Question Card":271,"Akabeko":195,"Cables":354,"SlaversCollar":26,"Bronze Scales":170,"Symbiotic Virus":324,"Meat on the Bone":15,"Lantern":271,"SacredBark":342,"Bag of Preparation":329,"Empty Cage":106,"Cursed Key":211,"Emotion Chip":0,"Nunchaku":192,"Matryoshka":227,"Mummified Hand":248,"Cracked Core":0,"InkBottle":121,"Potion Belt":215,"Lee\u0027s Waffle":176,"Golden Idol":15,"Thread and Needle":262,"PreservedInsect":0,"Frozen Egg 2":51,"Nuclear Battery":66,"Mercury Hourglass":278,"Anchor":324,"DataDisk":382,"Ornamental Fan":0,"Bloody Idol":91,"Turnip":270,"Art of War":85,"Bottled Lightning":382,"Toy Ornithopter":182}],"Mercury Hourglass":[442],"Cables":[44,9,35,0,0]},"card_choices":[{"not_picked":["White Noise","Stack","Aggregate"],"picked":"Glacier","floor":1.0},{"not_picked":["Streamline","Capacitor","Stack+1"],"picked":"Aggregate+1","floor":3.0},{"not_picked":["Stack+1","Compile Driver","Gash"],"picked":"Beam Cell","floor":4.0},{"not_picked":["Ball Lightning","Turbo+1","Barrage"],"picked":"Steam+1","floor":10.0},{"not_picked":["Coolheaded+1","Storm","Stack+1"],"picked":"Rebound","floor":11.0},{"not_picked":["Coolheaded+1","Fission+1","Sweeping Beam"],"picked":"Double Energy+1","floor":12.0},{"not_picked":["Cold Snap","Barrage","Redo+1"],"picked":"Glacier+1","floor":14.0},{"not_picked":["Seek+1","Hyperbeam","Amplify+1"],"picked":"All For One","floor":16.0},{"not_picked":["Sweeping Beam+1","BootSequence+1","Compile Driver"],"picked":"Hologram+1","floor":18.0},{"not_picked":["Ball Lightning","Loop","BootSequence+1"],"picked":"Hologram+1","floor":19.0},{"not_picked":["Sweeping Beam","Go for the Eyes","Ball Lightning"],"picked":"Reboot+1","floor":21.0},{"not_picked":["Rebound","Compile Driver","Chill+1"],"picked":"Consume+1","floor":23.0},{"not_picked":["Genetic Algorithm+1","Barrage","Streamline"],"picked":"Hologram+1","floor":25.0},{"not_picked":["Sweeping Beam","BootSequence+1","Force Field+1"],"picked":"Creative AI","floor":30.0},{"not_picked":["Chill+1","Gash","Sweeping Beam"],"picked":"Redo+1","floor":31.0},{"not_picked":["Core Surge","Reboot+1","Fission+1"],"picked":"Echo Form","floor":33.0},{"not_picked":["Leap+1","Auto Shields+1","Beam Cell"],"picked":"Defragment+1","floor":35.0},{"not_picked":["Aggregate+1","Rebound+1","Fusion+1","Sweeping Beam+1"],"picked":"SKIP","floor":36.0},{"not_picked":["Conserve Battery+1","Beam Cell","Ball Lightning+1"],"picked":"Defragment+1","floor":41.0},{"not_picked":["Fusion+1","Reprogram+1","Rebound"],"picked":"SKIP","floor":44.0},{"not_picked":["Coolheaded+1","Go for the Eyes+1"],"picked":"Glacier+1","floor":46},{"not_picked":["Lockon","Beam Cell+1"],"picked":"Redo+1","floor":48},{"not_picked":["Doom and Gloom","Leap+1","Genetic Algorithm+1"],"picked":"SKIP","floor":54}],"player_experience":3606329,"relics_obtained":[{"floor":2.0,"key":"Toxic Egg 2"},{"floor":9.0,"key":"Mercury Hourglass"},{"floor":23.0,"key":"HornCleat"},{"floor":25.0,"key":"Symbiotic Virus"},{"floor":26.0,"key":"Anchor"},{"floor":30.0,"key":"Bag of Preparation"},{"floor":46,"key":"Old Coin"},{"floor":54,"key":"Whetstone"}],"event_choices":[{"damage_healed":0.0,"max_hp_gain":0.0,"max_hp_loss":0.0,"gold_gain":0.0,"event_name":"Golden Idol","player_choice":"Take Damage","floor":5.0,"gold_loss":0.0,"damage_taken":18.0,"relics_obtained":["Golden Idol"]},{"damage_healed":0.0,"max_hp_gain":0.0,"max_hp_loss":0.0,"gold_gain":0.0,"event_name":"betterThird:BetterScrap","player_choice":"Relic ","floor":6.0,"gold_loss":0.0,"damage_taken":3.0,"cards_obtained":["Blasphemy"]},{"cards_removed":["Strike_B"],"damage_healed":0.0,"max_hp_gain":0.0,"max_hp_loss":0.0,"gold_gain":0.0,"event_name":"betterNote:BetterNote","player_choice":"Give","floor":20.0,"gold_loss":0.0,"damage_taken":0.0,"cards_obtained":["Strike_R"]},{"damage_healed":0.0,"max_hp_gain":0.0,"max_hp_loss":0.0,"gold_gain":0.0,"event_name":"Winding Halls","player_choice":"Embrace Madness","floor":38.0,"gold_loss":0.0,"damage_taken":9.0,"cards_obtained":["Madness","Madness"]},{"damage_healed":0.0,"max_hp_gain":0.0,"max_hp_loss":0.0,"gold_gain":333.0,"event_name":"The Moai Head","player_choice":"Gave Idol","floor":39.0,"relics_lost":["Golden Idol"],"gold_loss":0.0,"damage_taken":0.0},{"damage_healed":0,"gold_gain":0,"player_choice":"Fight","damage_taken":0,"max_hp_gain":0,"max_hp_loss":0,"event_name":"Mysterious Sphere","floor":46,"gold_loss":0}],"is_beta":false,"boss_relics":[{"not_picked":["Velvet Choker","Coffee Dripper"],"picked":"Cursed Key"},{"not_picked":["Empty Cage","Runic Dome"],"picked":"SacredBark"}],"items_purged_floors":[28],"is_endless":false,"potions_floor_spawned":[1,3,4,16,18,23,30,31,35,41,44,46],"ascension_level":0}}