{"host":"7l2t4psy44vpcd9q","time":1610447412,"event":{"mods":["AchievementEnabler","BaseMod","DeckTracker","Minty Spire (QoL Compilation)","SuperFastMode"],"gold_per_floor":[113,38,8,20,30,30,56,56,56,56,66,81,101,101,101,194,194,218,143,158,183,45,45,45,45],"floor_reached":24,"playtime":840,"items_purged":["Strike_R"],"score":396,"play_id":"e913e025-fa19-47d5-9033-c9196707aa83","local_time":"20210112193012","is_ascension_mode":true,"campfire_choices":[{"data":"Armaments","floor":6.0,"key":"SMITH"},{"data":"Power Through","floor":10.0,"key":"SMITH"},{"data":"Fire Breathing","floor":15.0,"key":"SMITH"},{"floor":23.0,"key":"REST"}],"circlet_count":0,"master_deck":["AscendersBane","Strike_R","Strike_R","Strike_R","Strike_R","Defend_R","Defend_R","Defend_R","Defend_R","Bash","Fiend Fire","Clothesline","Flex","Power Through+1","Armaments+1","Hemokinesis+1","Fire Breathing+1","Double Tap","Shockwave","Entrench","Evolve"],"relics":["Burning Blood","Pantograph","Bottled Lightning","Golden Idol","Mark of Pain"],"acts_visited":["Exordium","TheCity"],"potions_floor_usage":[24,24],"damage_taken":[{"damage":1.0,"enemies":"Cultist","floor":1.0,"turns":3.0},{"damage":9.0,"enemies":"Small Slimes","floor":4.0,"turns":3.0},{"damage":4.0,"enemies":"Jaw Worm","floor":5.0,"turns":2.0},{"damage":45.0,"enemies":"3 Sentries","floor":7.0,"turns":12.0},{"damage":2.0,"enemies":"Blue Slaver","floor":11.0,"turns":4.0},{"damage":2.0,"enemies":"Large Slime","floor":12.0,"turns":5.0},{"damage":8.0,"enemies":"Exordium Thugs","floor":13.0,"turns":3.0},{"damage":24.0,"enemies":"Slime Boss","floor":16.0,"turns":8.0},{"damage":28.0,"enemies":"3 Byrds","floor":18.0,"turns":6.0},{"damage":14.0,"enemies":"Chosen","floor":20.0,"turns":3.0},{"damage":19.0,"enemies":"Snecko","floor":21.0,"turns":6.0},{"damage":44,"enemies":"Book of Stabbing","floor":24,"turns":4}],"seed_played":"-2812413047925397193","potions_obtained":[{"floor":4.0,"key":"FearPotion"},{"floor":7.0,"key":"GamblersBrew"},{"floor":13.0,"key":"Dexterity Potion"},{"floor":20.0,"key":"Weak Potion"}],"is_trial":false,"path_per_floor":["M","?","$","M","M","R","E","?","T","R","M","M","M","?","R","B",null,"M","$","M","M","$","R","E"],"character_chosen":"IRONCLAD","items_purchased":["Flex","Block Potion","Evolve"],"campfire_rested":1,"item_purchase_floors":[3,22,22],"current_hp_per_floor":[73,73,73,70,72,72,33,33,33,33,37,41,39,39,39,46,63,41,41,33,20,20,40,0,0],"gold":45,"neow_bonus":"THREE_RARE_CARDS","is_daily":false,"chose_seed":false,"campfire_upgraded":3,"win_rate":0.0,"timestamp":1610447412,"path_taken":["M","?","$","M","M","R","E","?","T","R","M","M","M","?","R","BOSS","M","$","M","M","$","R","E"],"items_purchased_type":["Card","Potion","Card"],"build_version":"2020-12-22","purchased_purges":1,"victory":false,"max_hp_per_floor":[75,75,75,75,75,75,75,75,75,75,75,75,75,68,68,68,68,68,68,68,68,68,68,68,68],"card_choices":[{"not_picked":["Double Tap","Exhume"],"picked":"Fiend Fire","floor":0.0},{"not_picked":["Perfected Strike","Thunderclap"],"picked":"Clothesline","floor":1.0},{"not_picked":["Sword Boomerang","Wild Strike"],"picked":"Power Through","floor":4.0},{"not_picked":["Wild Strike","Flex"],"picked":"Armaments","floor":5.0},{"not_picked":["Bludgeon","Uppercut"],"picked":"Hemokinesis","floor":7.0},{"not_picked":["Ghostly Armor","Carnage","Thunderclap"],"picked":"SKIP","floor":11.0},{"not_picked":["Ghostly Armor","Carnage","Thunderclap"],"picked":"SKIP","floor":11.0},{"not_picked":["Headbutt","Hemokinesis","Flex"],"picked":"SKIP","floor":12.0},{"not_picked":["Thunderclap","Pummel"],"picked":"Fire Breathing","floor":13.0},{"not_picked":["Reaper","Barricade"],"picked":"Double Tap","floor":16.0},{"not_picked":["Iron Wave","Warcry"],"picked":"Shockwave","floor":18.0},{"not_picked":["Bloodletting","Power Through"],"picked":"Entrench","floor":20.0},{"not_picked":["Havoc","Clothesline+1","Warcry"],"picked":"SKIP","floor":21.0}],"player_experience":1213648,"relics_obtained":[{"floor":7.0,"key":"Pantograph"},{"floor":9.0,"key":"Bottled Lightning"}],"event_choices":[{"cards_removed":["Injury"],"damage_healed":0.0,"max_hp_gain":0.0,"max_hp_loss":0.0,"gold_gain":0.0,"event_name":"The Cleric","player_choice":"Card Removal","floor":2.0,"gold_loss":75.0,"damage_taken":0.0},{"damage_healed":0.0,"max_hp_gain":0.0,"max_hp_loss":0.0,"gold_gain":0.0,"event_name":"Living Wall","player_choice":"Grow","floor":8.0,"gold_loss":0.0,"damage_taken":0.0,"cards_upgraded":["Hemokinesis"]},{"damage_healed":0.0,"max_hp_gain":0.0,"max_hp_loss":7.0,"gold_gain":0.0,"event_name":"Golden Idol","player_choice":"Lose Max HP","floor":14.0,"gold_loss":0.0,"damage_taken":0.0,"relics_obtained":["Golden Idol"]}],"is_beta":false,"boss_relics":[{"not_picked":["Runic Dome","Runic Cube"],"picked":"Mark of Pain"}],"items_purged_floors":[19],"is_endless":false,"potions_floor_spawned":[4,7,13,20],"killed_by":"Book of Stabbing","ascension_level":20}}