{"host":"6gnjg44wf0nz538o","time":1610412495,"event":{"mods":["AchievementEnabler","BaseMod","BetterRewards","Colored Map","Minty Spire (QoL Compilation)","Replay The Spire","Spicy Shops","StSLib","The Servant 0.9.4"],"gold_per_floor":[109,284,359,5,5,41,41,41,41,82,97,123,146,63,63,191,191,211,229,157,171,190,190,208,41,66,105,105,125,22,147,147,271,271,286,286,13,13,29,29,44,44,44,57,120,164,179,27,27,27,27,27,1,34,34],"floor_reached":56,"playtime":3687,"items_purged":["Doubt","Injury","Draining Mist"],"score":1905,"play_id":"638ea239-24c6-4243-b267-de96fa2a8a4c","local_time":"20210111194815","is_ascension_mode":true,"campfire_choices":[{"data":"Accuracy","floor":7.0,"key":"SMITH"},{"floor":15,"key":"REST"},{"floor":23,"key":"REST"},{"floor":28,"key":"REST"},{"floor":32,"key":"REST"},{"data":"Finisher","floor":40,"key":"SMITH"},{"data":"Finisher","floor":42,"key":"SMITH"},{"floor":49,"key":"RECALL"},{"floor":52,"key":"REST"}],"circlet_count":0,"master_deck":["AscendersBane","Strike_G","Strike_G","Strike_G","Strike_G","Defend_G","Defend_G","Defend_G","Defend_G","Defend_G","Survivor","Neutralize","Accuracy+1","Hidden Blade","Finisher+1","Cloak And Dagger","Cloak And Dagger","Blade Dance","Blade Dance","A Thousand Cuts+1","Blade Dance","Calculated Gamble+1","Prepared","ReplayTheSpireMod:Scrap Shanks","ReplayTheSpireMod:Scrap Shanks","Calculated Gamble","Finisher+1","After Image+1","Amnesia","Blade Dance","Prepared+1"],"relics":["Ring of the Snake","NeowsBlessing","Membership Card","Quantum Egg","Golden Idol","Pear","CultistMask","Torii","Ancient Tea Set","Odd Mushroom","Replay:Bronze Core","HandDrill","Anchor","Mummified Hand","BargainBundle","Basket Of Snakes","Replay:WaspNest","SlaversCollar","Vampiric Spirits","Onion Ring","Ring of Fangs","Ring of Misfortune","Prayer Wheel","Letter Opener","Bag of Preparation","Guide Book","Gremlin Food"],"acts_visited":["Exordium","TheCity","TheBeyond","TheEnding"],"potions_floor_usage":[31,50,55],"damage_taken":[{"damage":0.0,"enemies":"Small Slimes","floor":1.0,"turns":1.0},{"damage":0.0,"enemies":"Gremlin Nob","floor":6.0,"turns":1.0},{"damage":0.0,"enemies":"3 Sentries","floor":10.0,"turns":1.0},{"damage":6.0,"enemies":"Cultist","floor":11.0,"turns":4.0},{"damage":34.0,"enemies":"The Mushroom Lair","floor":12.0,"turns":7.0},{"damage":0.0,"enemies":"2 Louse","floor":13.0,"turns":3.0},{"damage":7,"enemies":"Slime Boss","floor":16,"turns":4},{"damage":30,"enemies":"2 Thieves","floor":18,"turns":3},{"damage":7,"enemies":"3 Byrds","floor":19,"turns":4},{"damage":6,"enemies":"Centurion and Healer","floor":21,"turns":3},{"damage":1,"enemies":"Sentry and Sphere","floor":22,"turns":3},{"damage":0,"enemies":"Snecko","floor":24,"turns":2},{"damage":21,"enemies":"Gremlin Leader","floor":27,"turns":3},{"damage":0,"enemies":"Centurion and Healer","floor":29,"turns":3},{"damage":1,"enemies":"Colosseum Slavers","floor":31,"turns":2},{"damage":0,"enemies":"Colosseum Nobs","floor":31,"turns":2},{"damage":3,"enemies":"Pondfish","floor":33,"turns":5},{"damage":10,"enemies":"3 Darklings","floor":35,"turns":3},{"damage":0,"enemies":"3 Shapes","floor":39,"turns":3},{"damage":0,"enemies":"Maw","floor":41,"turns":3},{"damage":0,"enemies":"3 Darklings","floor":44,"turns":2},{"damage":3,"enemies":"Mind Bloom Boss Battle","floor":45,"turns":3},{"damage":29,"enemies":"R_Hoarder","floor":46,"turns":3},{"damage":0,"enemies":"Transient","floor":47,"turns":5},{"damage":43,"enemies":"Time Eater","floor":50,"turns":6},{"damage":0,"enemies":"Shield and Spear","floor":54,"turns":3},{"damage":46,"enemies":"The Heart","floor":55,"turns":4}],"seed_played":"1831814988940344581","potions_obtained":[{"floor":1.0,"key":"SkillPotion"},{"floor":12.0,"key":"SkillPotion"},{"floor":16,"key":"GamblersBrew"},{"floor":19,"key":"Weak Potion"},{"floor":24,"key":"DuplicationPotion"},{"floor":33,"key":"Adrenaline Potion"},{"floor":45,"key":"SteroidPotion"},{"floor":54,"key":"Weak Potion"}],"is_trial":false,"path_per_floor":["M","?","?","$","?","E","R","?","T","E","M","?","M","$","R","B",null,"M","M","$","M","M","R","M","$","T","E","R","M","$","?","R","B",null,"M","?","$","?","M","R","M","R","T","M","?","E","M","$","R","B",null,"R","$","E","B",null],"character_chosen":"THE_SILENT","items_purchased":["Membership Card","Quantum Egg","Accuracy","Blade Dance","HandDrill","ReplayTheSpireMod:Scrap Shanks","Calculated Gamble","Finisher","BargainBundle","Vampiric Spirits","Onion Ring","Bag of Preparation","Guide Book","Strength Potion"],"campfire_rested":5,"item_purchase_floors":[4,4,4,14,20,25,25,25,30,37,37,48,48,53],"current_hp_per_floor":[63,63,52,52,52,62,62,62,62,62,56,22,22,22,46,39,70,40,33,33,27,26,50,50,50,50,29,53,53,53,52,76,73,78,68,68,68,68,72,72,80,80,80,80,77,51,57,57,57,31,68,80,80,80,34],"gold":34,"neow_bonus":"THREE_ENEMY_KILL","is_daily":false,"chose_seed":false,"campfire_upgraded":3,"win_rate":0.0,"timestamp":1610412495,"path_taken":["M","?","?","$","?","E","R","?","T","E","?","?","M","?","R","BOSS","M","M","$","M","?","R","M","?","T","E","R","M","$","?","R","BOSS","M","?","$","?","M","R","M","R","T","M","?","E","M","$","R","BOSS","R","$","E","BOSS"],"items_purchased_type":["Relic","Relic","Card","Card","Relic","Card","Card","Card","Relic","Relic","Relic","Relic","Relic","Potion"],"build_version":"2020-12-22","purchased_purges":3,"victory":true,"max_hp_per_floor":[70,70,70,70,70,80,80,80,80,80,80,80,80,80,80,80,80,80,80,80,80,80,80,80,80,80,80,80,80,80,80,80,80,80,80,80,80,80,80,80,80,80,80,80,80,80,80,80,80,80,80,80,80,80,80],"card_choices":[{"not_picked":["Caltrops","Flying Knee"],"picked":"Draining Mist","floor":1.0},{"not_picked":["Acrobatics","Choke"],"picked":"Hidden Blade","floor":6.0},{"not_picked":["Bullet Time","Draining Mist"],"picked":"Finisher","floor":10.0},{"not_picked":["Quick Slash","Riddle With Holes","Catalyst"],"picked":"SKIP","floor":11.0},{"not_picked":["ReplayTheSpireMod:The Works","Backflip"],"picked":"Cloak And Dagger","floor":12.0},{"not_picked":["Deadly Poison","Replay:Poison Smokescreen"],"picked":"Cloak And Dagger","floor":13.0},{"not_picked":["Die Die Die","ReplayTheSpireMod:Necrosis"],"picked":"A Thousand Cuts","floor":16},{"not_picked":["Deadly Poison","Dagger Throw"],"picked":"Blade Dance","floor":18},{"not_picked":["Backflip+1","Fluid Movement"],"picked":"Calculated Gamble+1","floor":19},{"not_picked":["ReplayTheSpireMod:The Works+1","Glass Knife","Sneak Up"],"picked":"SKIP","floor":21},{"not_picked":["Hidden Blade","PiercingWail"],"picked":"Prepared","floor":22},{"not_picked":["Predator","Catalyst+1","Bane"],"picked":"SKIP","floor":24},{"not_picked":["Unload","Blur","Outmaneuver"],"picked":"SKIP","floor":27},{"not_picked":["ReplayTheSpireMod:Scrap Shanks","Bane+1","Quick Slash"],"picked":"SKIP","floor":29},{"not_picked":["Wraith Form v2","Envenom"],"picked":"After Image","floor":33},{"not_picked":["Backflip+1","PiercingWail","Sucker Punch+1"],"picked":"SKIP","floor":35},{"not_picked":["Poisoned Stab","Acrobatics"],"picked":"Blade Dance","floor":39},{"not_picked":["Heel Hook","Sucker Punch","Bane"],"picked":"SKIP","floor":41},{"not_picked":["Venomology","Deadly Poison","Quick Slash+1"],"picked":"SKIP","floor":44},{"not_picked":["Atom Bomb","Deflect","Caltrops+1"],"picked":"SKIP","floor":46},{"not_picked":["Dagger Throw+1","Poisoned Stab+1"],"picked":"Prepared+1","floor":47},{"not_picked":["Backflip","Toxin Wave+1","Bane+1"],"picked":"SKIP","floor":47},{"not_picked":["After Image","Footwork+1","Dodge and Roll"],"picked":"SKIP","floor":54}],"player_experience":535969,"relics_obtained":[{"floor":6.0,"key":"Pear"},{"floor":9.0,"key":"Torii"},{"floor":10.0,"key":"Ancient Tea Set"},{"floor":12.0,"key":"Odd Mushroom"},{"floor":26,"key":"Anchor"},{"floor":27,"key":"Mummified Hand"},{"floor":31,"key":"Basket Of Snakes"},{"floor":31,"key":"Replay:WaspNest"},{"floor":38,"key":"Ring of Fangs"},{"floor":38,"key":"Ring of Misfortune"},{"floor":45,"key":"Prayer Wheel"},{"floor":46,"key":"Letter Opener"},{"floor":54,"key":"Gremlin Food"}],"event_choices":[{"damage_healed":0.0,"max_hp_gain":0.0,"max_hp_loss":0.0,"gold_gain":175.0,"event_name":"Liars Game","player_choice":"AGREE","floor":2.0,"gold_loss":0.0,"damage_taken":0.0,"cards_obtained":["Doubt"]},{"damage_healed":0.0,"max_hp_gain":0.0,"max_hp_loss":0.0,"gold_gain":75.0,"event_name":"World of Goop","player_choice":"Gather Gold","floor":3.0,"gold_loss":0.0,"damage_taken":11.0},{"damage_healed":0.0,"max_hp_gain":0.0,"max_hp_loss":0.0,"gold_gain":0.0,"event_name":"Golden Idol","player_choice":"Take Wound","floor":5.0,"gold_loss":0.0,"damage_taken":0.0,"relics_obtained":["Golden Idol"],"cards_obtained":["Injury"]},{"damage_healed":0.0,"max_hp_gain":0.0,"max_hp_loss":0.0,"gold_gain":0.0,"event_name":"FaceTrader","player_choice":"Trade","floor":8.0,"gold_loss":0.0,"damage_taken":0.0,"relics_obtained":["CultistMask"]},{"damage_healed":0.0,"max_hp_gain":0.0,"max_hp_loss":0.0,"gold_gain":0.0,"event_name":"Mushrooms","player_choice":"Fought Mushrooms","floor":12.0,"gold_loss":0.0,"damage_taken":0.0},{"damage_healed":0,"gold_gain":0,"player_choice":"Fight","damage_taken":0,"max_hp_gain":0,"max_hp_loss":0,"event_name":"Colosseum","floor":31,"gold_loss":0},{"damage_healed":0,"gold_gain":0,"player_choice":"Fought Nobs","damage_taken":0,"max_hp_gain":0,"max_hp_loss":0,"event_name":"Colosseum","floor":31,"gold_loss":0},{"cards_removed":["Strike_G"],"damage_healed":0,"gold_gain":0,"player_choice":"Removed Attack","damage_taken":0,"max_hp_gain":0,"max_hp_loss":0,"event_name":"Falling","floor":36,"gold_loss":0},{"damage_healed":0,"gold_gain":0,"player_choice":"Fight","damage_taken":0,"max_hp_gain":0,"max_hp_loss":0,"event_name":"MindBloom","floor":45,"gold_loss":0}],"is_beta":false,"boss_relics":[{"not_picked":["Empty Cage","Snecko Eye"],"picked":"Replay:Bronze Core"},{"not_picked":["Astrolabe","Fusion Hammer"],"picked":"SlaversCollar"}],"items_purged_floors":[4,14,25],"is_endless":false,"potions_floor_spawned":[1,12,16,19,21,24,29,33,35,41,45,54],"ascension_level":11}}