{"host":"qkbnayyek6fga752","time":1610424459,"event":{"mods":["2.2 Compatiblity","Aspiration","Astrologer","BaseMod","Beaked The Cultist","Better Altar","Better Match","Better Note","Better Sensory Stone","Better Skull","Better Third Choice","CCEM","CapriCore","ChefMod","Clockwork Mod","Conspire","Ekko","Energized Spire","Evolution","Glutton Mod","Hermit","Hubris","Humility","Jedi Mod","Koishi","Mad Scientist","Marisa????????","Minty Spire (QoL Compilation)","Quarter Circle Forward PUNCH!","Random Character Mod","Replay The Spire","Robot Space Explorer","SIMod","Spicy Shops","StSLib","The Administrix","The Alterego","The Blackbeard","The Blue Laboratory","The Bug Knight","The Construct","The Cursed","The Death Knight","The Disciple","The Druid","The Edgeheg","The Exalted","The Forsaken","The Gatherer","The Hayseed","The Hierophant","The Immortal","The Juggle","The Marked","The Necromancer","The Problem Sleuth","The Runesmith","The Sage","The Senshi","The Vixen","TheArtist","TheBandit","TheFirefly","TheLocksmith","TheSwordswoman","TheVacant","TheVelvet","Trackpad","Wandering Minibosses","Yuri Mod","thorton","vexMod","??????REMEMod"],"gold_per_floor":[117,117,135,148,163,163,196,196,273,273,298,347,347,347],"floor_reached":13,"playtime":826,"items_purged":[],"score":93,"play_id":"00b27908-eaf9-4870-bb9c-c596700d5912","local_time":"20210111230739","daily_mods":["SealedDeck","Heirloom","DeadlyEvents","Elite Swarm","Uncertain Future"],"is_ascension_mode":false,"campfire_choices":[{"data":"artistmod:ReddeningRampage","floor":6,"key":"SMITH"},{"data":"ReplayRNGCard","floor":8,"key":"SMITH"}],"circlet_count":0,"master_deck":["ReplayRNGCard+1","artistmod:MeanMagenta","artistmod:ArdentAqua","artistmod:SweepingSadness","artistmod:BrownBrush","artistmod:GreenGreed","artistmod:ColorCopy+1","artistmod:IchorInk","artistmod:PaintballPelt","artistmod:ReddeningRampage+1","artistmod:IchorInk","artistmod:ColorCopy","artistmod:GreenGreed","vexMod:UltimateCard"],"relics":["artistmod:BlueBrush","EVO:Axolotl","REME_ComplimentaryCards","CCEMRelics:OrganicArmor","qcfpunch:Wild_Herbs_Ointment","Meat on the Bone","PrismaticShard","vexMod:FocusSash","trackpad:WritersBlock"],"acts_visited":["Exordium"],"potions_floor_usage":[],"damage_taken":[{"damage":0,"enemies":"2 Louse","floor":1,"turns":5},{"damage":2,"enemies":"Small Slimes","floor":3,"turns":4},{"damage":24,"enemies":"Jaw Worm","floor":4,"turns":3},{"damage":15,"enemies":"3 Louse","floor":5,"turns":4},{"damage":4,"enemies":"Lagavulin","floor":7,"turns":5},{"damage":24,"enemies":"Gremlin Nob","floor":11,"turns":3},{"damage":18,"enemies":"3 Sentries","floor":13,"turns":1}],"seed_played":"8110186261469037086","potions_obtained":[],"is_trial":true,"path_per_floor":["M","?","M","M","M","R","E","R","T","?","E","T","E"],"character_chosen":"THE_ARTIST","items_purchased":[],"campfire_rested":0,"item_purchase_floors":[],"current_hp_per_floor":[71,71,69,45,30,30,26,26,26,26,14,14,0,0],"gold":347,"neow_bonus":"","is_daily":false,"chose_seed":false,"campfire_upgraded":2,"win_rate":0.0,"timestamp":1610424459,"path_taken":["M","?","M","M","M","R","E","R","T","?","E","?","E"],"items_purchased_type":[],"build_version":"2020-12-22","purchased_purges":0,"victory":false,"max_hp_per_floor":[71,71,71,71,71,71,71,71,71,71,71,71,71,71],"card_choices":[{"not_picked":["artistmod:AquaAnnoyance","artistmod:CrushingCanvas","artistmod:ChromaCrash"],"picked":"SKIP","floor":1},{"not_picked":["artistmod:ColorfulClobber","artistmod:AquaAnnoyance"],"picked":"artistmod:ColorCopy","floor":3},{"not_picked":["artistmod:YellowYearning","artistmod:ChromaCrash","artistmod:MagentaMadness"],"picked":"SKIP","floor":4},{"not_picked":["artistmod:RainbowReality","artistmod:BanefulBucket"],"picked":"artistmod:GreenGreed","floor":5},{"not_picked":["artistmod:MagentaMist","artistmod:MysteriousMasterpiece","artistmod:GloriousGallery"],"picked":"SKIP","floor":7},{"not_picked":["alterego_mod:Venus","astrologer:TheWorld","Echonomics"],"picked":"SKIP","floor":11}],"player_experience":384685,"relics_obtained":[{"floor":7,"key":"qcfpunch:Wild_Herbs_Ointment"},{"floor":9,"key":"Meat on the Bone"},{"floor":11,"key":"vexMod:FocusSash"},{"floor":12,"key":"trackpad:WritersBlock"}],"event_choices":[],"is_beta":false,"boss_relics":[],"items_purged_floors":[],"is_endless":false,"potions_floor_spawned":[],"killed_by":"3 Sentries","ascension_level":0}}