{"host":"ol0f4tyr76rw3w99","time":1610463392,"event":{"mods":["AchievementEnabler","BaseMod","Minty Spire (QoL Compilation)"],"gold_per_floor":[118,14,27,27,46,77,77,90,114,141,159,159,187,199,199,299,299,314,48,48,67,83,83,83],"floor_reached":23,"playtime":1011,"items_purged":[],"score":234,"play_id":"c2ad0efb-28fe-409c-9319-9741ad7304d7","local_time":"20210112225632","is_ascension_mode":true,"campfire_choices":[{"data":"Coolheaded","floor":7.0,"key":"SMITH"},{"floor":15.0,"key":"REST"}],"circlet_count":0,"master_deck":["Strike_B","Strike_B","Defend_B","Defend_B","Defend_B","Defend_B","Zap","Dualcast","Coolheaded+1","Barrage","Leap","Barrage","Leap","Conserve Battery","Cold Snap","Core Surge","Rebound+1","Doom and Gloom+1","Thunder Strike+1","Sunder","Streamline","Blizzard","Pain","Compile Driver","Hologram+1"],"relics":["Cracked Core","NeowsBlessing","Anchor","Bronze Scales","Orichalcum","Potion Belt","Astrolabe","Sling","WarpedTongs"],"acts_visited":[],"potions_floor_usage":[],"damage_taken":[{"damage":0.0,"enemies":"Jaw Worm","floor":1.0,"turns":1.0},{"damage":0.0,"enemies":"Cultist","floor":3.0,"turns":1.0},{"damage":0.0,"enemies":"Small Slimes","floor":5.0,"turns":1.0},{"damage":24.0,"enemies":"Lagavulin","floor":6.0,"turns":6.0},{"damage":9.0,"enemies":"Exordium Thugs","floor":8.0,"turns":5.0},{"damage":28.0,"enemies":"Gremlin Nob","floor":10.0,"turns":4.0},{"damage":0.0,"enemies":"Blue Slaver","floor":11.0,"turns":3.0},{"damage":20.0,"enemies":"3 Sentries","floor":13.0,"turns":9.0},{"damage":3.0,"enemies":"Looter","floor":14.0,"turns":3.0},{"damage":32.0,"enemies":"Hexaghost","floor":16.0,"turns":11.0},{"damage":0.0,"enemies":"Chosen","floor":18.0,"turns":4.0},{"damage":23.0,"enemies":"2 Thieves","floor":21.0,"turns":4.0},{"damage":39.0,"enemies":"Shelled Parasite and Fungi","floor":22.0,"turns":6.0},{"damage":45,"enemies":"Gremlin Leader","floor":23,"turns":4}],"seed_played":"4010665433793549901","potions_obtained":[{"floor":1.0,"key":"Ancient Potion"},{"floor":11.0,"key":"Weak Potion"},{"floor":13.0,"key":"SteroidPotion"},{"floor":14.0,"key":"Ancient Potion"},{"floor":16.0,"key":"FairyPotion"}],"is_trial":false,"path_per_floor":["M","$","M","$","M","E","R","M","T","E","M","?","E","M","R","B",null,"M","$","?","M","M","E"],"character_chosen":"DEFECT","items_purchased":["FairyPotion","Sling","Streamline","Blizzard"],"campfire_rested":1,"item_purchase_floors":[2,19,19,19],"current_hp_per_floor":[75,75,75,75,75,51,51,42,42,14,14,14,21,18,40,8,75,75,75,75,52,13,0,0],"gold":83,"neow_bonus":"THREE_ENEMY_KILL","is_daily":false,"chose_seed":false,"campfire_upgraded":1,"win_rate":0.0,"timestamp":1610463392,"path_taken":["M","$","M","$","M","E","R","M","T","E","M","?","E","?","R","BOSS","M","$","?","M","?","E"],"items_purchased_type":["Potion","Relic","Card","Card"],"build_version":"2020-12-22","purchased_purges":0,"victory":false,"max_hp_per_floor":[75,75,75,75,75,75,75,75,75,75,75,75,75,75,75,75,75,75,75,75,75,75,75,75],"card_choices":[{"not_picked":["Sunder","White Noise"],"picked":"Coolheaded","floor":1.0},{"not_picked":["Hello World","Sweeping Beam","Steam Power"],"picked":"SKIP","floor":3.0},{"not_picked":["Static Discharge","Consume"],"picked":"Barrage","floor":5.0},{"not_picked":["Lockon","Sweeping Beam"],"picked":"Leap","floor":6.0},{"not_picked":["Scrape","Seek"],"picked":"Barrage","floor":8.0},{"not_picked":["Beam Cell","Coolheaded"],"picked":"Leap","floor":10.0},{"not_picked":["Coolheaded","Hologram"],"picked":"Conserve Battery","floor":11.0},{"not_picked":["Coolheaded","Reprogram"],"picked":"Storm","floor":13.0},{"not_picked":["Gash","Barrage"],"picked":"Cold Snap","floor":14.0},{"not_picked":["Thunder Strike","All For One"],"picked":"Core Surge","floor":16.0},{"not_picked":["Defragment","Genetic Algorithm+1"],"picked":"Sunder","floor":18.0},{"not_picked":["Rebound","Hologram"],"picked":"Compile Driver","floor":21.0},{"not_picked":["Storm","Rebound+1"],"picked":"Hologram+1","floor":22.0}],"player_experience":308080,"relics_obtained":[{"floor":6.0,"key":"Anchor"},{"floor":9.0,"key":"Bronze Scales"},{"floor":10.0,"key":"Orichalcum"},{"floor":13.0,"key":"Potion Belt"}],"event_choices":[{"damage_healed":0.0,"max_hp_gain":0.0,"max_hp_loss":0.0,"gold_gain":0.0,"event_name":"The Woman in Blue","player_choice":"Bought 0 Potions","floor":12.0,"gold_loss":0.0,"damage_taken":0.0},{"damage_healed":0.0,"max_hp_gain":0.0,"max_hp_loss":0.0,"gold_gain":0.0,"event_name":"Accursed Blacksmith","player_choice":"Rummage","floor":20.0,"gold_loss":0.0,"damage_taken":0.0,"relics_obtained":["WarpedTongs"],"cards_obtained":["Pain"]}],"is_beta":false,"boss_relics":[{"not_picked":["SacredBark","Black Star"],"picked":"Astrolabe"}],"items_purged_floors":[],"is_endless":false,"potions_floor_spawned":[1,11,13,14,16,18],"killed_by":"Gremlin Leader","ascension_level":2}}