{"host":"axuns55dzq466eei","time":1610458312,"event":{"mods":["BaseMod","Colored Map","Keyboard Shortcuts","Minty Spire (QoL Compilation)","StSLib","SuperFastMode"],"gold_per_floor":[113,123,142,161,161,193,193,211,211,211,211,231,231,281,281,360,360,374,78,78,78,95,95,95],"floor_reached":23,"playtime":418,"items_purged":["Thunder Strike"],"score":382,"play_id":"727a56a6-cdbb-4879-aeff-e60513b59c8a","local_time":"20210112223152","is_ascension_mode":true,"campfire_choices":[{"data":"Darkness","floor":7,"key":"SMITH"},{"floor":10,"key":"REST"},{"data":"Dualcast","floor":13,"key":"SMITH"},{"data":"Go for the Eyes","floor":15,"key":"SMITH"}],"circlet_count":0,"master_deck":["AscendersBane","Zap","Dualcast+1","Sweeping Beam","Darkness+1","Go for the Eyes+1","Coolheaded","Ball Lightning","Compile Driver","Rainbow","Defragment","Steam Power","Undo","Gash","Recycle","Rebound","Echo Form","Turbo","Redo+1","Reinforced Body"],"relics":["Cracked Core","NeowsBlessing","Pear","Shuriken","PreservedInsect","Pandora\u0027s Box","ClockworkSouvenir"],"acts_visited":["Exordium","TheCity"],"potions_floor_usage":[23,23],"damage_taken":[{"damage":0,"enemies":"Small Slimes","floor":1,"turns":1},{"damage":0,"enemies":"2 Louse","floor":2,"turns":1},{"damage":0,"enemies":"Cultist","floor":3,"turns":1},{"damage":9,"enemies":"Looter","floor":4,"turns":3},{"damage":42,"enemies":"Gremlin Nob","floor":6,"turns":5},{"damage":6,"enemies":"Lots of Slimes","floor":8,"turns":3},{"damage":7,"enemies":"Large Slime","floor":12,"turns":5},{"damage":22,"enemies":"Hexaghost","floor":16,"turns":9},{"damage":23,"enemies":"2 Thieves","floor":18,"turns":3},{"damage":20,"enemies":"3 Byrds","floor":22,"turns":4},{"damage":33,"enemies":"Slavers","floor":23,"turns":3}],"seed_played":"-2418109950626508275","potions_obtained":[{"floor":1,"key":"Swift Potion"},{"floor":2,"key":"SneckoOil"}],"is_trial":false,"path_per_floor":["M","M","M","M","?","E","R","M","T","R","?","M","R","?","R","B",null,"M","$","?","?","M","E"],"character_chosen":"DEFECT","items_purchased":["ClockworkSouvenir","Redo"],"campfire_rested":1,"item_purchase_floors":[19,19],"current_hp_per_floor":[64,64,64,55,60,28,28,22,22,47,42,35,35,35,35,13,68,45,45,45,45,25,0,0],"gold":95,"neow_bonus":"THREE_ENEMY_KILL","is_daily":false,"chose_seed":false,"campfire_upgraded":3,"win_rate":0.0,"timestamp":1610458312,"path_taken":["M","M","M","M","?","E","R","M","T","R","?","M","R","?","R","BOSS","M","?","?","?","?","E"],"items_purchased_type":["Relic","Card"],"build_version":"2020-12-22","purchased_purges":1,"victory":false,"max_hp_per_floor":[71,71,71,71,76,86,86,86,86,86,86,86,86,86,86,86,86,86,86,86,86,86,86,86],"card_choices":[{"not_picked":["Tempest","Gash"],"picked":"Sweeping Beam","floor":1},{"not_picked":["Self Repair","Scrape"],"picked":"Darkness","floor":2},{"not_picked":["Turbo","Streamline"],"picked":"Go for the Eyes","floor":3},{"not_picked":["Force Field","Chaos"],"picked":"Coolheaded","floor":4},{"not_picked":["Reinforced Body","Sunder"],"picked":"Ball Lightning","floor":6},{"not_picked":["Storm","Doom and Gloom"],"picked":"Compile Driver","floor":8},{"not_picked":["Coolheaded","Darkness","Steam"],"picked":"SKIP","floor":12},{"not_picked":["Biased Cognition","Buffer"],"picked":"Rainbow","floor":16},{"not_picked":["Gash","Aggregate"],"picked":"Turbo","floor":18},{"not_picked":["Cold Snap","Conserve Battery"],"picked":"Reinforced Body","floor":22}],"player_experience":1069879,"relics_obtained":[{"floor":6,"key":"Pear"},{"floor":9,"key":"Shuriken"}],"event_choices":[{"damage_healed":0,"gold_gain":0,"player_choice":"Donut","damage_taken":0,"max_hp_gain":5,"max_hp_loss":0,"event_name":"Big Fish","floor":5,"gold_loss":0},{"damage_healed":0,"gold_gain":0,"player_choice":"Success","damage_taken":5,"relics_obtained":["PreservedInsect"],"max_hp_gain":0,"max_hp_loss":0,"event_name":"Scrap Ooze","floor":11,"gold_loss":0},{"damage_healed":0,"gold_gain":50,"player_choice":"Pray","damage_taken":0,"max_hp_gain":0,"max_hp_loss":0,"event_name":"Golden Shrine","floor":14,"gold_loss":0},{"damage_healed":0,"gold_gain":0,"player_choice":"Ignored","damage_taken":0,"max_hp_gain":0,"max_hp_loss":0,"event_name":"Vampires","floor":20,"gold_loss":0},{"damage_healed":0,"gold_gain":0,"player_choice":"Upgraded","damage_taken":0,"max_hp_gain":0,"max_hp_loss":0,"event_name":"Upgrade Shrine","floor":21,"gold_loss":0,"cards_upgraded":["Redo"]}],"is_beta":false,"boss_relics":[{"not_picked":["Velvet Choker","Coffee Dripper"],"picked":"Pandora\u0027s Box"}],"items_purged_floors":[19],"is_endless":false,"potions_floor_spawned":[1,2,6,18],"killed_by":"Slavers","ascension_level":20}}