{"host":"Ruben","time":1610475084,"event":{"mods":["AchievementEnabler","Aspiration","BaseMod","Better Altar","Better Match","Better Note","Better Sensory Stone","Better Skull","Better Third Choice","BetterRewards","Colored Map","Conspire","Downfall","GifTheSpireLib","Highlight Path","Hubris","Mimic Mod","Minty Spire (QoL Compilation)","Permanent Neow","Replay The Spire","Shop Mod","Spicy Shops","StSLib","Stuff the Spire","everything is the same but u backflip on backflip","slay the spire mod where everything is the same but ironclad has a cowboy hat"],"gold_per_floor":[114,129,148,164,264,291,306,335,335,335,160,179,179,194,194,194,194],"floor_reached":16,"playtime":1530,"items_purged":["Strike_B","Strike_B"],"score":114,"play_id":"a40835a8-3a3d-4a10-9fde-654650e9d0c6","local_time":"20210112191124","is_ascension_mode":false,"campfire_choices":[{"data":"Streamline","floor":10,"key":"SMITH"},{"floor":13,"key":"REST"},{"floor":15,"key":"REST"}],"circlet_count":0,"master_deck":["Strike_B","Strike_B","Defend_B","Defend_B","Defend_B","Defend_B","Zap","Dualcast","Turbo","Genetic Algorithm","Leap","Streamline","Sweeping Beam","Storm","Streamline+1","Redo"],"relics":["Cracked Core","Oddly Smooth Stone","Replay:Wax Seal","aspiration:FetidBarrel"],"acts_visited":["Exordium"],"potions_floor_usage":[6,16,16],"damage_taken":[{"damage":0,"enemies":"Cultist","floor":1,"turns":4},{"damage":11,"enemies":"Jaw Worm","floor":2,"turns":5},{"damage":0,"enemies":"Small Slimes","floor":3,"turns":3},{"damage":1,"enemies":"Exordium Wildlife","floor":4,"turns":3},{"damage":9,"enemies":"Gremlin Nob","floor":6,"turns":4},{"damage":0,"enemies":"2 Fungi Beasts","floor":7,"turns":3},{"damage":14,"enemies":"Lagavulin","floor":8,"turns":8},{"damage":22,"enemies":"Gremlin Gang","floor":12,"turns":3},{"damage":21,"enemies":"Exordium Thugs","floor":14,"turns":5},{"damage":42,"enemies":"Fading Forest","floor":16,"turns":7}],"seed_played":"6239335994219920076","potions_obtained":[{"floor":2,"key":"Milkshake"},{"floor":7,"key":"Swift Potion"},{"floor":12,"key":"Explosive Potion"}],"is_trial":false,"path_per_floor":["M","M","M","M","?","E","M","E","T","R","$","M","R","M","R","B"],"character_chosen":"DEFECT","items_purchased":[],"campfire_rested":2,"item_purchase_floors":[],"current_hp_per_floor":[75,64,64,63,63,54,54,40,40,40,40,18,40,19,41,0,0],"gold":194,"neow_bonus":"THREE_CARDS","is_daily":false,"chose_seed":false,"campfire_upgraded":1,"win_rate":0.0,"timestamp":1610475084,"path_taken":["M","?","?","M","?","E","M","E","T","R","$","M","R","M","R","BOSS"],"items_purchased_type":[],"build_version":"2020-12-18","purchased_purges":2,"victory":false,"max_hp_per_floor":[75,75,75,75,75,75,75,75,75,75,75,75,75,75,75,75,75],"card_choices":[{"not_picked":["Stack","ReplayTheSpireMod:Reroute Power"],"picked":"Turbo","floor":0},{"not_picked":["StuffTheSpire:Plugnplay","Ball Lightning"],"picked":"Genetic Algorithm","floor":1},{"not_picked":["ReplayTheSpireMod:Reroute Power","Stack","Turbo"],"picked":"SKIP","floor":2},{"not_picked":["Steam","aspiration:Polymerization"],"picked":"Leap","floor":3},{"not_picked":["StuffTheSpire:ShieldGenerator","StuffTheSpire:SnapShoot"],"picked":"Streamline","floor":4},{"not_picked":["ReplayTheSpireMod:Reroute Power","Stack"],"picked":"Sweeping Beam","floor":6},{"not_picked":["Self Repair","hubris:Prefetch"],"picked":"Storm","floor":7},{"not_picked":["Go for the Eyes","Turbo"],"picked":"Streamline","floor":8},{"not_picked":["Conserve Battery","Thunder Strike"],"picked":"Redo","floor":12},{"not_picked":["ReplaySolidLightProjector","StuffTheSpire:Plugnplay","aspiration:Polymerization"],"picked":"SKIP","floor":14}],"player_experience":240761,"relics_obtained":[{"floor":6,"key":"Oddly Smooth Stone"},{"floor":8,"key":"Replay:Wax Seal"},{"floor":9,"key":"aspiration:FetidBarrel"}],"event_choices":[{"damage_healed":0,"gold_gain":100,"player_choice":"Pray","damage_taken":0,"max_hp_gain":0,"max_hp_loss":0,"event_name":"Golden Shrine","floor":5,"gold_loss":0}],"is_beta":true,"boss_relics":[],"items_purged_floors":[11,11],"is_endless":false,"potions_floor_spawned":[2,7,12],"killed_by":"Fading Forest","ascension_level":0}}