{"host":"i0xrm7p89v8es8ob","time":1610453670,"event":{"mods":["BaseMod","Lobotomy","LobotomyExtend","Minty Spire (QoL Compilation)","Quick Restart","Relic Stats","Replay The Spire","Robot Space Explorer","Spicy Shops","StSLib","vexMod","¡¾ÒÅÎï¿¨ÅÆ¡¿REMEMod"],"gold_per_floor":[119,135,135,152,168,168,202,202,202,45,62,72,54,54,54,149,149,168,187,187,203,203,233,233,173,173,193,261,337,31,31,31,128,128,148,148],"floor_reached":35,"playtime":3293,"items_purged":["QueenBee"],"score":496,"play_id":"20e5c2d1-613b-48db-90be-0145146f71a8","local_time":"20210112201430","is_ascension_mode":true,"campfire_choices":[{"data":"Poisoned Stab","floor":6,"key":"SMITH"},{"data":"Slice","floor":8,"key":"SMITH"},{"floor":15,"key":"DIG"},{"floor":24,"key":"REST"},{"floor":32,"key":"REST"}],"circlet_count":0,"master_deck":["Strike_G","Strike_G","Strike_G","Defend_G","Defend_G","Defend_G","Defend_G","Survivor","Neutralize","Slice+1","UniverseFragment","Deadly Poison","MHz","Acrobatics","Poisoned Stab+1","BeautyBeast","Outmaneuver","Die Die Die","PunishingBird","Flechettes","ShyLook","Midas Touch","Venomology","Deflect+1","Slice","ReplayTheSpireMod:Shiv Toss","Replay:Parry","Bane","Dagger Throw+1","Blade Dance","Jack Of All Trades","Acrobatics","Noxious Fumes","Eviscerate","ReplayUltimateDefense","Decay","Pot Of Greed","Pot Of Greed","Pot Of Greed","Pot Of Greed","Noxious Fumes","Tactician+1","PiercingWail","HandOfGreed","FieryBird","Dagger Throw","Caltrops+1","ReplayTheSpireMod:Tripwire+1","Replay:Bootleg Shield Generator","SilentOrchestra","Crow Ritual","Pot Of Greed","OSAHOGD","Fluid Movement","RitualDagger","Doppelganger","Malaise","Night Terror","Specialist","Laetitia"],"relics":["Ring of the Snake","REME_ComplimentaryCards","CogitoBucket","LetterFromLob","vexMod:ScavengeHelm","Replay:Bottled Snecko","REME_HandOfSuture","REME_IWantAll","REME_LowDesire","vexMod:MemoryStick","Blue Doll","Grinning Jar","ReplayTheSpireMod:Ninjato","Pantograph","Snake Skull"],"acts_visited":["Exordium","TheCity","TheBeyond"],"potions_floor_usage":[7,7,16,19,21,21,23,23,28,33,35,35,35,35],"damage_taken":[{"damage":5,"enemies":"Jaw Worm","floor":1,"turns":5},{"damage":1,"enemies":"Cultist","floor":2,"turns":4},{"damage":2,"enemies":"2 Louse","floor":4,"turns":2},{"damage":2,"enemies":"Blue Slaver","floor":5,"turns":4},{"damage":6,"enemies":"Gremlin Nob","floor":7,"turns":4},{"damage":12,"enemies":"Large Slime","floor":11,"turns":3},{"damage":0,"enemies":"2 Fungi Beasts","floor":12,"turns":1},{"damage":56,"enemies":"Fading Forest","floor":16,"turns":11},{"damage":13,"enemies":"3 Byrds","floor":18,"turns":4},{"damage":19,"enemies":"Spheric Guardian","floor":19,"turns":5},{"damage":9,"enemies":"Snecko","floor":21,"turns":5},{"damage":22,"enemies":"Book of Stabbing","floor":23,"turns":6},{"damage":24,"enemies":"Cultist and Chosen","floor":27,"turns":6},{"damage":16,"enemies":"Shelled Parasite and Fungi","floor":28,"turns":4},{"damage":66,"enemies":"Automaton","floor":33,"turns":8},{"damage":140,"enemies":"Orb Walker","floor":35,"turns":6}],"seed_played":"6511055887680662492","potions_obtained":[{"floor":1,"key":"Death Potion"},{"floor":4,"key":"SpeedPotion"},{"floor":7,"key":"REME_GoldPotion"},{"floor":16,"key":"Dexterity Potion"},{"floor":19,"key":"SkillPotion"},{"floor":21,"key":"Weak Potion"},{"floor":27,"key":"REME_GoldPotion"},{"floor":28,"key":"GamblersBrew"}],"is_trial":false,"path_per_floor":["M","M","?","M","M","R","E","R","T","$","M","M","$","?","R","B",null,"M","M","?","M","?","E","R","?","T","M","M","T","$","?","R","B",null,"M"],"character_chosen":"THE_SILENT","items_purchased":["REME_HandOfSuture","Midas Touch","Snake Skull","Fluid Movement"],"campfire_rested":2,"item_purchase_floors":[10,13,30,30],"current_hp_per_floor":[65,64,64,62,60,60,54,54,54,54,42,42,42,42,42,4,70,62,47,47,42,42,38,63,63,63,49,35,35,35,29,56,24,94,0,0],"gold":148,"neow_bonus":"","is_daily":false,"chose_seed":false,"campfire_upgraded":2,"win_rate":0.0,"timestamp":1610453670,"path_taken":["M","M","?","M","?","R","E","R","T","$","M","M","?","?","R","BOSS","M","M","?","M","?","E","R","?","T","?","?","?","?","?","R","BOSS","M"],"items_purchased_type":["Relic","Card","Relic","Card"],"build_version":"2020-12-22","purchased_purges":1,"victory":false,"max_hp_per_floor":[70,70,70,70,70,70,70,70,70,70,70,70,70,70,70,70,70,74,78,78,82,82,86,86,86,86,90,90,90,90,90,90,94,94,94,94],"relic_stats":{"counters":[19,81],"Pantograph":25,"Snake Skull":[18],"obtain_stats":[{"vexMod:MemoryStick":17,"ReplayTheSpireMod:Ninjato":26,"vexMod:ScavengeHelm":7,"Blue Doll":17,"Snake Skull":30,"REME_IWantAll":15,"CogitoBucket":0,"Pantograph":29,"REME_HandOfSuture":10,"LetterFromLob":1,"Replay:Bottled Snecko":9,"REME_LowDesire":17,"Grinning Jar":23,"Ring of the Snake":0,"REME_ComplimentaryCards":0},{"vexMod:MemoryStick":9,"ReplayTheSpireMod:Ninjato":14,"vexMod:ScavengeHelm":5,"Blue Doll":9,"Snake Skull":16,"REME_IWantAll":8,"CogitoBucket":0,"Pantograph":16,"REME_HandOfSuture":5,"LetterFromLob":1,"Replay:Bottled Snecko":5,"REME_LowDesire":9,"Grinning Jar":14,"Ring of the Snake":0,"REME_ComplimentaryCards":0},{"vexMod:MemoryStick":35,"ReplayTheSpireMod:Ninjato":56,"vexMod:ScavengeHelm":19,"Blue Doll":35,"Snake Skull":66,"REME_IWantAll":24,"CogitoBucket":0,"Pantograph":66,"REME_HandOfSuture":19,"LetterFromLob":5,"Replay:Bottled Snecko":19,"REME_LowDesire":35,"Grinning Jar":56,"Ring of the Snake":0,"REME_ComplimentaryCards":0}],"Ring of the Snake":[38]},"card_choices":[{"not_picked":["Skewer","Sucker Punch"],"picked":"Slice","floor":1},{"not_picked":["OSAHOGD","Bloodbath"],"picked":"UniverseFragment","floor":1},{"not_picked":["Prepared","Crippling Poison"],"picked":"Deadly Poison","floor":2},{"not_picked":["WallGazer","ShyLook","FairyFestival"],"picked":"Singing Bowl","floor":2},{"not_picked":["OSAHOGD","CrumblingArmor"],"picked":"MHz","floor":2},{"not_picked":["Wraith Form v2","Choke"],"picked":"Acrobatics","floor":4},{"not_picked":["FieryBird","QueenOfHatred"],"picked":"Porccubus","floor":4},{"not_picked":["Dagger Throw","ReplayTheSpireMod:Speed Training"],"picked":"Poisoned Stab","floor":5},{"not_picked":["Scorched","Murderer"],"picked":"BeautyBeast","floor":5},{"not_picked":["Dagger Throw","ReplayTheSpireMod:The Works"],"picked":"Outmaneuver","floor":7},{"not_picked":["Woodsman","MeatLantern"],"picked":"QueenBee","floor":7},{"not_picked":["Fluid Movement","Outmaneuver"],"picked":"Die Die Die","floor":11},{"not_picked":["WallGazer","SpiderBud"],"picked":"PunishingBird","floor":11},{"not_picked":["Quick Slash","Outmaneuver"],"picked":"Flechettes","floor":12},{"not_picked":["Laetitia","Woodsman"],"picked":"ShyLook","floor":12},{"not_picked":["Wraith Form v2","Night Terror"],"picked":"Venomology","floor":16},{"not_picked":["Deflect+1","Slice","ReplayTheSpireMod:Shiv Toss","Replay:Parry"],"picked":"Singing Bowl","floor":18},{"not_picked":["Bane","Dagger Throw+1","Blade Dance","Jack Of All Trades"],"picked":"Singing Bowl","floor":19},{"not_picked":["Acrobatics","Noxious Fumes","Eviscerate","ReplayUltimateDefense"],"picked":"Singing Bowl","floor":21},{"not_picked":["Noxious Fumes","Tactician+1","PiercingWail","HandOfGreed"],"picked":"Singing Bowl","floor":23},{"not_picked":["VoidDream","BigBird"],"picked":"FieryBird","floor":23},{"not_picked":["Dagger Throw","Caltrops+1","ReplayTheSpireMod:Tripwire+1","Replay:Bootleg Shield Generator"],"picked":"Singing Bowl","floor":27},{"not_picked":["Scorched","CherryBlossoms"],"picked":"SilentOrchestra","floor":27},{"not_picked":["Slice","Sucker Punch+1","Dodge and Roll+1"],"picked":"Crow Ritual","floor":28},{"not_picked":["SpiderBud","BlackSwan"],"picked":"OSAHOGD","floor":28},{"not_picked":["Doppelganger","Malaise","Night Terror","Specialist"],"picked":"Singing Bowl","floor":33},{"not_picked":["WallGazer","LongBird"],"picked":"Laetitia","floor":33}],"player_experience":47122,"relics_obtained":[{"floor":1,"key":"LetterFromLob"},{"floor":7,"key":"vexMod:ScavengeHelm"},{"floor":9,"key":"Replay:Bottled Snecko"},{"floor":15,"key":"REME_IWantAll"},{"floor":17,"key":"vexMod:MemoryStick"},{"floor":17,"key":"Blue Doll"},{"floor":23,"key":"Grinning Jar"},{"floor":26,"key":"ReplayTheSpireMod:Ninjato"},{"floor":29,"key":"Pantograph"}],"event_choices":[{"cards_removed":["Strike_G"],"damage_healed":0,"gold_gain":0,"player_choice":"Offered Basic","damage_taken":0,"max_hp_gain":0,"max_hp_loss":0,"event_name":"Bonfire Elementals","floor":3,"gold_loss":0},{"cards_removed":["Porccubus"],"damage_healed":0,"gold_gain":0,"player_choice":"Elegance","damage_taken":0,"max_hp_gain":0,"max_hp_loss":0,"event_name":"Back to Basics","floor":20,"gold_loss":0},{"damage_healed":0,"gold_gain":0,"player_choice":"Smashed Altar","damage_taken":0,"max_hp_gain":0,"max_hp_loss":0,"event_name":"Forgotten Altar","floor":22,"gold_loss":0,"cards_obtained":["Decay"]},{"damage_healed":0,"gold_gain":0,"player_choice":"Joined the Cult","damage_taken":6,"max_hp_gain":0,"max_hp_loss":0,"event_name":"Nest","floor":31,"gold_loss":0,"cards_obtained":["RitualDagger"]}],"is_beta":false,"boss_relics":[{"not_picked":["Replay:Wanted Poster","vexMod:EndlessSickness"],"picked":"REME_LowDesire"},{"not_picked":["ReplayTheSpireMod:DimensionalGlitch","Fusion Hammer","Sozu"]}],"items_purged_floors":[30],"is_endless":false,"potions_floor_spawned":[1,4,7,16,19,21,27,28],"killed_by":"Orb Walker","ascension_level":1}}