{"host":"ELF","time":1610435612,"event":{"mods":["BaseMod","Minty Spire (QoL Compilation)"],"gold_per_floor":[112,112,34,34,34,60,71,83,106,106,126,201,351,376,376,452,452,471,361,375,385,85,85,9,42,95,18,18,18,18,35,35,35,35],"floor_reached":33,"playtime":4623,"items_purged":[],"score":577,"play_id":"158b397b-ee97-4b5c-ad7e-215a054044ba","local_time":"20210112011332","is_ascension_mode":true,"campfire_choices":[{"floor":10,"key":"REST"},{"floor":15,"key":"REST"},{"floor":23,"key":"REST"},{"floor":29,"key":"REST"},{"floor":32,"key":"REST"}],"circlet_count":0,"master_deck":["AscendersBane","Zap","Dualcast","Capacitor","Hologram","Cold Snap","Chill","Leap","BootSequence","Multi-Cast","Rebound","Go for the Eyes","Go for the Eyes","Ball Lightning","Sunder+1","Double Energy","Meteor Strike","Recycle","White Noise","Conserve Battery","Capacitor","Defragment","Steam","Core Surge","Force Field","Self Repair","Auto Shields"],"relics":["Cracked Core","NeowsBlessing","Vajra","Dead Branch","Ancient Tea Set","Blue Candle","Pandora\u0027s Box","Runic Capacitor","Lantern","Tiny Chest"],"acts_visited":["Exordium","TheCity"],"potions_floor_usage":[14,31],"damage_taken":[{"damage":0,"enemies":"Jaw Worm","floor":1,"turns":1},{"damage":0,"enemies":"Lagavulin","floor":6,"turns":1},{"damage":0,"enemies":"Small Slimes","floor":7,"turns":1},{"damage":0,"enemies":"Cultist","floor":8,"turns":3},{"damage":14,"enemies":"Red Slaver","floor":11,"turns":3},{"damage":5,"enemies":"3 Sentries","floor":14,"turns":7},{"damage":42,"enemies":"The Guardian","floor":16,"turns":12},{"damage":30,"enemies":"Chosen","floor":18,"turns":6},{"damage":10,"enemies":"Spheric Guardian","floor":20,"turns":3},{"damage":7,"enemies":"Shelled Parasite and Fungi","floor":21,"turns":4},{"damage":19,"enemies":"Book of Stabbing","floor":25,"turns":5},{"damage":1,"enemies":"Snecko","floor":31,"turns":9},{"damage":71,"enemies":"Collector","floor":33,"turns":8}],"seed_played":"2108241262840130679","potions_obtained":[{"floor":6,"key":"Explosive Potion"},{"floor":16,"key":"DuplicationPotion"},{"floor":21,"key":"SteroidPotion"},{"floor":25,"key":"Regen Potion"}],"is_trial":false,"path_per_floor":["M","?","$","?","$","E","M","M","T","R","M","?","?","E","R","B",null,"M","?","M","M","$","R","$","E","T","$","?","R","?","M","R","B"],"character_chosen":"DEFECT","items_purchased":["Capacitor","Runic Capacitor","Defragment","Steam","Core Surge","Self Repair"],"campfire_rested":5,"item_purchase_floors":[3,22,22,22,24,27],"current_hp_per_floor":[64,43,43,38,38,38,38,38,38,59,45,34,34,29,50,8,55,25,25,15,8,8,29,29,10,10,10,10,31,11,32,54,0,0],"gold":35,"neow_bonus":"THREE_ENEMY_KILL","is_daily":false,"chose_seed":false,"campfire_upgraded":0,"win_rate":0.0,"timestamp":1610435612,"path_taken":["M","?","$","?","$","E","M","M","T","R","M","?","?","E","R","BOSS","M","?","?","M","$","R","$","E","T","?","?","R","?","M","R","BOSS"],"items_purchased_type":["Card","Relic","Card","Card","Card","Card"],"build_version":"2020-12-18","purchased_purges":0,"victory":false,"max_hp_per_floor":[71,71,71,71,71,71,71,71,71,71,71,71,71,71,71,71,71,71,71,71,71,71,71,71,71,71,71,71,71,76,76,76,76,76],"card_choices":[{"not_picked":["Coolheaded","Heatsinks"],"picked":"Sunder","floor":1},{"not_picked":["Beam Cell","Scrape"],"picked":"Hologram","floor":6},{"not_picked":["Darkness","Rebound"],"picked":"Cold Snap","floor":7},{"not_picked":["Ball Lightning","Barrage"],"picked":"Chill","floor":8},{"not_picked":["Cold Snap","Aggregate"],"picked":"Leap","floor":11},{"not_picked":["Rip and Tear","Thunder Strike"],"picked":"BootSequence","floor":14},{"not_picked":["Reboot","Machine Learning"],"picked":"Multi-Cast","floor":16},{"not_picked":["Cold Snap","Steam"],"picked":"White Noise","floor":18},{"not_picked":["Blizzard","Rebound"],"picked":"Conserve Battery","floor":20},{"not_picked":["Hologram+1","Hello World"],"picked":"Capacitor","floor":21},{"not_picked":["Cold Snap","Heatsinks"],"picked":"Force Field","floor":25},{"not_picked":["Redo","Cold Snap"],"picked":"Auto Shields","floor":31}],"player_experience":3179626,"relics_obtained":[{"floor":6,"key":"Dead Branch"},{"floor":9,"key":"Ancient Tea Set"},{"floor":14,"key":"Blue Candle"},{"floor":25,"key":"Lantern"},{"floor":26,"key":"Tiny Chest"}],"event_choices":[{"damage_healed":0,"gold_gain":0,"player_choice":"Entered Light","damage_taken":21,"max_hp_gain":0,"max_hp_loss":0,"event_name":"Shining Light","floor":2,"gold_loss":0,"cards_upgraded":["Defend_B","Strike_B"]},{"damage_healed":0,"gold_gain":0,"player_choice":"Success","damage_taken":5,"relics_obtained":["Vajra"],"max_hp_gain":0,"max_hp_loss":0,"event_name":"Scrap Ooze","floor":4,"gold_loss":0},{"damage_healed":0,"gold_gain":75,"player_choice":"Gather Gold","damage_taken":11,"max_hp_gain":0,"max_hp_loss":0,"event_name":"World of Goop","floor":12,"gold_loss":0},{"damage_healed":0,"gold_gain":150,"player_choice":"AGREE","damage_taken":0,"max_hp_gain":0,"max_hp_loss":0,"event_name":"Liars Game","floor":13,"gold_loss":0,"cards_obtained":["Doubt"]},{"cards_removed":["Doubt"],"damage_healed":0,"gold_gain":0,"player_choice":"Upgrade and Remove","damage_taken":0,"max_hp_gain":0,"max_hp_loss":0,"event_name":"Designer","floor":19,"gold_loss":110,"cards_upgraded":["Sunder"]},{"cards_removed":["Sunder"],"damage_healed":0,"gold_gain":0,"player_choice":"Elegance","damage_taken":0,"max_hp_gain":0,"max_hp_loss":0,"event_name":"Back to Basics","floor":28,"gold_loss":0},{"damage_healed":0,"gold_gain":0,"player_choice":"Shed Blood","damage_taken":25,"max_hp_gain":5,"max_hp_loss":0,"event_name":"Forgotten Altar","floor":30,"gold_loss":0}],"is_beta":true,"boss_relics":[{"not_picked":["Cursed Key","Sozu"],"picked":"Pandora\u0027s Box"}],"items_purged_floors":[],"is_endless":false,"potions_floor_spawned":[6,16,21,25],"killed_by":"Collector","ascension_level":19}}