{"host":"z9grmtg2w0nmz8n1","time":1610434651,"event":{"mods":["Aspiration","Bard","BaseMod","Beaked The Cultist","Better Altar","Better Match","Better Note","Better Sensory Stone","Better Skull","Better Third Choice","BetterRewards","CCEM","Colored Map","Conspire","Downfall","GifTheSpireLib","Googly Eyes","Halation","Hermit","Highlight Path","Hubris","Hunter ??","Jedi Mod","Jorbs\u0027s Wanderer Trilogy","Mad Scientist","Marisa????????","Minty Spire (QoL Compilation)","Permanent Neow","Replay The Spire","Shade Mod","Shop Mod","Spicy Shops","StSLib","Stuff the Spire","The Bug Knight","The Construct","The Necromancer","The Runesmith","The Witch"],"gold_per_floor":[116,116,135,146,146,146,174,186,186,213,233,250,261,279,279,384,384,402,317,317,15,28,57,57,71,71,71,102,27,38,38,38],"floor_reached":31,"playtime":1637,"items_purged":["Strike_P","Strike_P","Strike_P","Strike_P"],"score":330,"play_id":"0f0f4b11-9c57-410c-9439-9dec559882d0","local_time":"20210112045731","is_ascension_mode":true,"campfire_choices":[{"floor":6,"key":"RECALL"},{"data":"ClearTheMind","floor":15,"key":"SMITH"},{"floor":24,"key":"REST"},{"floor":27,"key":"REST"}],"circlet_count":0,"master_deck":["Defend_P","Defend_P","Defend_P","Defend_P","Eruption","Vigilance","FlurryOfBlows","Evaluate","ClearTheMind+1","EmptyFist","FlyingSleeves","FlurryOfBlows","FollowUp","PathToVictory","PathToVictory","PathToVictory","FollowUp","FlurryOfBlows","EmptyFist","StuffTheSpire:BrainWave"],"relics":["PureWater","TeardropLocket","ReplayTheSpireMod:TigerMarble","Fusion Hammer","Du-Vu Doll","CCEMRelics:PorcelainBowl","hubris:FunFungus","Blue Doll","aspiration:DSix","hubris:GlazedTorus"],"acts_visited":["Exordium","TheCity"],"potions_floor_usage":[2,14,16,18],"damage_taken":[{"damage":0,"enemies":"Jaw Worm","floor":1,"turns":4},{"damage":1,"enemies":"Cultist","floor":3,"turns":4},{"damage":7,"enemies":"2 Louse","floor":4,"turns":4},{"damage":12,"enemies":"Gremlin Nob","floor":7,"turns":4},{"damage":0,"enemies":"Looter","floor":8,"turns":2},{"damage":25,"enemies":"Lagavulin","floor":10,"turns":7},{"damage":0,"enemies":"Gremlin Gang","floor":11,"turns":3},{"damage":0,"enemies":"Large Slime","floor":12,"turns":5},{"damage":0,"enemies":"Exordium Wildlife","floor":13,"turns":1},{"damage":0,"enemies":"Lots of Slimes","floor":14,"turns":2},{"damage":37,"enemies":"Fading Forest","floor":16,"turns":11},{"damage":20,"enemies":"Spheric Guardian","floor":18,"turns":4},{"damage":0,"enemies":"Shell Parasite","floor":22,"turns":2},{"damage":46,"enemies":"Slavers","floor":23,"turns":5},{"damage":34,"enemies":"Sentry and Sphere","floor":25,"turns":6},{"damage":0,"enemies":"Gremlin Leader","floor":28,"turns":4},{"damage":13,"enemies":"Snake Plant","floor":30,"turns":2},{"damage":27,"enemies":"Slavers","floor":31,"turns":1}],"seed_played":"2904498840205128763","potions_obtained":[{"floor":2,"key":"FairyPotion"},{"floor":2,"key":"EssenceOfSteel"},{"floor":2,"key":"Fruit Juice"},{"floor":4,"key":"Explosive Potion"},{"floor":8,"key":"DistilledChaos"},{"floor":16,"key":"Block Potion"},{"floor":23,"key":"StancePotion"},{"floor":28,"key":"jedi:wingpotion"},{"floor":30,"key":"SpeedPotion"}],"is_trial":false,"path_per_floor":["M","?","M","M","?","R","E","M","T","E","M","M","M","M","R","B",null,"M","?","$","$","M","E","R","M","T","R","E","?","M","E"],"character_chosen":"WATCHER","items_purchased":["CCEMRelics:PorcelainBowl","hubris:FunFungus"],"campfire_rested":2,"item_purchase_floors":[21,21],"current_hp_per_floor":[72,77,76,69,69,69,57,57,57,32,32,32,32,32,32,5,77,57,57,25,25,25,11,34,6,6,29,30,30,18,0,0],"gold":38,"neow_bonus":"THREE_CARDS","is_daily":false,"chose_seed":false,"campfire_upgraded":1,"win_rate":0.0,"timestamp":1610434651,"path_taken":["M","?","?","M","?","R","E","M","T","E","?","M","M","M","R","BOSS","M","?","?","$","M","E","R","?","T","R","E","?","M","E"],"items_purchased_type":["Relic","Relic"],"build_version":"2020-12-22","purchased_purges":4,"victory":false,"max_hp_per_floor":[72,77,77,77,77,77,77,77,77,77,77,77,77,77,77,77,77,77,77,77,77,77,77,77,77,77,77,77,77,77,77,77],"card_choices":[{"not_picked":["Evaluate","WreathOfFlame"],"picked":"FlurryOfBlows","floor":0},{"not_picked":["SashWhip","CrushJoints"],"picked":"Evaluate","floor":1},{"not_picked":["Protect","Consecrate"],"picked":"ClearTheMind","floor":3},{"not_picked":["Replay:ManipulateFuture","Vengeance"],"picked":"EmptyFist","floor":4},{"not_picked":["Replay:Cycle","ThirdEye"],"picked":"FlyingSleeves","floor":7},{"not_picked":["Protect","EmptyBody"],"picked":"FlurryOfBlows","floor":8},{"not_picked":["Replay:ManipulateFuture","Replay:AtTheReady"],"picked":"FollowUp","floor":10},{"not_picked":["Pray","Evaluate","SashWhip"],"picked":"SKIP","floor":11},{"not_picked":["Replay:Battleflow","DevaForm"],"picked":"PathToVictory","floor":12},{"not_picked":["WheelKick","EmptyBody"],"picked":"PathToVictory","floor":13},{"not_picked":["ThirdEye","CrushJoints"],"picked":"PathToVictory","floor":14},{"not_picked":["ClearTheMind","SashWhip+1"],"picked":"FollowUp","floor":18},{"not_picked":["FollowUp","Protect","Replay:DivineShield+1"],"picked":"SKIP","floor":22},{"not_picked":["Swivel+1","Collect","Weave"],"picked":"SKIP","floor":23},{"not_picked":["SashWhip","Vengeance"],"picked":"FlurryOfBlows","floor":25},{"not_picked":["EmptyBody","Ragnarok"],"picked":"EmptyFist","floor":28},{"not_picked":["BowlingBash+1","FollowUp+1","Tantrum+1"],"picked":"SKIP","floor":30}],"player_experience":850887,"relics_obtained":[{"floor":7,"key":"TeardropLocket"},{"floor":10,"key":"ReplayTheSpireMod:TigerMarble"},{"floor":23,"key":"Blue Doll"},{"floor":26,"key":"aspiration:DSix"},{"floor":28,"key":"hubris:GlazedTorus"}],"event_choices":[{"damage_healed":0,"gold_gain":0,"player_choice":"Got Potions","damage_taken":0,"max_hp_gain":0,"max_hp_loss":0,"event_name":"Lab","floor":2,"gold_loss":0},{"damage_healed":0,"gold_gain":1,"player_choice":"1","damage_taken":0,"max_hp_gain":0,"max_hp_loss":0,"event_name":"betterStone:BetterStone","floor":5,"gold_loss":0},{"damage_healed":0,"gold_gain":0,"player_choice":"Obtained Relic","damage_taken":0,"relics_obtained":["Du-Vu Doll"],"max_hp_gain":0,"max_hp_loss":0,"event_name":"Addict","floor":19,"gold_loss":85}],"is_beta":false,"boss_relics":[{"not_picked":["construct:ClawGrip","conspire:SeveredTorchhead"],"picked":"Fusion Hammer"}],"items_purged_floors":[20,20,20,20],"is_endless":false,"potions_floor_spawned":[4,7,8,12,13,16,23,28,30],"killed_by":"Slavers","ascension_level":1}}