{"host":"fs9fti79x98y0ceq","time":1610444503,"event":{"mods":["AchievementEnabler","BaseMod","Colored Map","Custom Start","DeckTracker","Hermit","KOR Keyword Fix","Minty Spire (QoL Compilation)","Relic Stats","StSLib","SuperFastMode","everything is the same but u backflip on backflip"],"gold_per_floor":[365,365,127,53,71,99,99,110,135,135,135,135,6,6,6,101,101,125,175,50,64,83,83,83],"floor_reached":23,"playtime":749,"items_purged":["Defend_G","Strike_G","Strike_G"],"score":337,"play_id":"95e85a31-272b-422d-ac60-e65274c1024b","local_time":"20210112184143","is_ascension_mode":true,"campfire_choices":[{"data":"Well Laid Plans","floor":7,"key":"SMITH"},{"data":"Neutralize","floor":11,"key":"SMITH"},{"data":"Poisoned Stab","floor":15,"key":"SMITH"}],"circlet_count":0,"master_deck":["AscendersBane","Strike_G","Strike_G","Strike_G","Defend_G","Defend_G","Defend_G","Defend_G+1","Survivor+1","Neutralize+1","Escape Plan","Well Laid Plans+1","Catalyst","Masterful Stab+1","Poisoned Stab+1","Corpse Explosion","Deadly Poison","Acrobatics"],"relics":["Ring of the Snake","Lee\u0027s Waffle","Tiny Chest","Calipers","Centennial Puzzle","Golden Idol","Oddly Smooth Stone","SacredBark"],"acts_visited":["Exordium","TheCity"],"potions_floor_usage":[16,16,23,23],"damage_taken":[{"damage":1,"enemies":"Jaw Worm","floor":1,"turns":8},{"damage":0,"enemies":"Cultist","floor":5,"turns":4},{"damage":46,"enemies":"3 Sentries","floor":6,"turns":17},{"damage":0,"enemies":"2 Louse","floor":8,"turns":3},{"damage":9,"enemies":"Hexaghost","floor":16,"turns":13},{"damage":0,"enemies":"3 Byrds","floor":18,"turns":2},{"damage":3,"enemies":"Shell Parasite","floor":21,"turns":5},{"damage":41,"enemies":"Shelled Parasite and Fungi","floor":22,"turns":5},{"damage":7,"enemies":"Slavers","floor":23,"turns":2}],"seed_played":"-3713863169713965192","potions_obtained":[{"floor":6,"key":"BlessingOfTheForge"},{"floor":8,"key":"Block Potion"},{"floor":16,"key":"SteroidPotion"},{"floor":18,"key":"Poison Potion"}],"is_trial":false,"path_per_floor":["M","?","$","?","M","E","R","M","T","?","R","?","$","T","R","B",null,"M","?","$","M","M","E"],"character_chosen":"THE_SILENT","items_purchased":["Lee\u0027s Waffle","Poisoned Stab"],"campfire_rested":0,"item_purchase_floors":[3,13],"current_hp_per_floor":[43,23,73,73,73,27,27,27,27,27,27,27,27,27,27,18,54,54,48,48,45,4,0,0],"gold":83,"neow_bonus":"TWO_FIFTY_GOLD","is_daily":false,"chose_seed":false,"campfire_upgraded":3,"win_rate":0.0,"timestamp":1610444503,"path_taken":["M","?","$","?","?","E","R","M","T","?","R","?","$","?","R","BOSS","M","?","$","?","M","E"],"items_purchased_type":["Relic","Card"],"build_version":"2020-12-22","purchased_purges":3,"victory":false,"max_hp_per_floor":[66,66,73,73,73,73,73,73,73,66,66,66,66,66,66,66,66,66,66,66,66,66,66,66],"relic_stats":{"Lee\u0027s Waffle":50,"Centennial Puzzle":[9],"counters":[9,59],"Golden Idol":31,"Tiny Chest":1,"obtain_stats":[{"Lee\u0027s Waffle":3,"Centennial Puzzle":9,"Calipers":6,"Golden Idol":10,"SacredBark":17,"Oddly Smooth Stone":14,"Tiny Chest":4,"Ring of the Snake":0},{"Lee\u0027s Waffle":1,"Centennial Puzzle":4,"Calipers":3,"Golden Idol":4,"SacredBark":5,"Oddly Smooth Stone":4,"Tiny Chest":1,"Ring of the Snake":0},{"Lee\u0027s Waffle":8,"Centennial Puzzle":32,"Calipers":29,"Golden Idol":32,"SacredBark":45,"Oddly Smooth Stone":32,"Tiny Chest":8,"Ring of the Snake":0}],"Ring of the Snake":[18]},"card_choices":[{"not_picked":["Flying Knee","Cloak And Dagger"],"picked":"Escape Plan","floor":1},{"not_picked":["Outmaneuver","Bane"],"picked":"Well Laid Plans","floor":5},{"not_picked":["Finisher","Flechettes"],"picked":"Catalyst","floor":6},{"not_picked":["Infinite Blades","Underhanded Strike"],"picked":"Masterful Stab","floor":8},{"not_picked":["Die Die Die","Malaise"],"picked":"Corpse Explosion","floor":16},{"not_picked":["Deflect","Prepared"],"picked":"Deadly Poison","floor":18},{"not_picked":["Backstab","Skewer","Flying Knee"],"picked":"SKIP","floor":21},{"not_picked":["Unload","Flechettes"],"picked":"Acrobatics","floor":22}],"player_experience":415920,"relics_obtained":[{"floor":6,"key":"Calipers"},{"floor":9,"key":"Centennial Puzzle"},{"floor":14,"key":"Oddly Smooth Stone"}],"event_choices":[{"damage_healed":0,"gold_gain":0,"player_choice":"Entered Light","damage_taken":20,"max_hp_gain":0,"max_hp_loss":0,"event_name":"Shining Light","floor":2,"gold_loss":0,"cards_upgraded":["Defend_G","Survivor"]},{"damage_healed":0,"gold_gain":0,"player_choice":"Paid Gold","damage_taken":0,"relics_obtained":["Tiny Chest"],"max_hp_gain":0,"max_hp_loss":0,"event_name":"WeMeetAgain","floor":4,"gold_loss":74},{"damage_healed":0,"gold_gain":0,"player_choice":"Lose Max HP","damage_taken":0,"relics_obtained":["Golden Idol"],"max_hp_gain":0,"max_hp_loss":7,"event_name":"Golden Idol","floor":10,"gold_loss":0},{"damage_healed":0,"gold_gain":0,"player_choice":"Upgraded","damage_taken":0,"max_hp_gain":0,"max_hp_loss":0,"event_name":"Upgrade Shrine","floor":12,"gold_loss":0,"cards_upgraded":["Masterful Stab"]},{"damage_healed":0,"gold_gain":50,"player_choice":"Touch","damage_taken":6,"max_hp_gain":0,"max_hp_loss":0,"event_name":"FaceTrader","floor":19,"gold_loss":0}],"is_beta":false,"boss_relics":[{"not_picked":["Calling Bell","WristBlade"],"picked":"SacredBark"}],"items_purged_floors":[3,13,20],"is_endless":false,"potions_floor_spawned":[6,8,16,18,21],"killed_by":"Slavers","ascension_level":16}}