{"host":"14y9n3v2xxmmniak","time":1610450094,"event":{"mods":["Bartender","BaseMod","Colored Map","Colored Powertips","Dark Map","Dio Mod","Ekko","Hero for Fun","Minty Spire (QoL Compilation)","Pikachu Mod","Rare Cards Sparkle","Relic Stats","SIMod","StSLib","The Bug Knight","The Exalted","The Forsaken","The IronCluck","The Saiyan","The Senshi","The Vixen","The Wild Card"],"gold_per_floor":[119,119,2,0,14,41,41,41,41,69,80,105,115,128,128,223,223,235,235,0,0,0,0,0,0],"floor_reached":24,"playtime":1347,"items_purged":[],"score":212,"play_id":"eb5cea42-2705-4bc8-81ce-542d08598a45","local_time":"20210112051454","is_ascension_mode":false,"campfire_choices":[{"floor":7.0,"key":"REST"},{"data":"Pikachu:Rage","floor":15.0,"key":"SMITH"},{"data":"Pikachu:ZapCannon","floor":23,"key":"SMITH"}],"circlet_count":0,"master_deck":["Pikachu:TailWhip","Pikachu:Growl","Pikachu:ElectroBall+1","Pikachu:Defend_Yellow","Pikachu:Defend_Yellow","Pikachu:Defend_Yellow","Pikachu:Flash","Pikachu:Thunderbolt+1","Pikachu:Agility","Pikachu:ZapCannon+1","Pikachu:Rage+1","Pikachu:Dig+1","Pikachu:Agility","Pikachu:Mega_Punch+1","Pikachu:Spark+1","Pikachu:QuickAttack+1","Pikachu:Rage+1","Pikachu:Metronome","Pikachu:Mega_Punch+1","Pikachu:ThunderPunch+1","Pikachu:Feint+1","Pikachu:ZapCannon","RitualDagger+1","Pikachu:Charge_Beam","Pikachu:Agility","Pikachu:LightScreen","Pikachu:Thunderbolt+1"],"relics":["Pikachu:LeftoversRelic","Molten Egg 2","Meat on the Bone","Anchor","Unceasing Top","Astrolabe"],"acts_visited":["Exordium","TheCity"],"potions_floor_usage":[],"damage_taken":[{"damage":8.0,"enemies":"Jaw Worm","floor":1.0,"turns":5.0},{"damage":0.0,"enemies":"Cultist","floor":5.0,"turns":4.0},{"damage":42.0,"enemies":"Gremlin Nob","floor":6.0,"turns":5.0},{"damage":13.0,"enemies":"HollowMod:MossKnight","floor":10.0,"turns":7.0},{"damage":8.0,"enemies":"Small Slimes","floor":11.0,"turns":4.0},{"damage":17.0,"enemies":"3 Sentries","floor":12.0,"turns":7.0},{"damage":0.0,"enemies":"2 Fungi Beasts","floor":13.0,"turns":2.0},{"damage":0.0,"enemies":"Exordium Wildlife","floor":14.0,"turns":3.0},{"damage":3.0,"enemies":"Hexaghost","floor":16.0,"turns":8.0},{"damage":44.0,"enemies":"Spheric Guardian","floor":18.0,"turns":6.0},{"damage":39,"enemies":"Gremlin Leader","floor":24,"turns":2}],"seed_played":"-1910725860529130962","potions_obtained":[{"floor":0.0,"key":"FearPotion"},{"floor":0.0,"key":"Fruit Juice"},{"floor":0.0,"key":"GamblersBrew"},{"floor":5.0,"key":"LiquidMemories"},{"floor":6.0,"key":"Ancient Potion"},{"floor":12.0,"key":"SneckoOil"},{"floor":13.0,"key":"Weak Potion"}],"is_trial":false,"path_per_floor":["M","?","$","?","M","E","R","?","T","E","M","E","M","M","R","B",null,"M","?","$","?","?","R","E"],"character_chosen":"THE_DEFAULT","items_purchased":["Pikachu:Agility","Pikachu:ZapCannon","Pikachu:Charge_Beam","Pikachu:Agility","Pikachu:LightScreen","Pikachu:Thunderbolt+1"],"campfire_rested":1,"item_purchase_floors":[3,3,20,20,20,20],"current_hp_per_floor":[67,67,67,67,69,29,51,36,36,37,43,40,42,44,44,43,75,43,37,37,37,37,37,0,0],"gold":0,"neow_bonus":"THREE_SMALL_POTIONS","is_daily":false,"chose_seed":false,"campfire_upgraded":2,"win_rate":0.0,"timestamp":1610450094,"path_taken":["M","?","?","?","M","E","R","?","T","E","M","E","M","M","R","BOSS","M","?","$","?","?","R","E"],"items_purchased_type":["Card","Card","Card","Card","Card","Card"],"build_version":"2020-12-22","purchased_purges":0,"victory":false,"max_hp_per_floor":[75,75,75,75,75,75,75,75,75,75,75,75,75,75,75,75,75,75,75,75,75,75,75,75,75],"relic_stats":{"counters":[11,53],"Astrolabe":["Pikachu:Mega_Punch","Pikachu:ThunderPunch","Pikachu:Feint"],"obtain_stats":[{"Anchor":10,"Astrolabe":17,"Molten Egg 2":6,"Pikachu:LeftoversRelic":0,"Unceasing Top":12,"Meat on the Bone":9},{"Anchor":4,"Astrolabe":9,"Molten Egg 2":3,"Pikachu:LeftoversRelic":0,"Unceasing Top":6,"Meat on the Bone":3},{"Anchor":21,"Astrolabe":45,"Molten Egg 2":14,"Pikachu:LeftoversRelic":0,"Unceasing Top":32,"Meat on the Bone":14}],"Unceasing Top":[0],"Meat on the Bone":48},"card_choices":[{"not_picked":["Pikachu:Feint","Pikachu:WildCharge"],"picked":"Pikachu:Thunderbolt","floor":1.0},{"not_picked":["Pikachu:QuickAttack","Pikachu:Charge_Beam"],"picked":"Pikachu:Rage","floor":5.0},{"not_picked":["Pikachu:Spark+1","Pikachu:Double_Team"],"picked":"Pikachu:Dig+1","floor":6.0},{"not_picked":["Pikachu:LightScreen","Pikachu:Feint+1"],"picked":"Pikachu:Agility","floor":10.0},{"not_picked":["Pikachu:WildCharge+1","Pikachu:Swift+1"],"picked":"Pikachu:Mega_Punch+1","floor":11.0},{"not_picked":["Pikachu:Attract","Pikachu:Growl"],"picked":"Pikachu:Spark+1","floor":12.0},{"not_picked":["Pikachu:Slam+1","Pikachu:VoltSwitch"],"picked":"Pikachu:QuickAttack+1","floor":13.0},{"not_picked":["Pikachu:WildCharge+1","Pikachu:Iron_Tail+1"],"picked":"Pikachu:Rage","floor":14.0},{"not_picked":["Pikachu:Dig+1","Pikachu:Rest"],"picked":"Pikachu:Metronome","floor":16.0},{"not_picked":["Pikachu:PlayNice+1","Pikachu:VoltSwitch"],"picked":"Pikachu:ZapCannon","floor":18.0}],"player_experience":19604,"relics_obtained":[{"floor":6.0,"key":"Molten Egg 2"},{"floor":9.0,"key":"Meat on the Bone"},{"floor":10.0,"key":"Anchor"},{"floor":12.0,"key":"Unceasing Top"}],"event_choices":[{"damage_healed":0.0,"max_hp_gain":0.0,"max_hp_loss":0.0,"gold_gain":0.0,"event_name":"Accursed Blacksmith","player_choice":"Forge","floor":2.0,"gold_loss":0.0,"damage_taken":0.0,"cards_upgraded":["Pikachu:ElectroBall"]},{"damage_healed":0.0,"max_hp_gain":0.0,"max_hp_loss":0.0,"gold_gain":0.0,"event_name":"World of Goop","player_choice":"Left Gold","floor":4.0,"gold_loss":2.0,"damage_taken":0.0},{"damage_healed":0.0,"max_hp_gain":0.0,"max_hp_loss":0.0,"gold_gain":0.0,"event_name":"Shining Light","player_choice":"Entered Light","floor":8.0,"gold_loss":0.0,"damage_taken":15.0,"cards_upgraded":["Pikachu:Thunderbolt","Pikachu:Rage"]},{"damage_healed":0.0,"max_hp_gain":0.0,"max_hp_loss":0.0,"gold_gain":0.0,"event_name":"Nest","player_choice":"Joined the Cult","floor":19.0,"gold_loss":0.0,"damage_taken":6.0,"cards_obtained":["RitualDagger"]},{"damage_healed":0.0,"max_hp_gain":0.0,"max_hp_loss":0.0,"gold_gain":0.0,"event_name":"Vampires","player_choice":"Ignored","floor":21.0,"gold_loss":0.0,"damage_taken":0.0}],"is_beta":false,"boss_relics":[{"not_picked":["Runic Dome","Snecko Eye"],"picked":"Astrolabe"}],"items_purged_floors":[],"is_endless":false,"potions_floor_spawned":[5,6,12,13,14],"killed_by":"Gremlin Leader","ascension_level":0}}