{"host":"mdbnki27vzqujy5q","time":1610434995,"event":{"mods":["BaseMod","Better Note","Better Skull","Colored Map","Colored Powertips","DeckTracker","Highlight Path","Minty Spire (QoL Compilation)","Quick Restart","Rare Cards Sparkle","StSLib"],"gold_per_floor":[109,126,126,13,13,13,38,55,80,111,13,13,13,13,13,144,144,162,162,185,185,185,185,203,221,221,255,255,287,287,202,202,307,307,321,321,335,335,349,349,384,384,384,416,469,486,500,43,43,43,43,43,43,73,73,73],"floor_reached":55,"playtime":2423,"items_purged":["Defend_B","Strike_B"],"score":831,"play_id":"065e5c47-e19b-43e6-98da-5e94f5736a15","local_time":"20210111230315","is_ascension_mode":true,"campfire_choices":[{"data":"Capacitor","floor":6.0,"key":"SMITH"},{"floor":13.0,"key":"REST"},{"data":"Gash","floor":15.0,"key":"SMITH"},{"data":"Storm","floor":23.0,"key":"SMITH"},{"data":"Go for the Eyes","floor":32.0,"key":"SMITH"},{"floor":40.0,"key":"RECALL"},{"data":"Streamline","floor":42.0,"key":"SMITH"},{"data":"Chaos","floor":49.0,"key":"SMITH"},{"data":"Leap","floor":52.0,"key":"SMITH"}],"circlet_count":0,"master_deck":["Strike_B","Defend_B","Zap+1","Dualcast","Gash+1","Rebound","Capacitor+1","Go for the Eyes+1","Storm+1","Streamline+1","Coolheaded","Electrodynamics","Cold Snap","Gash","Ball Lightning+1","Gash","Sweeping Beam+1","Multi-Cast","Storm+1","Chaos+1","Self Repair","Clumsy","Conserve Battery","Clumsy","Parasite","Gash+1","Thunder Strike","Leap+1","Redo"],"relics":["Cracked Core","Bag of Preparation","Omamori","Strawberry","Bloody Idol","Pantograph","Calling Bell","Orichalcum","Eternal Feather","Thread and Needle","HornCleat","Pear","Juzu Bracelet","Sundial","Cursed Key","Bottled Flame","Ornamental Fan","Ancient Tea Set","PreservedInsect","Du-Vu Doll","Bag of Marbles"],"acts_visited":["Exordium","TheCity","TheBeyond","TheEnding"],"potions_floor_usage":[],"damage_taken":[{"damage":8.0,"enemies":"Jaw Worm","floor":1.0,"turns":3.0},{"damage":1.0,"enemies":"Cultist","floor":2.0,"turns":3.0},{"damage":26.0,"enemies":"Lagavulin","floor":7.0,"turns":7.0},{"damage":5.0,"enemies":"2 Louse","floor":8.0,"turns":2.0},{"damage":16.0,"enemies":"Gremlin Nob","floor":10.0,"turns":4.0},{"damage":47.0,"enemies":"Hexaghost","floor":16.0,"turns":8.0},{"damage":12.0,"enemies":"Spheric Guardian","floor":18.0,"turns":4.0},{"damage":6.0,"enemies":"2 Thieves","floor":20.0,"turns":4.0},{"damage":8.0,"enemies":"Shelled Parasite and Fungi","floor":24.0,"turns":4.0},{"damage":0.0,"enemies":"Cultist and Chosen","floor":25.0,"turns":4.0},{"damage":2.0,"enemies":"Gremlin Leader","floor":27.0,"turns":4.0},{"damage":27.0,"enemies":"Slavers","floor":29.0,"turns":5.0},{"damage":57.0,"enemies":"Champ","floor":33.0,"turns":10.0},{"damage":7.0,"enemies":"3 Darklings","floor":35.0,"turns":4.0},{"damage":0.0,"enemies":"3 Shapes","floor":37.0,"turns":2.0},{"damage":9.0,"enemies":"3 Darklings","floor":39.0,"turns":3.0},{"damage":20.0,"enemies":"Reptomancer","floor":41.0,"turns":5.0},{"damage":16.0,"enemies":"Nemesis","floor":44.0,"turns":7.0},{"damage":3.0,"enemies":"Writhing Mass","floor":46.0,"turns":6.0},{"damage":58.0,"enemies":"Maw","floor":47.0,"turns":8.0},{"damage":43.0,"enemies":"Time Eater","floor":50.0,"turns":10.0},{"damage":0,"enemies":"Shield and Spear","floor":54,"turns":3},{"damage":93,"enemies":"The Heart","floor":55,"turns":5}],"seed_played":"8988813555510583432","potions_obtained":[{"floor":7.0,"key":"FearPotion"},{"floor":8.0,"key":"EntropicBrew"},{"floor":10.0,"key":"EssenceOfSteel"},{"floor":20.0,"key":"Explosive Potion"},{"floor":24.0,"key":"FocusPotion"},{"floor":27.0,"key":"FearPotion"},{"floor":39.0,"key":"FocusPotion"},{"floor":41.0,"key":"Weak Potion"},{"floor":44.0,"key":"SmokeBomb"}],"is_trial":false,"path_per_floor":["M","M","?","$","?","R","E","M","T","E","$","?","R","T","R","B",null,"M","?","M","?","?","R","M","M","T","E","?","E","?","?","R","B",null,"M","?","M","?","M","R","E","R","T","E","T","M","M","$","R","B",null,"R","$","E","B"],"character_chosen":"DEFECT","items_purchased":["Capacitor","Storm","Coolheaded","Du-Vu Doll","Leap"],"campfire_rested":1,"item_purchase_floors":[4,11,11,48,48],"current_hp_per_floor":[67,66,66,66,59,59,33,28,28,19,19,19,43,43,43,21,82,70,70,64,64,82,82,74,74,74,82,82,60,60,60,69,40,92,90,90,92,92,88,92,77,89,89,85,90,92,46,46,61,50,92,92,92,92,0,0],"gold":73,"neow_bonus":"REMOVE_CARD","is_daily":false,"chose_seed":false,"campfire_upgraded":7,"win_rate":0.0,"timestamp":1610434995,"path_taken":["M","M","?","?","?","R","E","M","T","E","$","?","R","?","R","BOSS","M","?","M","?","?","R","M","M","T","E","?","E","?","?","R","BOSS","M","?","M","?","M","R","E","R","T","E","?","M","M","$","R","BOSS","R","$","E","BOSS"],"items_purchased_type":["Card","Card","Card","Relic","Card"],"build_version":"2020-12-22","purchased_purges":2,"victory":false,"max_hp_per_floor":[75,75,75,75,75,75,75,75,75,82,82,82,82,82,82,82,82,82,82,82,82,82,82,82,82,82,92,92,92,92,92,92,92,92,92,92,92,92,92,92,92,92,92,92,92,92,92,92,92,92,92,92,92,92,92,92],"card_choices":[{"not_picked":["Barrage","Force Field","Steam Power"],"picked":"SKIP","floor":1.0},{"not_picked":["Leap","Multi-Cast"],"picked":"Gash","floor":2.0},{"not_picked":["Sunder","Turbo"],"picked":"Go for the Eyes","floor":7.0},{"not_picked":["Sunder","Rebound"],"picked":"Storm","floor":8.0},{"not_picked":["Auto Shields","Hologram"],"picked":"Streamline","floor":10.0},{"not_picked":["Multi-Cast","Buffer"],"picked":"Electrodynamics","floor":16.0},{"not_picked":["Turbo+1","Darkness"],"picked":"Cold Snap","floor":18.0},{"not_picked":["Conserve Battery","Stack"],"picked":"Gash","floor":20.0},{"not_picked":["Gash+1","Steam Power"],"picked":"Ball Lightning+1","floor":24.0},{"not_picked":["Meteor Strike","Streamline+1"],"picked":"Gash","floor":25.0},{"not_picked":["Tempest","Compile Driver","Lockon"],"picked":"SKIP","floor":27.0},{"not_picked":["Lockon","Hologram+1"],"picked":"Sweeping Beam+1","floor":29.0},{"not_picked":["Hyperbeam","Electrodynamics"],"picked":"Multi-Cast","floor":33.0},{"not_picked":["Compile Driver","Double Energy+1","Melter"],"picked":"SKIP","floor":35.0},{"not_picked":["Beam Cell+1","Ball Lightning+1"],"picked":"Storm+1","floor":37.0},{"not_picked":["Sunder","Undo"],"picked":"Chaos","floor":39.0},{"not_picked":["Steam","Fission"],"picked":"Self Repair","floor":41.0},{"not_picked":["Buffer","Steam"],"picked":"Conserve Battery","floor":44.0},{"not_picked":["Self Repair","Lockon"],"picked":"Gash+1","floor":46.0},{"not_picked":["Compile Driver","Aggregate"],"picked":"Thunder Strike","floor":47.0},{"not_picked":["Darkness","Double Energy+1"],"picked":"Redo","floor":54}],"player_experience":66008,"relics_obtained":[{"floor":7.0,"key":"Bag of Preparation"},{"floor":9.0,"key":"Omamori"},{"floor":10.0,"key":"Strawberry"},{"floor":14.0,"key":"Pantograph"},{"floor":17.0,"key":"Orichalcum"},{"floor":17.0,"key":"Eternal Feather"},{"floor":17.0,"key":"Thread and Needle"},{"floor":27.0,"key":"Pear"},{"floor":29.0,"key":"Juzu Bracelet"},{"floor":41.0,"key":"Bottled Flame"},{"floor":43.0,"key":"Ornamental Fan"},{"floor":44.0,"key":"Ancient Tea Set"},{"floor":45.0,"key":"PreservedInsect"},{"floor":54,"key":"Bag of Marbles"}],"event_choices":[{"damage_healed":0.0,"max_hp_gain":0.0,"max_hp_loss":0.0,"gold_gain":0.0,"cards_transformed":["Strike_B"],"event_name":"Transmorgrifier","player_choice":"Transformed","floor":3.0,"gold_loss":0.0,"damage_taken":0.0,"cards_obtained":["Rebound"]},{"cards_removed":["Strike_B"],"damage_healed":0.0,"max_hp_gain":0.0,"max_hp_loss":0.0,"gold_gain":0.0,"event_name":"Golden Wing","player_choice":"Card Removal","floor":5.0,"gold_loss":0.0,"damage_taken":7.0},{"damage_healed":0.0,"max_hp_gain":0.0,"max_hp_loss":0.0,"gold_gain":0.0,"event_name":"Golden Idol","player_choice":"Take Wound","floor":12.0,"gold_loss":0.0,"damage_taken":0.0,"relics_obtained":["Golden Idol"],"cards_obtained":["Injury"]},{"damage_healed":0.0,"max_hp_gain":0.0,"max_hp_loss":0.0,"gold_gain":0.0,"event_name":"Accursed Blacksmith","player_choice":"Forge","floor":19.0,"gold_loss":0.0,"damage_taken":0.0,"cards_upgraded":["Zap"]},{"damage_healed":0.0,"max_hp_gain":0.0,"max_hp_loss":0.0,"gold_gain":0.0,"event_name":"WeMeetAgain","player_choice":"Gave Potion","floor":21.0,"gold_loss":0.0,"damage_taken":0.0,"relics_obtained":["HornCleat"]},{"cards_removed":["Storm"],"damage_healed":18.0,"max_hp_gain":0.0,"max_hp_loss":0.0,"gold_gain":0.0,"event_name":"Bonfire Elementals","player_choice":"Offered Uncommon","floor":22.0,"gold_loss":0.0,"damage_taken":0.0},{"damage_healed":0.0,"max_hp_gain":0.0,"max_hp_loss":0.0,"gold_gain":0.0,"event_name":"Forgotten Altar","player_choice":"Gave Idol","floor":28.0,"relics_lost":["Golden Idol"],"gold_loss":0.0,"damage_taken":0.0,"relics_obtained":["Bloody Idol"]},{"damage_healed":0.0,"max_hp_gain":0.0,"max_hp_loss":0.0,"gold_gain":0.0,"event_name":"Vampires","player_choice":"Ignored","floor":30.0,"gold_loss":0.0,"damage_taken":0.0},{"damage_healed":0.0,"max_hp_gain":0.0,"max_hp_loss":0.0,"gold_gain":0.0,"event_name":"Addict","player_choice":"Obtained Relic","floor":31.0,"gold_loss":85.0,"damage_taken":0.0,"relics_obtained":["Sundial"]},{"damage_healed":0.0,"max_hp_gain":0.0,"max_hp_loss":0.0,"gold_gain":0.0,"event_name":"Tomb of Lord Red Mask","player_choice":"Ignored","floor":36.0,"gold_loss":0.0,"damage_taken":0.0},{"cards_removed":["Defend_B"],"damage_healed":0.0,"max_hp_gain":0.0,"max_hp_loss":0.0,"gold_gain":0.0,"event_name":"Falling","player_choice":"Removed Skill","floor":38.0,"gold_loss":0.0,"damage_taken":0.0}],"is_beta":false,"boss_relics":[{"not_picked":["Snecko Eye","Astrolabe"],"picked":"Calling Bell"},{"not_picked":["Inserter","Runic Dome"],"picked":"Cursed Key"}],"items_purged_floors":[4,48],"is_endless":false,"potions_floor_spawned":[7,8,10,20,24,27,39,41,44],"killed_by":"The Heart","ascension_level":1}}