{"host":"jwbw4f4imxd0v0b0","time":1610443184,"event":{"mods":["BaseMod","Colored Map","Highlight Path","Minty Spire (QoL Compilation)","Relic Stats","StSLib"],"gold_per_floor":[209,384,384,402,19,19,48,123,147,172,191,191,241,241,241,345,345,355,34,49,49,61,61,91,91,141,168,179,179,213,225,225,325,325,336,356,60,60,108,133,133,133,178,212,230,280,292,44,44,44],"floor_reached":51,"playtime":3444,"items_purged":["Strike_G","Strike_G"],"score":1062,"play_id":"c6db8928-3b0f-450d-a62b-c8465d40986e","local_time":"20210112031944","is_ascension_mode":true,"campfire_choices":[{"data":"Glass Knife","floor":6.0,"key":"SMITH"},{"data":"Footwork","floor":12.0,"key":"SMITH"},{"floor":15.0,"key":"REST"},{"floor":23.0,"key":"REST"},{"data":"Crippling Poison","floor":25.0,"key":"SMITH"},{"floor":29,"key":"REST"},{"floor":32,"key":"REST"},{"data":"Footwork","floor":41,"key":"SMITH"},{"data":"Noxious Fumes","floor":49,"key":"SMITH"}],"circlet_count":0,"master_deck":["Strike_G","Strike_G","Strike_G","Defend_G","Defend_G","Defend_G","Defend_G","Defend_G","Survivor","Neutralize","Poisoned Stab","Footwork+1","Footwork+1","Glass Knife+1","Cloak And Dagger","Acrobatics","Grand Finale","Deadly Poison","Footwork","Crippling Poison+1","Flechettes+1","Venomology","Storm of Steel","Footwork","Venomology","Apotheosis","Discovery","PiercingWail","Backflip","Backflip+1","Catalyst","Noxious Fumes+1","PiercingWail"],"relics":["Ring of the Snake","DollysMirror","Oddly Smooth Stone","Ancient Tea Set","Odd Mushroom","Runic Dome","TwistedFunnel","Shuriken","Dead Branch","Happy Flower","Anchor","Smiling Mask","SacredBark","Tough Bandages","Turnip","Pantograph","Dream Catcher","Lizard Tail"],"acts_visited":["Exordium","TheCity","TheBeyond"],"potions_floor_usage":[30,30,33,35,35,39,39,40,40,44,44,44,45,45,46,47,47,50,50,50,50,50],"damage_taken":[{"damage":1.0,"enemies":"Cultist","floor":1.0,"turns":4.0},{"damage":4.0,"enemies":"Small Slimes","floor":4.0,"turns":3.0},{"damage":7.0,"enemies":"Gremlin Nob","floor":7.0,"turns":3.0},{"damage":11.0,"enemies":"The Mushroom Lair","floor":10.0,"turns":4.0},{"damage":0.0,"enemies":"2 Louse","floor":11.0,"turns":3.0},{"damage":30.0,"enemies":"The Guardian","floor":16.0,"turns":22.0},{"damage":0.0,"enemies":"Shell Parasite","floor":18.0,"turns":9.0},{"damage":24.0,"enemies":"3 Byrds","floor":20.0,"turns":4.0},{"damage":8.0,"enemies":"Snake Plant","floor":22.0,"turns":4.0},{"damage":0.0,"enemies":"Gremlin Leader","floor":24.0,"turns":6.0},{"damage":6.0,"enemies":"Book of Stabbing","floor":27.0,"turns":5.0},{"damage":0,"enemies":"Shelled Parasite and Fungi","floor":28,"turns":4},{"damage":18,"enemies":"Slavers","floor":30,"turns":4},{"damage":6,"enemies":"Centurion and Healer","floor":31,"turns":4},{"damage":42,"enemies":"Collector","floor":33,"turns":9},{"damage":0,"enemies":"3 Darklings","floor":35,"turns":4},{"damage":0,"enemies":"3 Shapes","floor":36,"turns":4},{"damage":19,"enemies":"2 Orb Walkers","floor":39,"turns":6},{"damage":19,"enemies":"Nemesis","floor":40,"turns":9},{"damage":9,"enemies":"Reptomancer","floor":44,"turns":8},{"damage":6,"enemies":"3 Darklings","floor":45,"turns":4},{"damage":6,"enemies":"Mind Bloom Boss Battle","floor":46,"turns":8},{"damage":26,"enemies":"Transient","floor":47,"turns":5},{"damage":51,"enemies":"Time Eater","floor":50,"turns":15}],"seed_played":"5915534919773555362","potions_obtained":[{"floor":1.0,"key":"FearPotion"},{"floor":4.0,"key":"Poison Potion"},{"floor":16.0,"key":"Energy Potion"},{"floor":22.0,"key":"EssenceOfSteel"},{"floor":27.0,"key":"Dexterity Potion"},{"floor":31,"key":"Block Potion"},{"floor":33,"key":"DistilledChaos"},{"floor":35,"key":"Regen Potion"},{"floor":44,"key":"ColorlessPotion"}],"is_trial":false,"path_per_floor":["M","?","?","M","$","R","E","?","T","?","M","R","?","?","R","B",null,"M","$","M","?","M","R","E","R","T","E","M","R","E","M","R","B",null,"M","M","$","?","?","E","R","T","T","E","M","?","M","$","R","B",null],"character_chosen":"THE_SILENT","items_purchased":["Footwork","DollysMirror","Glass Knife","TwistedFunnel","Footwork","Fruit Juice","Apotheosis","Dexterity Potion","Regen Potion","Noxious Fumes","PiercingWail"],"campfire_rested":4,"item_purchase_floors":[5,5,5,19,19,19,37,37,48,48,48],"current_hp_per_floor":[62,62,62,58,58,58,51,40,40,29,29,29,29,29,50,20,58,58,58,34,34,31,53,53,53,53,47,47,69,51,45,67,25,63,63,63,63,63,72,65,65,65,65,75,69,69,43,43,43,55],"gold":44,"neow_bonus":"HUNDRED_GOLD","is_daily":false,"chose_seed":false,"campfire_upgraded":5,"win_rate":0.0,"timestamp":1610443184,"path_taken":["M","?","?","M","$","R","E","?","T","?","?","R","?","?","R","BOSS","M","$","M","?","M","R","E","R","T","E","M","R","E","M","R","BOSS","M","M","$","?","?","E","R","?","T","E","M","?","?","$","R","BOSS"],"items_purchased_type":["Card","Relic","Card","Relic","Card","Potion","Card","Potion","Potion","Card","Card"],"build_version":"2020-12-22","purchased_purges":2,"victory":true,"max_hp_per_floor":[70,70,70,70,70,70,70,70,70,70,70,70,70,70,70,70,70,70,70,70,70,75,75,75,75,75,75,75,75,75,75,75,75,75,75,75,75,75,75,75,75,75,75,75,75,75,75,75,75,75],"relic_stats":{"Tough Bandages":[129],"Dream Catcher":0,"Lizard Tail":0,"Happy Flower":[29],"counters":[24,151],"Shuriken":[31],"Dead Branch":[110],"Pantograph":31,"Turnip":[0],"Smiling Mask":75,"obtain_stats":[{"TwistedFunnel":19,"Happy Flower":26,"Dead Branch":24,"SacredBark":34,"Oddly Smooth Stone":7,"Odd Mushroom":10,"Ancient Tea Set":9,"Smiling Mask":30,"Runic Dome":17,"Anchor":27,"Tough Bandages":39,"Dream Catcher":43,"Lizard Tail":46,"DollysMirror":5,"Shuriken":21,"Pantograph":42,"Turnip":40,"Ring of the Snake":0},{"TwistedFunnel":7,"Happy Flower":10,"Dead Branch":10,"SacredBark":15,"Oddly Smooth Stone":3,"Odd Mushroom":4,"Ancient Tea Set":3,"Smiling Mask":13,"Runic Dome":6,"Anchor":11,"Tough Bandages":18,"Dream Catcher":19,"Lizard Tail":22,"DollysMirror":2,"Shuriken":8,"Pantograph":19,"Turnip":19,"Ring of the Snake":0},{"TwistedFunnel":48,"Happy Flower":62,"Dead Branch":62,"SacredBark":88,"Oddly Smooth Stone":10,"Odd Mushroom":14,"Ancient Tea Set":10,"Smiling Mask":75,"Runic Dome":39,"Anchor":67,"Tough Bandages":102,"Dream Catcher":111,"Lizard Tail":131,"DollysMirror":7,"Shuriken":52,"Pantograph":111,"Turnip":111,"Ring of the Snake":0}],"Ring of the Snake":[48]},"card_choices":[{"not_picked":["Skewer","Flechettes"],"picked":"Poisoned Stab","floor":1.0},{"not_picked":["Dagger Throw","Escape Plan"],"picked":"PiercingWail","floor":4.0},{"not_picked":["Blade Dance","Bane","Underhanded Strike"],"picked":"SKIP","floor":7.0},{"not_picked":["Flying Knee","Prepared"],"picked":"Cloak And Dagger","floor":10.0},{"not_picked":["Infinite Blades","Prepared"],"picked":"Acrobatics","floor":11.0},{"not_picked":["Tools of the Trade","Night Terror"],"picked":"Grand Finale","floor":16.0},{"not_picked":["Eviscerate+1","Deflect"],"picked":"Deadly Poison","floor":18.0},{"not_picked":["Eviscerate+1","Bane","Deflect"],"picked":"SKIP","floor":20.0},{"not_picked":["Dagger Spray","Riddle With Holes"],"picked":"Crippling Poison","floor":22.0},{"not_picked":["Deflect","Dagger Throw+1"],"picked":"Flechettes+1","floor":24.0},{"not_picked":["Slice+1","Deflect"],"picked":"Venomology","floor":27.0},{"not_picked":["Outmaneuver+1","Slice","Dagger Throw"],"picked":"SKIP","floor":28},{"not_picked":["Flying Knee+1","Deflect+1"],"picked":"Storm of Steel","floor":30},{"not_picked":["Well Laid Plans","Slice+1"],"picked":"Footwork","floor":31},{"not_picked":["Doppelganger","Malaise"],"picked":"Venomology","floor":33},{"not_picked":["Quick Slash+1","Deadly Poison+1","Flying Knee"],"picked":"SKIP","floor":35},{"not_picked":["Well Laid Plans","Terror+1","Reflex"],"picked":"SKIP","floor":36},{"not_picked":["Panache","Forethought"],"picked":"Discovery","floor":38},{"not_picked":["Quick Slash","Cloak And Dagger"],"picked":"PiercingWail","floor":39},{"not_picked":["Unload","Choke"],"picked":"Backflip","floor":40},{"not_picked":["Expertise+1","Slice"],"picked":"Backflip+1","floor":44},{"not_picked":["Concentrate+1","Finisher","Expertise+1"],"picked":"SKIP","floor":45},{"not_picked":["Deflect+1","Dodge and Roll+1"],"picked":"Catalyst","floor":46},{"not_picked":["All Out Attack","Reflex+1","Poisoned Stab+1"],"picked":"SKIP","floor":47}],"player_experience":1034770,"relics_obtained":[{"floor":7.0,"key":"Oddly Smooth Stone"},{"floor":9.0,"key":"Ancient Tea Set"},{"floor":10.0,"key":"Odd Mushroom"},{"floor":24.0,"key":"Dead Branch"},{"floor":26.0,"key":"Happy Flower"},{"floor":27.0,"key":"Anchor"},{"floor":30,"key":"Smiling Mask"},{"floor":39,"key":"Tough Bandages"},{"floor":40,"key":"Turnip"},{"floor":42,"key":"Pantograph"},{"floor":43,"key":"Dream Catcher"},{"floor":46,"key":"Lizard Tail"}],"event_choices":[{"damage_healed":0.0,"max_hp_gain":0.0,"max_hp_loss":0.0,"gold_gain":175.0,"event_name":"Liars Game","player_choice":"AGREE","floor":2.0,"gold_loss":0.0,"damage_taken":0.0,"cards_obtained":["Doubt"]},{"cards_removed":["Doubt"],"damage_healed":0.0,"max_hp_gain":0.0,"max_hp_loss":0.0,"gold_gain":0.0,"event_name":"Living Wall","player_choice":"Forget","floor":3.0,"gold_loss":0.0,"damage_taken":0.0},{"damage_healed":0.0,"max_hp_gain":0.0,"max_hp_loss":0.0,"gold_gain":75.0,"event_name":"World of Goop","player_choice":"Gather Gold","floor":8.0,"gold_loss":0.0,"damage_taken":11.0},{"damage_healed":0.0,"max_hp_gain":0.0,"max_hp_loss":0.0,"gold_gain":0.0,"event_name":"Mushrooms","player_choice":"Fought Mushrooms","floor":10.0,"gold_loss":0.0,"damage_taken":0.0},{"damage_healed":0.0,"max_hp_gain":0.0,"max_hp_loss":0.0,"gold_gain":50.0,"event_name":"Golden Wing","player_choice":"Gained Gold","floor":13.0,"gold_loss":0.0,"damage_taken":0.0},{"damage_healed":0.0,"max_hp_gain":0.0,"max_hp_loss":0.0,"gold_gain":0.0,"event_name":"Dead Adventurer","player_choice":"Searched \u00270\u0027 times","floor":14.0,"gold_loss":0.0,"damage_taken":0.0},{"cards_removed":["PiercingWail"],"damage_healed":0.0,"max_hp_gain":0.0,"max_hp_loss":0.0,"gold_gain":0.0,"event_name":"WeMeetAgain","player_choice":"Gave Card","floor":21.0,"gold_loss":0.0,"damage_taken":0.0,"relics_obtained":["Shuriken"]},{"damage_healed":0,"gold_gain":0,"player_choice":"Memory 1","damage_taken":0,"max_hp_gain":0,"max_hp_loss":0,"event_name":"SensoryStone","floor":38,"gold_loss":0},{"damage_healed":0,"gold_gain":0,"player_choice":"Fight","damage_taken":0,"max_hp_gain":0,"max_hp_loss":0,"event_name":"Mysterious Sphere","floor":39,"gold_loss":0},{"damage_healed":0,"gold_gain":0,"player_choice":"Fight","damage_taken":0,"max_hp_gain":0,"max_hp_loss":0,"event_name":"MindBloom","floor":46,"gold_loss":0}],"is_beta":false,"boss_relics":[{"not_picked":["Astrolabe","Ectoplasm"],"picked":"Runic Dome"},{"not_picked":["Black Star","Busted Crown"],"picked":"SacredBark"}],"items_purged_floors":[37,48],"is_endless":false,"potions_floor_spawned":[1,4,16,22,27,31,33,35,44,45,47],"ascension_level":6}}