{"host":"bhhjkloc4kd9nqc5","time":1610431155,"event":{"mods":["Act Like it!","BaseMod","Chen","Gensokyo","Infinite Spire","Koishi","Lobotomy","LobotomyExtend","Marisa????????","Minty Spire (QoL Compilation)","Onozuka Komachi Mod","Remilia??????","Replay The Spire","RumiaBox-????????","StSLib","The Administrix","The Cursed","The Gatherer","Yakumo Yukari mod","Youmu??????","Yuri Mod","Yuyuko","slay the spire mod where everything is the same but ironclad has a cowboy hat"],"gold_per_floor":[114,124,194,194,211,211,133,164,164,175,175,209,227,246,246,346,346,346,346,370,389,389,419,437,468,495,351,351,351],"floor_reached":28,"playtime":1871,"items_purged":[],"score":266,"play_id":"eaeeb871-d0f8-4557-800a-f1cea532233a","local_time":"20210112145915","is_ascension_mode":false,"campfire_choices":[{"floor":15,"key":"DIG"}],"circlet_count":0,"master_deck":["yuri:yuriStrike","yuri:yuriStrike","yuri:yuriStrike","yuri:yuriStrike","yuri:yuriStrike+1","yuri:yuriDefend","yuri:yuriDefend","yuri:yuriDefend","yuri:yuriDefend","yuri:yuriDefend","yuri:Oolong","yuri:yuriStab","yuri:InduceGlitch","yuri:ReactiveMadness+1","yuri:yuriQuickStrike","yuri:BookGreen+1","yuri:WickedSlash+1","yuri:BookRed","yuri:HoldBack","yuri:yuriQuickStrike","yuri:NerfBat","yuri:DragonForm+1","yuri:ReactiveMadness+1","infinitespire:SevenWalls","yuri:HoldBack","yuri:HoldBack+1","yuri:yuriQuickStrike"],"relics":["yuri:yuriKnife","Replay:Multitool","LetterFromLob","Centennial Puzzle","ChaoDraw","Pear","Strawberry","Ice Cream","Whetstone","Ring of Chaos","Moonlight_r","MagicDraw1","infinitespire:Lucky Rock","Pet Ghost","Blood Vial"],"acts_visited":["Gensokyo:Gensokyo","TheCity"],"potions_floor_usage":[8,23,25,28,28],"damage_taken":[{"damage":9,"enemies":"Gensokyo:2_Kodama","floor":1,"turns":4},{"damage":2,"enemies":"Gensokyo:3_Fairies","floor":2,"turns":3},{"damage":10,"enemies":"Gensokyo:Python","floor":5,"turns":3},{"damage":21,"enemies":"Gensokyo:Mamizou","floor":8,"turns":9},{"damage":5,"enemies":"Gensokyo:Kitsune","floor":10,"turns":3},{"damage":11,"enemies":"Gensokyo:Aya","floor":12,"turns":4},{"damage":12,"enemies":"Gensokyo:Gryphon_and_Rabbit","floor":13,"turns":4},{"damage":10,"enemies":"Gensokyo:CorruptedTreant","floor":14,"turns":3},{"damage":23,"enemies":"Gensokyo:Reimu","floor":16,"turns":7},{"damage":6,"enemies":"3 Byrds","floor":21,"turns":4},{"damage":48,"enemies":"Nightmare","floor":23,"turns":7},{"damage":7,"enemies":"Chosen","floor":24,"turns":4},{"damage":21,"enemies":"Gremlin Leader","floor":25,"turns":5},{"damage":37,"enemies":"Shelled Parasite and Fungi","floor":28,"turns":4}],"seed_played":"4827099604325265660","potions_obtained":[{"floor":2,"key":"Adrenaline Potion"},{"floor":3,"key":"Explosive Potion"},{"floor":3,"key":"DistilledChaos"},{"floor":8,"key":"Block Potion"},{"floor":12,"key":"FairyPotion"},{"floor":23,"key":"GamblersBrew"},{"floor":24,"key":"Elixir"}],"is_trial":false,"path_per_floor":["M","M","?","?","M","R","COS","E","T","M","R","E","M","M","R","B",null,"M","?","T","M","?","NM","M","E","T","$","M"],"character_chosen":"YURI","items_purchased":["Blood Vial"],"campfire_rested":0,"item_purchase_floors":[27],"current_hp_per_floor":[67,69,69,69,63,63,63,46,56,51,75,78,73,70,70,54,89,37,20,20,20,20,33,30,16,16,16,0,0],"gold":351,"neow_bonus":"ONE_RARE_RELIC","is_daily":false,"chose_seed":false,"campfire_upgraded":0,"win_rate":0.0,"timestamp":1610431155,"path_taken":["M","?","?","?","M","R","COS","E","T","M","R","E","?","M","R","BOSS","M","?","?","M","?","NM","M","E","T","$","M"],"items_purchased_type":["Relic"],"build_version":"2020-12-22","purchased_purges":0,"victory":false,"max_hp_per_floor":[72,72,72,72,72,72,72,72,82,82,82,89,89,89,89,89,89,89,94,94,94,94,94,94,94,94,94,94,94],"card_choices":[{"not_picked":["yuri:GreenTea","yuri:Skip"],"picked":"yuri:InduceGlitch","floor":1},{"not_picked":["yuri:InsanityDefense","yuri:RepairCode"],"picked":"yuri:ReactiveMadness","floor":2},{"not_picked":["yuri:MPose","yuri:Stare"],"picked":"yuri:ChibiInvasion","floor":3},{"not_picked":["yuri:ThrowingKnives","yuri:ReloadGame"],"picked":"yuri:yuriQuickStrike","floor":5},{"not_picked":["yuri:CalmingAura","yuri:InduceGlitch"],"picked":"yuri:WickedSlash","floor":8},{"not_picked":["yuri:ThrowBook","yuri:ThrowingKnives"],"picked":"yuri:BookRed","floor":10},{"not_picked":["yuri:yuriQuickStrike","yuri:Spin"],"picked":"yuri:HoldBack","floor":12},{"not_picked":["yuri:MPose","yuri:ChibiInvasion"],"picked":"yuri:yuriQuickStrike","floor":13},{"not_picked":["yuri:Stare","yuri:TPose"],"picked":"yuri:NerfBat","floor":14},{"not_picked":["yuri:JumpScare","yuri:ExploitStrike"],"picked":"yuri:DragonForm","floor":16},{"not_picked":["yuri:StealPen+1","yuri:TPose"],"picked":"yuri:ReactiveMadness+1","floor":21},{"not_picked":["infinitespire:Menacing","infinitespire:Collect"],"picked":"infinitespire:SevenWalls","floor":23},{"not_picked":["yuri:Skip","yuri:StealPen"],"picked":"yuri:HoldBack","floor":23},{"not_picked":["yuri:GlitchedStrike","yuri:yuriQuickStrike+1"],"picked":"yuri:HoldBack+1","floor":24},{"not_picked":["yuri:NoEscape","yuri:TeaSet"],"picked":"yuri:yuriQuickStrike","floor":25}],"player_experience":226494,"relics_obtained":[{"floor":1,"key":"LetterFromLob"},{"floor":3,"key":"Centennial Puzzle"},{"floor":8,"key":"ChaoDraw"},{"floor":9,"key":"Pear"},{"floor":12,"key":"Strawberry"},{"floor":15,"key":"Whetstone"},{"floor":23,"key":"MagicDraw1"},{"floor":25,"key":"infinitespire:Lucky Rock"},{"floor":26,"key":"Pet Ghost"}],"event_choices":[{"damage_healed":0,"gold_gain":0,"player_choice":"Shed Blood","damage_taken":22,"max_hp_gain":5,"max_hp_loss":0,"event_name":"Forgotten Altar","floor":19,"gold_loss":0},{"damage_healed":0,"gold_gain":0,"player_choice":"Ignored","damage_taken":0,"max_hp_gain":0,"max_hp_loss":0,"event_name":"Ghosts","floor":22,"gold_loss":0}],"is_beta":false,"boss_relics":[{"not_picked":["Sozu","Snecko Eye"],"picked":"Ring of Chaos"}],"items_purged_floors":[],"is_endless":true,"potions_floor_spawned":[2,8,12,14,23,24],"killed_by":"Shelled Parasite and Fungi","ascension_level":0}}