{"host":"ymw71f7rc9ndansy","time":1610445806,"event":{"mods":["ATMod(阿瑾Mod)","Act Like it!","Aspiration","BaseMod","DeckTracker","Hubris","Library of Ruina","Library of Ruina Extra","Lobotomy","LobotomyExtend","Minty Spire (QoL Compilation)","MostiFishMod","Remove Card Discount Mod","Replay The Spire","StSLib","TestMod","【功能Mod】精心准备","【遗物卡牌】REMEMod"],"gold_per_floor":[114,131,131,131,148,148,178,70,70,70,84,101,136,155,155,234,234,244,294,294,312,312,366,366,42,95,111,122,122,149,163,163,240,240,258,254,254,254,254,254],"floor_reached":39,"playtime":1028,"items_purged":["Pain","hubris:Gluttony","Pain","hubris:Sloth","Strike_B","Strike_B","Strike_B","Strike_B","Glass Knife","Zap","Dualcast","Defend_B","Defend_B","Defend_B","Defend_B","MostiFishMod:Prepare","REME_Whirling+1"],"score":1158,"play_id":"6f9cd0f7-84aa-4e61-9fd9-0e8b6fe2252d","local_time":"20210112180326","is_ascension_mode":true,"campfire_choices":[{"data":"AT_FamilyPortrait","floor":6.0,"key":"SMITH"},{"data":"Panic Button","floor":15.0,"key":"SMITH"},{"data":"REME_Whirling","floor":24.0,"key":"SMITH"},{"floor":32.0,"key":"RECALL"}],"circlet_count":0,"master_deck":["AscendersBane","AT_FamilyPortrait+1","Panic Button+1","MostiFishMod:Overload","MostiFishMod:IntelligentEquipment","Turbo+1","MostiFishMod:Overload","Panic Button+1"],"relics":["DaveBox","REME_ComplimentaryCards","AT_ATBox","Transparent","testmod-Laevatain","RedMistMask","Runic Pyramid","SynthV:TestCard","hubris:BallOfYels","WarpedTongs","StrikeDummy","PageOfWrath","PageOfTheQueenOfHatred","aspiration:RitualStick","PageOfTheKnightOfDespair","PageOfGreed","hubris:SlimyHat","testmod-OneHitWonder","PageOfNihil","Prayer Wheel","JellyFishMachine"],"acts_visited":["Exordium","TheCity","TheBeyond"],"potions_floor_usage":[],"damage_taken":[{"damage":10.0,"enemies":"Jaw Worm","floor":1.0,"turns":1.0},{"damage":35.0,"enemies":"2 Louse","floor":2.0,"turns":3.0},{"damage":15.0,"enemies":"Cultist","floor":5.0,"turns":1.0},{"damage":37.0,"enemies":"Gremlin Nob","floor":7.0,"turns":3.0},{"damage":7.0,"enemies":"Large Slime","floor":11.0,"turns":1.0},{"damage":7.0,"enemies":"2 Fungi Beasts","floor":12.0,"turns":1.0},{"damage":7.0,"enemies":"3 Sentries","floor":13.0,"turns":1.0},{"damage":7.0,"enemies":"Blue Slaver","floor":14.0,"turns":1.0},{"damage":14.0,"enemies":"Slime Boss","floor":16.0,"turns":2.0},{"damage":7.0,"enemies":"Spheric Guardian","floor":18.0,"turns":1.0},{"damage":7.0,"enemies":"2 Thieves","floor":21.0,"turns":1.0},{"damage":14.0,"enemies":"Gremlin Leader","floor":23.0,"turns":2.0},{"damage":56.0,"enemies":"Cultist and Chosen","floor":27.0,"turns":3.0},{"damage":7.0,"enemies":"Sentry and Sphere","floor":28.0,"turns":1.0},{"damage":14.0,"enemies":"REME_1_Revenger","floor":30.0,"turns":2.0},{"damage":7.0,"enemies":"Centurion and Healer","floor":31.0,"turns":1.0},{"damage":39,"enemies":"RedHoodMercenary","floor":33,"turns":3},{"damage":7,"enemies":"3 Shapes","floor":35,"turns":1},{"damage":7,"enemies":"Orb Walker","floor":39,"turns":1}],"seed_played":"-4254337128995058906","potions_obtained":[{"floor":1.0,"key":"Regen Potion"},{"floor":2.0,"key":"PowerPotion"},{"floor":12.0,"key":"Dexterity Potion"},{"floor":21.0,"key":"Flashbang"},{"floor":27.0,"key":"Swift Potion"},{"floor":31.0,"key":"ColorlessPotion"}],"is_trial":false,"path_per_floor":["M","M","?","?","M","R","E","$","T","$","M","M","E","M","R","B",null,"M","?","?","M","T","E","R","$","T","M","M","?","E","M","R","B",null,"M","$","?","?","M"],"character_chosen":"DEFECT","items_purchased":["REME_Whirling","MostiFishMod:IntelligentEquipment","hubris:SlimyHat"],"campfire_rested":0,"item_purchase_floors":[8,25,25],"current_hp_per_floor":[71,71,36,36,70,70,71,71,71,71,71,71,71,71,71,71,71,71,71,53,71,71,71,71,71,71,64,71,71,71,71,71,71,71,71,71,71,71,64,64],"gold":254,"neow_bonus":"BOSS_RELIC","is_daily":false,"chose_seed":false,"campfire_upgraded":3,"win_rate":0.0,"timestamp":1610445806,"path_taken":["M","M","?","?","?","R","E","$","T","$","M","M","E","M","R","BOSS","M","?","?","M","?","E","R","$","T","M","?","?","E","M","R","BOSS","M","$","?","?","?"],"items_purchased_type":["Card","Card","Relic"],"build_version":"2020-12-22","purchased_purges":17,"victory":false,"max_hp_per_floor":[71,71,71,71,71,71,71,71,71,71,71,71,71,71,71,71,71,71,71,71,71,71,71,71,71,71,71,71,71,71,71,71,71,71,71,71,71,71,71,71],"card_choices":[{"not_picked":["Conserve Battery","MostiFishMod:PushDownKick","Sweeping Beam"],"picked":"SKIP","floor":1.0},{"not_picked":["BasicCrystalCard","Cold Snap","Fusion","MostiFishMod:IceShield","Redo"],"picked":"SKIP","floor":2.0},{"not_picked":["Go for the Eyes","AT_ThunderBolt","Barrage","Conserve Battery","BasicCrystalCard"],"picked":"SKIP","floor":5.0},{"not_picked":["Rebound","Crystallizer","Streamline","aspiration:Polymerization","Fusion"],"picked":"SKIP","floor":7.0},{"not_picked":["BasicCrystalCard","Coolheaded","Leap","ReplayTheSpireMod:Omega Cannon","Gash"],"picked":"SKIP","floor":11.0},{"not_picked":["Ball Lightning","Stack","Doom and Gloom","MostiFishMod:LinkProtocol"],"picked":"Panic Button","floor":12.0},{"not_picked":["Time Bomb","BasicCrystalCard","hubris:Ukulele","REME_DataAnalysis","AT_HeatAcrobatics"],"picked":"SKIP","floor":13.0},{"not_picked":["Sweeping Beam","Redo","Streamline","FIFO Queue","Scrape"],"picked":"SKIP","floor":14.0},{"not_picked":["AT_RightCognition","Core Surge","Amplify","MostiFishMod:Exploitation"],"picked":"MostiFishMod:Overload","floor":16.0},{"not_picked":["Panic Button","Leap","BasicCrystalCard","Loop","Steam"],"picked":"SKIP","floor":18.0},{"not_picked":["Ball Lightning+1","AT_HeatAcrobatics","Hologram","Reinforced Body","Gash"],"picked":"SKIP","floor":21.0},{"not_picked":["ReplaySort","Consume","ReplayRNGCard","Redo","aspiration:Polymerization"],"picked":"SKIP","floor":23.0},{"not_picked":["Doom and Gloom","Redo+1","Streamline","AT_EMC2"],"picked":"Turbo+1","floor":27.0},{"not_picked":["Creative AI","AT_WaterDrop","ReplayTheSpireMod:Omega Cannon","Electrodynamics"],"picked":"MostiFishMod:Overload","floor":33},{"not_picked":["Double Energy+1","Steam","Fusion+1","Hologram+1"],"picked":"Panic Button+1","floor":35},{"not_picked":["Doom and Gloom+1","Steam+1","MostiFishMod:GatherIntelligence","MostiFishMod:LinkProtocol","AT_HeatAcrobatics+1"],"picked":"SKIP","floor":35}],"player_experience":1099384,"relics_obtained":[{"floor":1.0,"key":"SynthV:TestCard"},{"floor":7.0,"key":"StrikeDummy"},{"floor":9.0,"key":"PageOfWrath"},{"floor":13.0,"key":"PageOfTheQueenOfHatred"},{"floor":22.0,"key":"PageOfTheKnightOfDespair"},{"floor":23.0,"key":"PageOfGreed"},{"floor":26.0,"key":"testmod-OneHitWonder"},{"floor":27.0,"key":"PageOfNihil"}],"event_choices":[{"damage_healed":0.0,"max_hp_gain":0.0,"max_hp_loss":0.0,"gold_gain":0.0,"event_name":"Scrap Ooze","player_choice":"Success","floor":3.0,"gold_loss":0.0,"damage_taken":35.0,"relics_obtained":["hubris:BallOfYels"]},{"damage_healed":0.0,"max_hp_gain":0.0,"max_hp_loss":0.0,"gold_gain":0.0,"event_name":"Accursed Blacksmith","player_choice":"Rummage","floor":4.0,"gold_loss":0.0,"damage_taken":0.0,"relics_obtained":["WarpedTongs"],"cards_obtained":["Pain"]},{"damage_healed":0.0,"max_hp_gain":0.0,"max_hp_loss":0.0,"gold_gain":50.0,"event_name":"Nest","player_choice":"Stole From Cult","floor":19.0,"gold_loss":0.0,"damage_taken":0.0},{"damage_healed":0.0,"max_hp_gain":0.0,"max_hp_loss":0.0,"gold_gain":0.0,"event_name":"The Library","player_choice":"Read","floor":29.0,"gold_loss":0.0,"damage_taken":0.0,"cards_obtained":["ReplayTheSpireMod:Fabricate Wheel"]},{"damage_healed":0,"gold_gain":0,"player_choice":"Got Potions","damage_taken":0,"max_hp_gain":0,"max_hp_loss":0,"event_name":"Lab","floor":38,"gold_loss":0}],"is_beta":false,"boss_relics":[{"not_picked":["OneHitWonderSystem","Ectoplasm","Snecko Heart"]},{"not_picked":["Ring of Chaos","testmod-KeyOfTheVoid"],"picked":"JellyFishMachine"}],"items_purged_floors":[8,8,8,8,8,8,8,8,8,8,8,25,25,25,25,36,36],"is_endless":false,"potions_floor_spawned":[1,2,5,12,16,21,23,27,31,35],"killed_by":"Orb Walker","ascension_level":20}}