{"host":"709gjpjg43u3i5a8","time":1610454233,"event":{"mods":["Act Like it!","BaseMod","Colored Map","Colored Powertips","Downfall","Duelist Mod","Gensokyo","GifTheSpireLib","Hallownest","Hermit","Hubris","Infinite Spire","Koishi","Marisa????????","Minty Spire (QoL Compilation)","Remilia??????","Shop Mod","StSLib","Td1madao Mod","The Administrix","The Animator","The Bug Knight","The Construct","The Cursed","The Disciple","The Hierophant","The Jungle","The Necromancer","The Poker Player","The Runesmith","The Servant 0.9.4"],"gold_per_floor":[115,115,147,72,85,117,117,133,133,161,188,188,214,255,255,367,367,387,387,387,405,405,405,405],"floor_reached":23,"playtime":1821,"items_purged":["Regret"],"score":249,"play_id":"14e63b8f-5c92-42a6-a816-ae9706c4ad51","local_time":"20210112052353","is_ascension_mode":true,"campfire_choices":[{"floor":15,"key":"REST"}],"circlet_count":0,"master_deck":["animator:Strike_MadokaMagica","animator:Defend_MadokaMagica","animator:Strike","animator:Strike","animator:Defend","animator:Defend","animator:Defend","animator:IrohaTamaki","animator:YuiTsuruno","animator:MamiTomoe","animator:SuzuneAmano","animator:YuiTsuruno","animator:KyokoSakura","animator:MadokaKaname","animator:NagisaMomoe","animator:PinaCoLada","Wrath_TH","EndlessPower","Necronomicurse","Pain"],"relics":["animator:VividPicture","animator:TheMissingPiece","NeowsBlessing","animator:ShionDessert","Lantern","Singing Bowl","Ancient Tea Set","Nunchaku","Necronomicon","WarpedTongs"],"acts_visited":["Exordium","TheCity"],"potions_floor_usage":[6,6,14,14,21,23],"damage_taken":[{"damage":0,"enemies":"Jaw Worm","floor":1,"turns":1},{"damage":0,"enemies":"2 Louse","floor":3,"turns":1},{"damage":0,"enemies":"infinitespire:Voidling","floor":5,"turns":1},{"damage":0,"enemies":"3 Sentries","floor":6,"turns":10},{"damage":16,"enemies":"Exordium Thugs","floor":8,"turns":5},{"damage":1,"enemies":"Looter","floor":10,"turns":2},{"damage":26,"enemies":"Lagavulin","floor":13,"turns":4},{"damage":22,"enemies":"Gremlin Gang","floor":14,"turns":5},{"damage":16,"enemies":"Slime Boss","floor":16,"turns":9},{"damage":28,"enemies":"2 Thieves","floor":18,"turns":4},{"damage":5,"enemies":"Snecko","floor":21,"turns":3},{"damage":27,"enemies":"Slavers","floor":23,"turns":1}],"seed_played":"-89451596117077424","potions_obtained":[{"floor":3,"key":"Block Potion"},{"floor":5,"key":"PowerPotion"},{"floor":7,"key":"Strength Potion"},{"floor":7,"key":"DuplicationPotion"},{"floor":7,"key":"LiquidBronze"},{"floor":10,"key":"EssenceOfSteel"},{"floor":18,"key":"Block Potion"},{"floor":21,"key":"EssenceOfSteel"}],"is_trial":false,"path_per_floor":["M","?","M","$","M","E","?","M","T","M","T","?","E","M","R","B",null,"M","?","?","M","?","E"],"character_chosen":"THE_ANIMATOR","items_purchased":[],"campfire_rested":1,"item_purchase_floors":[],"current_hp_per_floor":[66,66,66,66,66,67,67,51,51,50,50,50,25,3,23,7,68,42,42,26,23,23,0,0],"gold":405,"neow_bonus":"THREE_ENEMY_KILL","is_daily":false,"chose_seed":false,"campfire_upgraded":0,"win_rate":0.0,"timestamp":1610454233,"path_taken":["M","?","M","$","M","E","?","?","T","M","?","?","E","?","R","BOSS","M","?","?","M","?","E"],"items_purchased_type":[],"build_version":"2020-12-22","purchased_purges":1,"victory":false,"max_hp_per_floor":[66,66,66,66,66,67,67,67,67,67,67,67,68,68,68,68,68,70,70,70,72,72,72,72],"card_choices":[{"not_picked":["animator:Tatsumaki","animator:DolaRiku","animator:Mikaela"],"picked":"SKIP","floor":1},{"not_picked":["animator:Priestess","animator:Hakurou"],"picked":"animator:MamiTomoe","floor":3},{"not_picked":["animator:Yoichi","animator:MetalKnight","animator:Arpeggio"],"picked":"SKIP","floor":5},{"not_picked":["animator:IrohaTamaki","animator:YuiTsuruno"],"picked":"animator:SuzuneAmano","floor":6},{"not_picked":["animator:Millim","animator:LeleiLaLalena"],"picked":"animator:YuiTsuruno","floor":8},{"not_picked":["animator:Geryuganshoop","animator:Mitsuba"],"picked":"animator:KyokoSakura","floor":10},{"not_picked":["animator:Genos","animator:Arpeggio"],"picked":"animator:MadokaKaname","floor":13},{"not_picked":["animator:IrohaTamaki","animator:SayakaMiki"],"picked":"animator:NagisaMomoe","floor":14},{"not_picked":["animator:Sora","animator:FeridBathory"],"picked":"animator:PinaCoLada","floor":16},{"not_picked":["animator:Souei+1","animator:Benimaru","animator:TukaLunaMarceau"],"picked":"Singing Bowl","floor":18},{"not_picked":["animator:Tatsumaki","animator:MetalKnight+1","animator:Benimaru+1"],"picked":"Singing Bowl","floor":21}],"player_experience":476775,"relics_obtained":[{"floor":6,"key":"Lantern"},{"floor":9,"key":"Singing Bowl"},{"floor":11,"key":"Ancient Tea Set"},{"floor":13,"key":"Nunchaku"},{"floor":20,"key":"Necronomicon"}],"event_choices":[{"damage_healed":0,"gold_gain":0,"player_choice":"Box","damage_taken":0,"relics_obtained":["animator:ShionDessert"],"max_hp_gain":0,"max_hp_loss":0,"event_name":"Big Fish","floor":2,"gold_loss":0,"cards_obtained":["Regret"]},{"damage_healed":0,"gold_gain":0,"player_choice":"Got Potions","damage_taken":0,"max_hp_gain":0,"max_hp_loss":0,"event_name":"Lab","floor":7,"gold_loss":0},{"cards_removed":["animator:Strike"],"damage_healed":0,"gold_gain":0,"player_choice":"Offered Basic","damage_taken":0,"max_hp_gain":0,"max_hp_loss":0,"event_name":"Bonfire Elementals","floor":12,"gold_loss":0},{"damage_healed":0,"gold_gain":0,"player_choice":"Obtained Book","damage_taken":16,"max_hp_gain":0,"max_hp_loss":0,"event_name":"Cursed Tome","floor":20,"gold_loss":0},{"damage_healed":0,"gold_gain":0,"player_choice":"Rummage","damage_taken":0,"relics_obtained":["WarpedTongs"],"max_hp_gain":0,"max_hp_loss":0,"event_name":"Accursed Blacksmith","floor":22,"gold_loss":0,"cards_obtained":["Pain"]}],"is_beta":false,"boss_relics":[{"not_picked":["construct:ClawGrip","Cursed Key"],"picked":"animator:VividPicture"}],"items_purged_floors":[4],"is_endless":false,"potions_floor_spawned":[3,5,10,13,18,21],"killed_by":"Slavers","ascension_level":2}}