{"host":"rdkrwszfl07lpbj9","time":1610492937,"event":{"mods":["Act Like it!","Aspiration","BaseMod","Beaked The Cultist","Colored Powertips","Downfall","Friendly Minions","Hermit","Infinite Spire","Minty Spire (QoL Compilation)","Replay The Spire","StSLib","The Construct","The Elementalist","The Hierophant","The Jungle","The Marked","The Runesmith"],"gold_per_floor":[99,9,19,19,38,38,63,63,63,48,48,66,66,99,113,216,216,216,232,252,137,153,182,182,182,182,182,182,182],"floor_reached":28,"language":"ENG","playtime":3205,"items_purged":["elementalist:Defend_Elemblue","elementalist:Spark"],"score":271,"play_id":"c969a27e-6244-40b9-baaa-7e9c5365bdf3","local_time":"20210112150857","is_ascension_mode":true,"campfire_choices":[{"data":"elementalist:Airstrike","floor":1,"key":"SMITH"},{"data":"elementalist:Air_Emblem","floor":6,"key":"SMITH"},{"data":"elementalist:Pressurize","floor":9,"key":"SMITH"},{"data":"elementalist:Crystal_Chalk","floor":13,"key":"SMITH"},{"data":"elementalist:Pressurize","floor":25,"key":"SMITH"}],"circlet_count":0,"master_deck":["elementalist:Air_Emblem","elementalist:Air_Emblem","elementalist:Air_Emblem","elementalist:Air_Emblem+1","elementalist:Strike+Elemblue","elementalist:Defend_Elemblue","elementalist:Defend_Elemblue","elementalist:Defend_Elemblue","elementalist:Firestrike","elementalist:Earthstrike","elementalist:Airstrike+1","elementalist:Crystal_Chalk+1","elementalist:Cyclone","elementalist:Pressurize+1","elementalist:Pressurize+1","elementalist:Geomancy","elementalist:Sidereal_Form","elementalist:Aero","RitualDagger+1"],"relics":["elementalistmod:MagusStaff","elementalistmod:GreenCirclet","aspiration:TomeofQuesting","construct:FoamFinger","Replay:Fungal Core","Pantograph","downfall:RedIOU"],"acts_visited":["Exordium","TheCity"],"potions_floor_usage":[3,16,28],"damage_taken":[{"damage":0,"enemies":"downfall:FleeingMerchant","floor":2,"turns":4},{"damage":0,"enemies":"2 Louse","floor":3,"turns":3},{"damage":0,"enemies":"Small Slimes","floor":5,"turns":4},{"damage":0,"enemies":"downfall:FleeingMerchant","floor":10,"turns":4},{"damage":0,"enemies":"Cultist","floor":12,"turns":4},{"damage":6,"enemies":"Lagavulin","floor":14,"turns":7},{"damage":0,"enemies":"Large Slime","floor":15,"turns":4},{"damage":61,"enemies":"downfall:Ironclad","floor":16,"turns":10},{"damage":9,"enemies":"Shell Parasite","floor":19,"turns":6},{"damage":12,"enemies":"Chosen","floor":20,"turns":7},{"damage":0,"enemies":"downfall:FleeingMerchant","floor":21,"turns":4},{"damage":12,"enemies":"Snecko","floor":22,"turns":8},{"damage":2,"enemies":"Replay:Snechameleon","floor":23,"turns":8},{"damage":49,"enemies":"Slavers","floor":28,"turns":4}],"seed_played":"5966633993883754639","potions_obtained":[{"floor":3,"key":"Fruit Juice"},{"floor":12,"key":"SkillPotion"},{"floor":15,"key":"hexamod:EctoCoolerPotion"},{"floor":19,"key":"ColorlessPotion"},{"floor":27,"key":"CultistPotion"}],"is_trial":false,"path_per_floor":["R","$","M","?","M","R","T","?","R","$","?","M","R","E","M","B",null,"R","M","M","$","M","E","T","R","?","?","E"],"character_chosen":"THE_ELEMENTALIST","items_purchased":[],"campfire_rested":0,"item_purchase_floors":[],"current_hp_per_floor":[70,70,75,75,75,75,75,75,75,75,75,75,75,69,69,8,75,75,66,54,54,42,40,40,40,40,40,0,0],"gold":182,"neow_bonus":"REMOVE_CARD","is_daily":false,"chose_seed":false,"campfire_upgraded":5,"win_rate":0.0,"timestamp":1610492937,"path_taken":["R","$","M","?","M","R","T","?","R","$","?","M","R","E","M","BOSS","R","M","M","$","M","E","T","R","?","?","E"],"items_purchased_type":[],"build_version":"2020-12-22","purchased_purges":2,"victory":false,"max_hp_per_floor":[70,70,75,75,75,75,75,75,75,75,75,75,75,75,75,75,75,75,75,75,75,75,75,75,75,75,75,75,75],"card_choices":[{"not_picked":["elementalist:Emberveil","elementalist:Breeze"],"picked":"elementalist:Cyclone","floor":2},{"not_picked":["elementalist:Prepared_Sand","elementalist:Etherstrike"],"picked":"elementalist:Spark","floor":3},{"not_picked":["elementalist:Cyclone","elementalist:Ignition"],"picked":"elementalist:Pressurize","floor":5},{"not_picked":["elementalist:Etherstrike","elementalist:Vaccuum","elementalist:Concentricity"],"picked":"SKIP","floor":10},{"not_picked":["elementalist:Fission_Lance","elementalist:Cyclone"],"picked":"elementalist:Pressurize","floor":12},{"not_picked":["elementalist:Monument","elementalist:Accelerant","elementalist:Vaccuum"],"picked":"SKIP","floor":14},{"not_picked":["elementalist:Spark","elementalist:Prepared_Sand"],"picked":"elementalist:Geomancy","floor":15},{"not_picked":["elementalist:Spark","elementalist:Fission_Lance"],"picked":"elementalist:Sidereal_Form","floor":19},{"not_picked":["elementalist:Cyclone","elementalist:Ignition","elementalist:Mage_Hand"],"picked":"SKIP","floor":20},{"not_picked":["elementalist:Breeze","elementalist:Cyclone"],"picked":"elementalist:Aero","floor":21},{"not_picked":["elementalist:Cyclone+1","elementalist:Concentricity","elementalist:Pressurize+1"],"picked":"SKIP","floor":22},{"not_picked":["elementalist:Overheat","elementalist:Vaccuum+1","elementalist:Breeze"],"picked":"SKIP","floor":23}],"player_experience":1015586,"relics_obtained":[{"floor":7,"key":"aspiration:TomeofQuesting"},{"floor":14,"key":"construct:FoamFinger"},{"floor":23,"key":"Runesmith:AutoHammer"},{"floor":24,"key":"Pantograph"}],"event_choices":[{"cards_removed":["elementalist:Waterstrike"],"damage_healed":0,"gold_gain":0,"player_choice":"Forget","damage_taken":0,"max_hp_gain":0,"max_hp_loss":0,"event_name":"Living Wall","floor":11,"gold_loss":0}],"is_beta":false,"boss_relics":[{"not_picked":["infinitespire:Cupcake","ReplayTheSpireMod:SealedPack"],"picked":"Replay:Fungal Core"}],"items_purged_floors":[2,21],"is_endless":false,"potions_floor_spawned":[3,12,15,19],"killed_by":"Slavers","ascension_level":1}}