{"host":"2no1vwhhkhf0ohz3","time":1610451023,"event":{"mods":["AchievementEnabler","BaseMod","Colored Map","DeckTracker","Keyboard Shortcuts","Minty Spire (QoL Compilation)","Relic Stats","SuperFastMode"],"gold_per_floor":[119,131,150,150,163,163,189,77,100,112,139,151,193,215,227,340,352,375,387,416,108,108,108,4,34,88,102,127,147,166,16,16,112,112,128,0,18,18,37,78,78,89,89,112,112,112,112,124,124,124],"floor_reached":51,"playtime":1496,"items_purged":["Strike_G","Strike_G"],"score":960,"play_id":"4c42bb6b-4860-4b32-98d2-9b9689134677","local_time":"20210112203023","is_ascension_mode":true,"campfire_choices":[{"data":"Neutralize","floor":6,"key":"SMITH"},{"data":"Catalyst","floor":10,"key":"SMITH"},{"floor":12,"key":"REST"},{"data":"Well Laid Plans","floor":15,"key":"SMITH"},{"floor":23,"key":"REST"},{"data":"Catalyst","floor":32,"key":"SMITH"},{"floor":41,"key":"REST"},{"data":"Burst","floor":45,"key":"SMITH"},{"data":"Calculated Gamble","floor":49,"key":"SMITH"}],"circlet_count":0,"master_deck":["Strike_G","Defend_G","Defend_G","Defend_G","Defend_G","Defend_G+1","Survivor","Neutralize+1","Deadly Poison+1","Backflip+1","Reflex","Backflip","Well Laid Plans+1","Catalyst+1","PiercingWail","Footwork","Wraith Form v2","Calculated Gamble+1","Burst+1","Deflect+1","Crippling Poison","Deadly Poison+1","Noxious Fumes","Bouncing Flask","Dodge and Roll","Acrobatics","Catalyst+1","Madness","Madness","Dodge and Roll+1","Night Terror"],"relics":["Ring of the Snake","NeowsBlessing","War Paint","MawBank","Ancient Tea Set","Sozu","TwistedFunnel","CeramicFish","Anchor","Membership Card","HoveringKite","Red Mask","Juzu Bracelet","Ornamental Fan"],"acts_visited":["Exordium","TheCity","TheBeyond"],"potions_floor_usage":[33,33],"damage_taken":[{"damage":0,"enemies":"Cultist","floor":1,"turns":1},{"damage":0,"enemies":"Jaw Worm","floor":2,"turns":1},{"damage":0,"enemies":"2 Louse","floor":3,"turns":1},{"damage":1,"enemies":"Looter","floor":5,"turns":5},{"damage":25,"enemies":"3 Sentries","floor":7,"turns":15},{"damage":10,"enemies":"Large Slime","floor":11,"turns":6},{"damage":12,"enemies":"Gremlin Gang","floor":14,"turns":7},{"damage":2,"enemies":"Hexaghost","floor":16,"turns":9},{"damage":1,"enemies":"Chosen","floor":18,"turns":5},{"damage":21,"enemies":"3 Byrds","floor":20,"turns":7},{"damage":2,"enemies":"Gremlin Leader","floor":25,"turns":6},{"damage":3,"enemies":"Shelled Parasite and Fungi","floor":27,"turns":3},{"damage":0,"enemies":"Cultist and Chosen","floor":28,"turns":5},{"damage":10,"enemies":"Sentry and Sphere","floor":29,"turns":3},{"damage":8,"enemies":"Centurion and Healer","floor":30,"turns":5},{"damage":5,"enemies":"Automaton","floor":33,"turns":9},{"damage":0,"enemies":"3 Shapes","floor":35,"turns":4},{"damage":0,"enemies":"Orb Walker","floor":39,"turns":3},{"damage":32,"enemies":"Nemesis","floor":40,"turns":5},{"damage":0,"enemies":"Transient","floor":42,"turns":5},{"damage":6,"enemies":"Spire Growth","floor":44,"turns":4},{"damage":12,"enemies":"Maw","floor":48,"turns":4},{"damage":32,"enemies":"Donu and Deca","floor":50,"turns":8}],"seed_played":"5900765303996557494","potions_obtained":[{"floor":7,"key":"Dexterity Potion"},{"floor":16,"key":"Energy Potion"}],"is_trial":false,"path_per_floor":["M","M","M","?","M","R","E","$","T","R","M","R","?","M","R","B",null,"M","?","M","$","?","R","$","E","T","M","M","M","M","$","R","B",null,"M","?","?","?","M","E","R","M","T","M","R","?","?","M","R","B",null],"character_chosen":"THE_SILENT","items_purchased":["Catalyst","Crippling Poison","TwistedFunnel","Noxious Fumes","Bouncing Flask","Membership Card"],"campfire_rested":3,"item_purchase_floors":[8,21,21,24,24,31],"current_hp_per_floor":[63,63,63,63,62,62,37,37,37,37,27,48,48,36,36,34,61,60,60,39,39,39,60,60,58,58,55,55,45,37,37,37,32,61,61,61,52,52,52,20,41,41,41,35,35,61,61,49,49,17],"gold":124,"neow_bonus":"THREE_ENEMY_KILL","is_daily":false,"chose_seed":false,"campfire_upgraded":6,"win_rate":0.0,"timestamp":1610451023,"path_taken":["M","?","M","?","?","R","E","$","T","R","M","R","?","M","R","BOSS","M","?","M","$","?","R","$","E","T","?","M","M","M","?","R","BOSS","M","?","?","?","M","E","R","M","T","M","R","?","?","M","R","BOSS"],"items_purchased_type":["Card","Card","Relic","Card","Card","Relic"],"build_version":"2020-12-22","purchased_purges":2,"victory":true,"max_hp_per_floor":[70,70,70,70,70,70,70,70,70,70,70,70,70,70,70,70,70,70,70,70,70,70,70,70,70,70,70,70,70,70,70,70,70,70,70,70,70,70,70,70,70,70,70,70,70,61,61,61,61,61],"relic_stats":{"Sozu":3,"counters":[23,121],"Ornamental Fan":[0],"CeramicFish":63,"HoveringKite":[8],"Juzu Bracelet":1,"War Paint":["Defend_G","Backflip"],"MawBank":144,"obtain_stats":[{"TwistedFunnel":21,"NeowsBlessing":0,"CeramicFish":25,"HoveringKite":34,"Juzu Bracelet":40,"War Paint":7,"MawBank":9,"Ancient Tea Set":13,"Sozu":17,"Anchor":26,"Ornamental Fan":43,"Red Mask":36,"Membership Card":31,"Ring of the Snake":0},{"TwistedFunnel":10,"NeowsBlessing":0,"CeramicFish":11,"HoveringKite":16,"Juzu Bracelet":19,"War Paint":5,"MawBank":5,"Ancient Tea Set":6,"Sozu":8,"Anchor":11,"Ornamental Fan":20,"Red Mask":17,"Membership Card":15,"Ring of the Snake":0},{"TwistedFunnel":57,"NeowsBlessing":0,"CeramicFish":63,"HoveringKite":88,"Juzu Bracelet":100,"War Paint":23,"MawBank":23,"Ancient Tea Set":29,"Sozu":45,"Anchor":63,"Ornamental Fan":105,"Red Mask":92,"Membership Card":79,"Ring of the Snake":0}],"Ring of the Snake":[46]},"card_choices":[{"not_picked":["Deflect","Catalyst"],"picked":"Deadly Poison","floor":1},{"not_picked":["Poisoned Stab","Bane"],"picked":"Backflip","floor":2},{"not_picked":["Blade Dance","Venomology"],"picked":"Reflex","floor":3},{"not_picked":["Sucker Punch","Flying Knee"],"picked":"Backflip","floor":5},{"not_picked":["Backstab","Flying Knee"],"picked":"Well Laid Plans","floor":7},{"not_picked":["Slice","Calculated Gamble"],"picked":"PiercingWail","floor":11},{"not_picked":["Blade Dance","Underhanded Strike"],"picked":"Footwork","floor":14},{"not_picked":["Night Terror","Glass Knife"],"picked":"Wraith Form v2","floor":16},{"not_picked":["Flying Knee+1","Deflect"],"picked":"Calculated Gamble","floor":18},{"not_picked":["Outmaneuver","Flying Knee"],"picked":"Deflect+1","floor":20},{"not_picked":["Distraction","Masterful Stab","Die Die Die"],"picked":"SKIP","floor":25},{"not_picked":["Underhanded Strike","Infinite Blades","Noxious Fumes"],"picked":"SKIP","floor":27},{"not_picked":["Backstab","Blade Dance"],"picked":"Dodge and Roll","floor":28},{"not_picked":["Dagger Throw","Noxious Fumes"],"picked":"Acrobatics","floor":29},{"not_picked":["Dash+1","Masterful Stab"],"picked":"Catalyst","floor":30},{"not_picked":["Dagger Throw+1","Poisoned Stab+1","Bouncing Flask+1"],"picked":"SKIP","floor":35},{"not_picked":["Endless Agony","Leg Sweep+1","Backflip"],"picked":"SKIP","floor":39},{"not_picked":["Finisher+1","Infinite Blades+1"],"picked":"Dodge and Roll+1","floor":40},{"not_picked":["Outmaneuver+1","Prepared","Flechettes+1"],"picked":"SKIP","floor":42},{"not_picked":["Backflip","Heel Hook"],"picked":"Night Terror","floor":44},{"not_picked":["Setup","Flechettes+1","Sucker Punch+1"],"picked":"SKIP","floor":48}],"player_experience":290564,"relics_obtained":[{"floor":7,"key":"War Paint"},{"floor":9,"key":"MawBank"},{"floor":25,"key":"CeramicFish"},{"floor":26,"key":"Anchor"},{"floor":40,"key":"Juzu Bracelet"},{"floor":43,"key":"Ornamental Fan"}],"event_choices":[{"damage_healed":0,"gold_gain":0,"player_choice":"Upgraded","damage_taken":0,"max_hp_gain":0,"max_hp_loss":0,"event_name":"Upgrade Shrine","floor":4,"gold_loss":0,"cards_upgraded":["Deadly Poison"]},{"damage_healed":0,"gold_gain":30,"player_choice":"Searched \u00273\u0027 times","damage_taken":0,"relics_obtained":["Ancient Tea Set"],"max_hp_gain":0,"max_hp_loss":0,"event_name":"Dead Adventurer","floor":13,"gold_loss":0},{"damage_healed":0,"gold_gain":0,"cards_transformed":["Strike_G","Strike_G"],"player_choice":"Became Test Subject","damage_taken":0,"max_hp_gain":0,"max_hp_loss":0,"event_name":"Drug Dealer","floor":19,"gold_loss":0,"cards_obtained":["Predator","Burst"]},{"damage_healed":0,"gold_gain":0,"player_choice":"Copied","damage_taken":0,"max_hp_gain":0,"max_hp_loss":0,"event_name":"Duplicator","floor":22,"gold_loss":0,"cards_obtained":["Deadly Poison"]},{"damage_healed":0,"gold_gain":0,"player_choice":"Paid","damage_taken":0,"relics_obtained":["Red Mask"],"max_hp_gain":0,"max_hp_loss":0,"event_name":"Tomb of Lord Red Mask","floor":36,"gold_loss":128},{"damage_healed":0,"gold_gain":0,"player_choice":"Embrace Madness","damage_taken":9,"max_hp_gain":0,"max_hp_loss":0,"event_name":"Winding Halls","floor":37,"gold_loss":0,"cards_obtained":["Madness","Madness"]},{"cards_removed":["Predator"],"damage_healed":0,"gold_gain":0,"player_choice":"Removed Attack","damage_taken":0,"max_hp_gain":0,"max_hp_loss":0,"event_name":"Falling","floor":38,"gold_loss":0},{"damage_healed":61,"gold_gain":0,"player_choice":"Heal","damage_taken":0,"max_hp_gain":0,"max_hp_loss":9,"event_name":"The Moai Head","floor":46,"gold_loss":0},{"damage_healed":0,"gold_gain":0,"player_choice":"Ignored","damage_taken":0,"max_hp_gain":0,"max_hp_loss":0,"event_name":"Mysterious Sphere","floor":47,"gold_loss":0}],"is_beta":false,"boss_relics":[{"not_picked":["Coffee Dripper","WristBlade"],"picked":"Sozu"},{"not_picked":["Cursed Key","Calling Bell"],"picked":"HoveringKite"}],"items_purged_floors":[8,21],"is_endless":false,"potions_floor_spawned":[7,16,27,42,48],"ascension_level":7}}