{"host":"dhr6iszse2qz12e2","time":1610450962,"event":{"mods":["100% Spire Juice","2.2 Compatiblity","A Magickal Journey","Act Like it!","BaseMod","Bestiary","Better Note","BetterRewards","Colored Map","Downfall","Gensokyo","Hermit","Hubris","Infinite Spire","Marisa????????","Minty Spire (QoL Compilation)","Permanent Neow","Quick Restart","Reimu??????","Replay The Spire","Shop Mod","StSLib","Td1madao Mod","The Administrix","The Animator","The Bug Knight","The Cursed","The Edgeheg","The Gatherer","The Hierophant","The IronCluck","The Jungle","The Servant 0.9.4","everything is the same but u backflip on backflip","slay the spire mod where everything is the same but ironclad has a cowboy hat","??????REMEMod"],"gold_per_floor":[79,98,98,98,111,111,129,129,155,155,155],"floor_reached":10,"playtime":415,"items_purged":[],"score":58,"play_id":"87447bfe-1017-45aa-9ff3-9741e3678bcb","local_time":"20210112132922","is_ascension_mode":false,"campfire_choices":[{"data":"theEdgeheg:SephirotKatana","floor":6,"key":"SMITH"},{"data":"theEdgeheg:MachineGun","floor":8,"key":"SMITH"}],"circlet_count":0,"master_deck":["theEdgeheg:StarterShootAttack","theEdgeheg:StarterShootAttack","theEdgeheg:StarterShootAttack","theEdgeheg:StarterShootAttack","theEdgeheg:StarterDodgeSkill","theEdgeheg:StarterDodgeSkill","theEdgeheg:StarterDodgeSkill","theEdgeheg:BloodyKatana","theEdgeheg:ChaosControlSkill","theEdgeheg:GatherChaos","theEdgeheg:SephirotKatana+1","theEdgeheg:DodgeKatana","theEdgeheg:Butt","theEdgeheg:BetterDodge","theEdgeheg:MachineGun+1"],"relics":["theEdgeheg:UltimateLifeformRelic","theEdgeheg:CSGunRelic","REME_ComplimentaryCards","hubris:Icosahedron","Golden Idol","Juzu Bracelet"],"acts_visited":["Exordium"],"potions_floor_usage":[],"damage_taken":[{"damage":1,"enemies":"2 Louse","floor":1,"turns":2},{"damage":0,"enemies":"Jaw Worm","floor":2,"turns":4},{"damage":0,"enemies":"Small Slimes","floor":5,"turns":5},{"damage":1,"enemies":"3 Louse","floor":7,"turns":5},{"damage":1,"enemies":"3 Sentries","floor":10,"turns":1}],"seed_played":"-9142833063728203485","potions_obtained":[{"floor":1,"key":"Ancient Potion"},{"floor":2,"key":"champ:CounterPotion"},{"floor":5,"key":"sneckomod:MuddlingPotion"}],"is_trial":false,"path_per_floor":["M","M","?","?","M","R","M","R","T","E"],"character_chosen":"THE_DEFAULT","items_purchased":[],"campfire_rested":0,"item_purchase_floors":[],"current_hp_per_floor":[3,3,3,2,2,2,1,1,1,0,0],"gold":155,"neow_bonus":"THREE_RARE_CARDS","is_daily":false,"chose_seed":false,"campfire_upgraded":2,"win_rate":0.0,"timestamp":1610450962,"path_taken":["M","M","?","?","?","R","M","R","T","E"],"items_purchased_type":[],"build_version":"2020-12-22","purchased_purges":0,"victory":false,"max_hp_per_floor":[5,5,5,5,5,5,5,5,5,5,5],"card_choices":[{"not_picked":["theEdgeheg:PerfectAim","theEdgeheg:BlockingGF"],"picked":"theEdgeheg:SephirotKatana","floor":0},{"not_picked":["theEdgeheg:BlackKatana","theEdgeheg:MachineGun"],"picked":"theEdgeheg:DodgeKatana","floor":1},{"not_picked":["theEdgeheg:Fastness","theEdgeheg:Heh"],"picked":"theEdgeheg:Butt","floor":2},{"not_picked":["theEdgeheg:Glare","theEdgeheg:DrawBlade"],"picked":"theEdgeheg:BetterDodge","floor":5},{"not_picked":["theEdgeheg:RollAndShoot","theEdgeheg:ChaosCards"],"picked":"theEdgeheg:MachineGun","floor":7}],"player_experience":449422,"relics_obtained":[{"floor":9,"key":"Juzu Bracelet"}],"event_choices":[{"damage_healed":0,"gold_gain":0,"player_choice":"Take Damage","damage_taken":1,"relics_obtained":["Golden Idol"],"max_hp_gain":0,"max_hp_loss":0,"event_name":"Golden Idol","floor":4,"gold_loss":0}],"is_beta":false,"boss_relics":[],"items_purged_floors":[],"is_endless":false,"potions_floor_spawned":[1,2,5],"killed_by":"3 Sentries","ascension_level":0}}