{"host":"2c1pg2m9wpz3w4c0","time":1610494296,"event":{"mods":["AchievementEnabler","Act Like it!","Aspiration","BaseMod","Better Note","BetterRewards","Curses Come First","Disable Question Mark Monsters","Halation","Hubris","Infinite Spire","Lotus Mark","Marisa????????","Minty Spire (QoL Compilation)","Replay The Spire","StSLib","SuperFastMode","The Clintock","The Jungle","The Marked","The Runesmith","Transform Curses"],"gold_per_floor":[116,191,191,205,224,256,256,271,271,271,291,306,306,318,318,415,415,426,426,436,436,406,406,418,418,441,465,489,513,525,551,563,677,739,764,776,805,817,840,852,892,904,916,928,955,980,992,992],"floor_reached":47,"language":"ENG","playtime":1942,"items_purged":[],"score":713,"play_id":"cbf96f6f-2089-4731-adc3-548e42cc714e","local_time":"20210112163136","is_ascension_mode":false,"campfire_choices":[{"floor":7,"key":"REST"},{"floor":10,"key":"REST"},{"floor":13,"key":"REST"},{"floor":15,"key":"REST"},{"floor":23,"key":"REST"},{"data":"Apotheosis","floor":25,"key":"SMITH"},{"floor":32,"key":"REST"},{"floor":40,"key":"REST"},{"floor":42,"key":"REST"},{"floor":44,"key":"REST"}],"circlet_count":0,"master_deck":["Runesmith:Strike_RS","Runesmith:Strike_RS","Runesmith:Strike_RS","Runesmith:Strike_RS","Runesmith:Defend_RS","Runesmith:Defend_RS","Runesmith:Defend_RS","Runesmith:Defend_RS","Runesmith:CraftFirestone","Runesmith:Fortify","Apotheosis","Runesmith:LithiumIon","Apotheosis+1","Runesmith:CraftProtectio","Runesmith:PoweredAnvil","Runesmith:FrozenChisel","Runesmith:CraftProtectio","Runesmith:CraftMagma","Runesmith:Accelerate","Runesmith:BackupBattery","Runesmith:GoWithTheFlow","Runesmith:DuctTape","Runesmith:ChiselStab+1","Runesmith:HeatExchange","Runesmith:StaticCage","Runesmith:Repurpose","Runesmith:ChiselStab+1","Runesmith:ChiselStab+1","Runesmith:CraftMagma","Runesmith:CreatorForm","Runesmith:Reinforce","Runesmith:BackupBattery","Runesmith:UnlimitedPower","Runesmith:Fortify","Runesmith:Permafrost+1","Runesmith:FieryHammer+1","Runesmith:Attraction","Runesmith:Grindstone","Runesmith:CraftObretio","Runesmith:Grindstone","Runesmith:NanitesCloud+1"],"relics":["Runesmith:BrokenRuby","DollysMirror","infinitespire:Joker Card","halation:LettersToHer","Chameleon Ring","Black Star","Bottled Lightning","MawBank","Tiny House","ReplayTheSpireMod:Shallot","ReplayTheSpireMod:Lightbulb","Prayer Wheel","infinitespire:CheckeredPen"],"acts_visited":["Exordium","theJungle:Jungle","TheBeyond"],"potions_floor_usage":[6,12,16,16,24,31,33,39,39,46],"damage_taken":[{"damage":0,"enemies":"Small Slimes","floor":1,"turns":3},{"damage":0,"enemies":"Jaw Worm","floor":4,"turns":3},{"damage":5,"enemies":"2 Louse","floor":5,"turns":4},{"damage":0,"enemies":"Lagavulin","floor":6,"turns":6},{"damage":17,"enemies":"Exordium Thugs","floor":8,"turns":5},{"damage":12,"enemies":"2 Fungi Beasts","floor":11,"turns":4},{"damage":9,"enemies":"Gremlin Gang","floor":12,"turns":5},{"damage":3,"enemies":"Lots of Slimes","floor":14,"turns":5},{"damage":0,"enemies":"Fading Forest","floor":16,"turns":11},{"damage":8,"enemies":"theJungle:GiantWrat","floor":18,"turns":5},{"damage":10,"enemies":"Shell Parasite","floor":20,"turns":6},{"damage":3,"enemies":"theJungle:2_Flameangoes","floor":24,"turns":7},{"damage":3,"enemies":"theJungle:SlimyTreeVines","floor":27,"turns":6},{"damage":9,"enemies":"Snake Plant","floor":28,"turns":6},{"damage":17,"enemies":"theJungle:2_Snecko_Cultists","floor":29,"turns":4},{"damage":0,"enemies":"theJungle:SlimyTreeVines","floor":31,"turns":7},{"damage":13,"enemies":"theJungle:FunGuy","floor":33,"turns":11},{"damage":0,"enemies":"Orb Walker","floor":35,"turns":4},{"damage":23,"enemies":"3 Shapes","floor":37,"turns":6},{"damage":27,"enemies":"Jaw Worm Horde","floor":39,"turns":4},{"damage":44,"enemies":"Nightmare","floor":41,"turns":9},{"damage":21,"enemies":"3 Darklings","floor":45,"turns":5},{"damage":0,"enemies":"4 Shapes","floor":46,"turns":7},{"damage":26,"enemies":"Spire Growth","floor":47,"turns":4}],"seed_played":"1543028493396701858","potions_obtained":[{"floor":1,"key":"Fire Potion"},{"floor":6,"key":"SpeedPotion"},{"floor":8,"key":"LiquidMemories"},{"floor":12,"key":"ColorlessPotion"},{"floor":20,"key":"SneckoOil"},{"floor":22,"key":"Flashbang"},{"floor":22,"key":"DuplicationPotion"},{"floor":24,"key":"Block Potion"},{"floor":27,"key":"Fire Potion"},{"floor":33,"key":"Dexterity Potion"},{"floor":34,"key":"Doom Potion"},{"floor":45,"key":"Swift Potion"}],"is_trial":false,"path_per_floor":["M","?","?","M","M","E","R","M","T","R","M","M","R","M","R","B",null,"M","?","M","T","?","R","M","R","T","M","M","M","$","M","R","B",null,"M","?","M","?","M","R","NM","R","T","R","M","M","M"],"character_chosen":"RUNESMITH_CLASS","items_purchased":["Apotheosis","Runesmith:LithiumIon","DollysMirror"],"campfire_rested":9,"item_purchase_floors":[0,0,0],"current_hp_per_floor":[44,33,40,40,35,35,56,39,39,60,48,39,60,57,70,70,70,62,62,52,52,52,70,67,67,67,67,58,41,41,47,68,55,75,75,75,52,52,25,47,3,25,25,47,26,26,0,0],"gold":992,"neow_bonus":"","is_daily":false,"chose_seed":false,"campfire_upgraded":1,"win_rate":0.0,"timestamp":1610494296,"path_taken":["M","?","?","M","M","E","R","M","T","R","M","?","R","M","R","BOSS","M","?","M","?","?","R","M","R","T","?","M","?","$","M","R","BOSS","M","?","?","?","M","R","NM","R","T","R","M","M","M"],"items_purchased_type":["Card","Card","Relic"],"build_version":"2020-12-22","purchased_purges":0,"victory":false,"max_hp_per_floor":[70,70,70,70,70,70,70,70,70,70,70,70,70,70,70,70,70,70,70,70,70,70,70,70,70,70,70,70,70,70,70,70,70,75,75,75,75,75,75,75,75,75,75,75,75,75,75,75],"card_choices":[{"not_picked":["Runesmith:MakeshiftArmor","Runesmith:Grindstone"],"picked":"Runesmith:CraftProtectio","floor":1},{"not_picked":["Runesmith:CraftProtectio","Runesmith:CraftVitae"],"picked":"Runesmith:PoweredAnvil","floor":4},{"not_picked":["Runesmith:ShiftingStrike","Runesmith:Malloc"],"picked":"Runesmith:FrozenChisel","floor":5},{"not_picked":["Runesmith:MakeshiftArmor","Runesmith:Electrocute"],"picked":"Runesmith:CraftProtectio","floor":6},{"not_picked":["Runesmith:Overpower","Runesmith:UnstableHammer"],"picked":"Runesmith:CraftMagma","floor":8},{"not_picked":["Runesmith:HammerThrow","Runesmith:Grindstone"],"picked":"Runesmith:Accelerate","floor":11},{"not_picked":["Runesmith:ShiftingStrike","Runesmith:CraftMagma"],"picked":"Runesmith:BackupBattery","floor":12},{"not_picked":["Runesmith:CraftIncendium","Runesmith:CraftIndustria"],"picked":"Runesmith:GoWithTheFlow","floor":14},{"not_picked":["Runesmith:CraftIndustria","Runesmith:ArcReactor"],"picked":"Runesmith:DuctTape","floor":16},{"not_picked":["Runesmith:ChaoticBlast","Runesmith:UnstableHammer"],"picked":"Runesmith:ChiselStab+1","floor":18},{"not_picked":["Runesmith:Firewall","Runesmith:ChargedHammer+1"],"picked":"Runesmith:HeatExchange","floor":20},{"not_picked":["aspiration:UnbridledHammer+1","Runesmith:Overpower"],"picked":"Runesmith:StaticCage","floor":24},{"not_picked":["Runesmith:Supernova","Runesmith:Overpower"],"picked":"Runesmith:Repurpose","floor":27},{"not_picked":["Runesmith:MakeshiftArmor","Runesmith:Grindstone"],"picked":"Runesmith:ChiselStab+1","floor":28},{"not_picked":["Runesmith:HammerAndChisel","Runesmith:Accelerate+1"],"picked":"Runesmith:ChiselStab","floor":29},{"not_picked":["Runesmith:Overpower+1","Runesmith:FrozenChisel"],"picked":"Runesmith:CraftMagma","floor":31},{"not_picked":["Runesmith:LightningRod","Runesmith:DuctTape"],"picked":"Runesmith:CreatorForm","floor":33},{"not_picked":["Runesmith:HeatExchange","Runesmith:Electrocute+1"],"picked":"Runesmith:Reinforce","floor":34},{"not_picked":["Runesmith:Repurpose+1","Runesmith:Accelerate"],"picked":"Runesmith:BackupBattery","floor":35},{"not_picked":["Runesmith:Overpower+1","Runesmith:MakeshiftArmor"],"picked":"Runesmith:Permafrost+1","floor":37},{"not_picked":["Runesmith:HeatExchange+1","Runesmith:Grindstone"],"picked":"Runesmith:FieryHammer+1","floor":39},{"not_picked":["Runesmith:Electrocute","Runesmith:UnlimitedPower"],"picked":"Runesmith:Attraction","floor":41},{"not_picked":["Runesmith:RuneHurl+1","Runesmith:UnstableHammer"],"picked":"Runesmith:Grindstone","floor":45},{"not_picked":["Runesmith:Firewall+1","Runesmith:Overpower"],"picked":"Runesmith:CraftObretio","floor":45},{"not_picked":["Runesmith:FieryHammer","Runesmith:ReplicatingBarrier"],"picked":"Runesmith:Grindstone","floor":46},{"not_picked":["Runesmith:CraftReservo+1","Runesmith:StaticCage"],"picked":"Runesmith:NanitesCloud+1","floor":46}],"player_experience":1169028,"relics_obtained":[{"floor":6,"key":"halation:LettersToHer"},{"floor":9,"key":"halation:LettersToHer"},{"floor":9,"key":"Chameleon Ring"},{"floor":21,"key":"halation:LettersToHer"},{"floor":21,"key":"Bottled Lightning"},{"floor":26,"key":"halation:LettersToHer"},{"floor":26,"key":"MawBank"},{"floor":41,"key":"ReplayTheSpireMod:Lightbulb"},{"floor":41,"key":"Prayer Wheel"},{"floor":43,"key":"halation:LettersToHer"},{"floor":43,"key":"infinitespire:CheckeredPen"}],"event_choices":[{"damage_healed":0,"gold_gain":75,"player_choice":"Gather Gold","damage_taken":11,"max_hp_gain":0,"max_hp_loss":0,"event_name":"World of Goop","floor":2,"gold_loss":0},{"damage_healed":0,"gold_gain":0,"player_choice":"Ignored","damage_taken":0,"max_hp_gain":0,"max_hp_loss":0,"event_name":"Purifier","floor":19,"gold_loss":0},{"damage_healed":0,"gold_gain":0,"player_choice":"Bought 2 Potions","damage_taken":0,"max_hp_gain":0,"max_hp_loss":0,"event_name":"The Woman in Blue","floor":22,"gold_loss":0},{"damage_healed":0,"gold_gain":0,"player_choice":"2 cards matched","damage_taken":0,"max_hp_gain":0,"max_hp_loss":0,"event_name":"Match and Keep!","floor":36,"gold_loss":0,"cards_obtained":["Runesmith:UnlimitedPower","Runesmith:Fortify"]},{"damage_healed":0,"gold_gain":0,"player_choice":"Gave Potion","damage_taken":0,"relics_obtained":["ReplayTheSpireMod:Shallot"],"max_hp_gain":0,"max_hp_loss":0,"event_name":"WeMeetAgain","floor":38,"gold_loss":0}],"is_beta":false,"boss_relics":[{"not_picked":["Runic Dome","Runesmith:PocketReactor"],"picked":"Black Star"},{"not_picked":["hubris:HollowSoul","halation:CatFaceCupcake"],"picked":"Tiny House"}],"items_purged_floors":[],"is_endless":true,"potions_floor_spawned":[1,6,8,12,20,24,27,33,45],"killed_by":"Spire Growth","ascension_level":0}}