{"host":"oy4pyvr762z5n0bb","time":1610432248,"event":{"mods":["AchievementEnabler","BaseMod","Colored Map","Colored Powertips","Googly Eyes","Key Reminder","Minty Spire (QoL Compilation)","Quick Restart","Relic Sorter","Slay the Relics Exporter","StSLib","SuperFastMode","Unceasing Turn Reminder","slay the spire mod where everything is the same but ironclad has a cowboy hat"],"gold_per_floor":[213,213,225,225,300,317,317,77,100,133,133,57,85,45,45,45,45],"floor_reached":16,"playtime":301,"items_purged":[],"score":164,"play_id":"fd580584-0fb1-48a4-91ee-51e03474b694","local_time":"20210111221728","is_ascension_mode":true,"campfire_choices":[{"data":"Zap","floor":7,"key":"SMITH"},{"floor":11,"key":"REST"},{"data":"Defragment","floor":15,"key":"SMITH"}],"circlet_count":0,"master_deck":["AscendersBane","Strike_B","Strike_B","Strike_B","Strike_B","Defend_B","Defend_B","Defend_B","Defend_B","Zap+1","Dualcast","Hologram","Doom and Gloom","Leap","Defragment+1","Sweeping Beam","FTL","Undo","Sweeping Beam","Melter","Loop"],"relics":["Cracked Core","PreservedInsect","Nunchaku","InkBottle","Pantograph","keyreminder:keyreminder"],"acts_visited":["Exordium"],"potions_floor_usage":[],"damage_taken":[{"damage":13,"enemies":"Jaw Worm","floor":1,"turns":4},{"damage":12,"enemies":"Small Slimes","floor":3,"turns":4},{"damage":2,"enemies":"2 Louse","floor":6,"turns":2},{"damage":21,"enemies":"3 Sentries","floor":10,"turns":4},{"damage":25,"enemies":"Gremlin Nob","floor":13,"turns":4},{"damage":44,"enemies":"Hexaghost","floor":16,"turns":9}],"seed_played":"5168125202543316779","potions_obtained":[{"floor":3,"key":"BlessingOfTheForge"},{"floor":13,"key":"FearPotion"}],"is_trial":false,"path_per_floor":["M","?","M","?","?","M","R","$","T","E","R","$","E","$","R","B"],"character_chosen":"DEFECT","items_purchased":["Defragment","Sweeping Beam","FTL","Undo","Melter","Loop"],"campfire_rested":1,"item_purchase_floors":[8,8,8,8,12,14],"current_hp_per_floor":[55,43,31,56,45,43,43,43,43,22,44,44,19,19,19,0,0],"gold":45,"neow_bonus":"HUNDRED_GOLD","is_daily":false,"chose_seed":false,"campfire_upgraded":2,"win_rate":0.0,"timestamp":1610432248,"path_taken":["M","?","M","?","?","M","R","$","T","E","R","?","E","$","R","BOSS"],"items_purchased_type":["Card","Card","Card","Card","Card","Card"],"build_version":"2020-12-22","purchased_purges":0,"victory":false,"max_hp_per_floor":[75,75,75,75,75,75,75,75,75,75,75,75,75,75,75,75,75],"card_choices":[{"not_picked":["Force Field","Capacitor"],"picked":"Hologram","floor":1},{"not_picked":["Gash","Hello World"],"picked":"Doom and Gloom","floor":3},{"not_picked":["Beam Cell","Turbo"],"picked":"Leap","floor":6},{"not_picked":["Reprogram","Multi-Cast"],"picked":"Sweeping Beam","floor":10},{"not_picked":["Double Energy","Beam Cell","Reinforced Body"],"picked":"SKIP","floor":13}],"player_experience":737145,"relics_obtained":[{"floor":9,"key":"Nunchaku"},{"floor":10,"key":"InkBottle"},{"floor":13,"key":"Pantograph"}],"event_choices":[{"damage_healed":0,"gold_gain":0,"player_choice":"Success","damage_taken":12,"relics_obtained":["PreservedInsect"],"max_hp_gain":0,"max_hp_loss":0,"event_name":"Scrap Ooze","floor":2,"gold_loss":0},{"damage_healed":25,"gold_gain":0,"player_choice":"Banana","damage_taken":0,"max_hp_gain":0,"max_hp_loss":0,"event_name":"Big Fish","floor":4,"gold_loss":0},{"damage_healed":0,"gold_gain":75,"player_choice":"Gather Gold","damage_taken":11,"max_hp_gain":0,"max_hp_loss":0,"event_name":"World of Goop","floor":5,"gold_loss":0}],"is_beta":false,"boss_relics":[],"items_purged_floors":[],"is_endless":false,"potions_floor_spawned":[3,13],"killed_by":"Hexaghost","ascension_level":11}}