{"host":"3j2m8n0ywf988fwb","time":1610445099,"event":{"mods":["2.2 Compatiblity","Aspiration","BaseMod","Bestiary","Better Altar","Better Match","Better Note","Better Sensory Stone","Better Skull","Better Third Choice","CCEM","Colored Map","Colored Powertips","Dark Map","Googly Eyes","Halation","HexUI Lib","Highlight Path","Hubris","Infinite Spire","Jedi Mod","Marked Mod","Mimic Mod","Minty Spire (QoL Compilation)","Random Character Button","Relic Stats","Replay The Spire","Shop Mod","StSLib","Unceasing Turn Reminder","everything is the same but u backflip on backflip"],"gold_per_floor":[117,117,155,175,193,226,242,254,254,321,391,391,36,93,93,192,192,203,403,373,388,388],"floor_reached":21,"playtime":1233,"items_purged":["Strike_B"],"score":227,"play_id":"73ffd97d-97cf-4585-bde5-388d94d28c0d","local_time":"20210112035139","is_ascension_mode":true,"campfire_choices":[{"floor":12,"key":"REST"},{"floor":15,"key":"REST"}],"circlet_count":0,"master_deck":["Strike_B","Strike_B","Strike_B","Defend_B","Defend_B","Defend_B","Defend_B","Zap","Dualcast","jedi:blockon","Doom and Gloom","Panic Button","FTL","Cold Snap","Self Repair","Static Discharge","jedi:reiji","Defragment","Panic Button","jedi:reiji","Lockon","Lockon","FIFO Queue","FIFO Queue","White Noise","Barrage"],"relics":["Cracked Core","NeowsBlessing","ReplayTheSpireMod:Ring of Exchange","ReplayTheSpireMod:Ring of Collecting","jedi:cryingmask","ReplayTheSpireMod:Ring of Addiction","SacredBark","White Beast Statue","Replay:Accelerometer","halation:LettersToHer","ReplayTheSpireMod:Ring of Challenge","Bag of Marbles","halation:PrussianBluePaint","Tiny Chest","halation:NonexistentMirror","Prayer Wheel"],"acts_visited":["Exordium","TheCity"],"potions_floor_usage":[5,11,14,16,20],"damage_taken":[{"damage":0,"enemies":"2 Louse","floor":1,"turns":1},{"damage":0,"enemies":"Jaw Worm","floor":3,"turns":1},{"damage":0,"enemies":"Jaw Worm","floor":4,"turns":1},{"damage":0,"enemies":"Small Slimes","floor":5,"turns":2},{"damage":42,"enemies":"Gremlin Nob","floor":6,"turns":5},{"damage":4,"enemies":"Red Slaver","floor":7,"turns":4},{"damage":13,"enemies":"Blue Slaver","floor":8,"turns":3},{"damage":12,"enemies":"Replay:BlueRogue","floor":11,"turns":4},{"damage":20,"enemies":"2 Fungi Beasts","floor":14,"turns":4},{"damage":45,"enemies":"Hexaghost","floor":16,"turns":10},{"damage":26,"enemies":"Spheric Guardian","floor":18,"turns":5},{"damage":51,"enemies":"2 Thieves","floor":20,"turns":5},{"damage":11,"enemies":"Snake Plant","floor":21,"turns":1}],"seed_played":"8305644566382035388","potions_obtained":[{"floor":3,"key":"Elixir"},{"floor":3,"key":"Explosive Potion"},{"floor":3,"key":"Doom Potion"},{"floor":4,"key":"Energy Potion"},{"floor":5,"key":"SmokeBomb"},{"floor":7,"key":"DistilledChaos"},{"floor":8,"key":"Swift Potion"},{"floor":11,"key":"infinitespire:BlackPotion"},{"floor":14,"key":"Block Potion"},{"floor":16,"key":"PowerPotion"},{"floor":20,"key":"PowerPotion"}],"is_trial":false,"path_per_floor":["M","?","MIM","M","M","E","M","M","T","?","E","R","$","M","R","B",null,"M","?","M","M"],"character_chosen":"DEFECT","items_purchased":["Defragment","Tiny Chest","Panic Button"],"campfire_rested":2,"item_purchase_floors":[13,13,13],"current_hp_per_floor":[75,75,75,75,75,33,29,23,23,23,18,39,39,26,47,9,73,54,54,10,0,0],"gold":388,"neow_bonus":"THREE_ENEMY_KILL","is_daily":false,"chose_seed":false,"campfire_upgraded":0,"win_rate":0.0,"timestamp":1610445099,"path_taken":["M","?","?","M","M","E","M","?","T","?","E","R","$","M","R","BOSS","M","?","?","?"],"items_purchased_type":["Card","Relic","Card"],"build_version":"2020-12-22","purchased_purges":1,"victory":false,"max_hp_per_floor":[75,75,75,75,75,75,75,75,73,73,73,73,73,73,73,73,73,73,73,71,71,71],"relic_stats":{"counters":[13,46],"Tiny Chest":0,"Prayer Wheel":2,"obtain_stats":[{"ReplayTheSpireMod:Ring of Exchange":2,"Replay:Accelerometer":6,"NeowsBlessing":0,"ReplayTheSpireMod:Ring of Addiction":3,"SacredBark":3,"White Beast Statue":3,"halation:NonexistentMirror":17,"halation:PrussianBluePaint":11,"ReplayTheSpireMod:Ring of Collecting":2,"jedi:cryingmask":3,"Tiny Chest":13,"Prayer Wheel":18,"Bag of Marbles":10,"ReplayTheSpireMod:Ring of Challenge":9,"Cracked Core":0,"halation:LettersToHer":9},{"ReplayTheSpireMod:Ring of Exchange":1,"Replay:Accelerometer":5,"NeowsBlessing":0,"ReplayTheSpireMod:Ring of Addiction":2,"SacredBark":2,"White Beast Statue":2,"halation:NonexistentMirror":10,"halation:PrussianBluePaint":8,"ReplayTheSpireMod:Ring of Collecting":1,"jedi:cryingmask":2,"Tiny Chest":8,"Prayer Wheel":11,"Bag of Marbles":7,"ReplayTheSpireMod:Ring of Challenge":7,"Cracked Core":0,"halation:LettersToHer":7},{"ReplayTheSpireMod:Ring of Exchange":1,"Replay:Accelerometer":10,"NeowsBlessing":0,"ReplayTheSpireMod:Ring of Addiction":2,"SacredBark":2,"White Beast Statue":2,"halation:NonexistentMirror":35,"halation:PrussianBluePaint":21,"ReplayTheSpireMod:Ring of Collecting":1,"jedi:cryingmask":2,"Tiny Chest":21,"Prayer Wheel":38,"Bag of Marbles":17,"ReplayTheSpireMod:Ring of Challenge":17,"Cracked Core":0,"halation:LettersToHer":17}]},"card_choices":[{"not_picked":["Sweeping Beam","Compile Driver"],"picked":"jedi:blockon","floor":1},{"not_picked":["Coolheaded","Chaos"],"picked":"Doom and Gloom","floor":3},{"not_picked":["Force Field","jedi:blockon"],"picked":"Panic Button","floor":4},{"not_picked":["Panic Button","Skim"],"picked":"FTL","floor":5},{"not_picked":["Chill","Panic Button"],"picked":"Cold Snap","floor":6},{"not_picked":["Sweeping Beam","BasicCrystalCard"],"picked":"Self Repair","floor":7},{"not_picked":["Coolheaded","Turbo"],"picked":"Static Discharge","floor":8},{"not_picked":["Loop","ReplayTheSpireMod:GoodbyeWorld"],"picked":"jedi:reiji","floor":11},{"not_picked":["Cold Snap","Reinforced Body"],"picked":"jedi:reiji","floor":14},{"not_picked":["jedi:bruteforce","All For One"],"picked":"ReplayTheSpireMod:Fabricate Wheel","floor":16},{"not_picked":["Compile Driver","BootSequence+1"],"picked":"Lockon","floor":18},{"not_picked":["jedi:markofdeath","jedi:BurstLightning"],"picked":"FIFO Queue","floor":18},{"not_picked":["Static Discharge","Aggregate"],"picked":"White Noise","floor":20},{"not_picked":["Lockon","Melter"],"picked":"Barrage","floor":20}],"player_experience":748135,"relics_obtained":[{"floor":2,"key":"ReplayTheSpireMod:Ring of Exchange"},{"floor":2,"key":"ReplayTheSpireMod:Ring of Collecting"},{"floor":3,"key":"jedi:cryingmask"},{"floor":3,"key":"ReplayTheSpireMod:Ring of Addiction"},{"floor":3,"key":"SacredBark"},{"floor":3,"key":"White Beast Statue"},{"floor":6,"key":"Replay:Accelerometer"},{"floor":9,"key":"halation:LettersToHer"},{"floor":9,"key":"ReplayTheSpireMod:Ring of Challenge"},{"floor":10,"key":"Bag of Marbles"},{"floor":11,"key":"halation:PrussianBluePaint"}],"event_choices":[{"damage_healed":0,"gold_gain":250,"player_choice":"Bet on Owner","damage_taken":0,"max_hp_gain":0,"max_hp_loss":0,"event_name":"The Joust","floor":19,"gold_loss":50}],"is_beta":false,"boss_relics":[{"not_picked":["FrozenCore","halation:CatFaceCupcake"],"picked":"halation:NonexistentMirror"}],"items_purged_floors":[13],"is_endless":false,"potions_floor_spawned":[4,5,6,7,8,11,14,16,18,20],"killed_by":"Snake Plant","ascension_level":4}}