{"host":"qplg6lv14326wdmo","time":1610437121,"event":{"mods":["Act Like it!","Arknights The Spire","Aspiration","BaseMod","Dota2Spire","Downfall","Friendly Minions","Gensokyo","GungeonMod","Hunter 猎人","KinomotoSakuraMod(木之本樱)","Kiyohime（清姬）","KomeijiMod","LagranYue(拉格朗・月)","Marisa（F雨　魔理沙）","Minty Spire (QoL Compilation)","MostiFishMod","READ ME - Guardian Mod","Reimu（博丽灵梦）","Remilia（蕾米莉亚）","Shop Mod","StSLib","TestMod","The Administrix","The Bladedancer","The Gatherer","The Poker Player","WarShipGirlsR/战舰少女R mod","Yakumo Yukari mod","Youmu（魂魄妖梦）","Yuri Mod","Yuyuko","[IsaacMod]以撒尖塔","[地精首领爬塔]The Maniac","【遗物卡牌】REMEMod","篝火指南"],"gold_per_floor":[359,12,28,47,86,135,135,535,535,561,593,604,631,916,412,513,513,532,99,111,128,144,187,187,221,221,221,248,261,311,311,702,805,805,1185,558,817,849,902,931,176,224,249,279,295,16,37,308,69,88,799,582,36,68,239],"floor_reached":56,"playtime":5232,"items_purged":["Exhaustion","Upgrade_Giant","maniac:Strike","Envy_TH","maniac:Strike","maniac:Strike+1","maniac:Strike+1","maniac:Defend+1"],"score":1996,"play_id":"eb486ee1-867f-4244-ad52-66b560a72058","local_time":"20210112153841","is_ascension_mode":true,"campfire_choices":[{"floor":7,"key":"RECALL"},{"data":"maniac:Retrospect","floor":24,"key":"SMITH"}],"circlet_count":0,"master_deck":["maniac:Strike+1","maniac:Defend+1","maniac:Defend+1","maniac:AbyssShackle+1","BettingIsNotGood+1","maniac:DashForward+1","maniac:Collecting+1","maniac:BladesInCloak+1","maniac:Precision+1","maniac:Retrospect+1","rmod:fletcherpendant+1","maniac:Collecting+1","maniac:BladesInCloak+1","maniac:ShelteringEdge+1","maniac:Retrospect+1","maniac:Hasten+1","maniac:Collecting+1"],"relics":["maniac:DamagedAnvil","maniac:BrokenHorn","HushsDoor","DaveBox","testmod-TestBox","LagranYue:RandomDrawCardRelic","testmod-Nyarlathotep","PatriotShield","SynthV:TestCard","PreservedInsect","DemoMod:GnawedKey","Centennial Puzzle","DemoMod:GlassGuonStoneRelic","Dota2Spire:CrimsonGuard","PokeGo","DemoMod:OrangeGuonStone","Pantograph","aspiration:Lifesprig","REME_PuzzleBoxRelic","LagranYue:MagicReflectiveArmorRelic","Dota2Spire:MagicBottle","CrazyTorch:ReiMu","RhineSuit","Dota2Spire:PowerTreads","ClockworkSouvenir","SalivaCoin","SatanicBible","maniac:VisionEye","DemoMod:VorpalBullet","Dota2Spire:HeartOfTarrasque","TheBean","Dota2Spire:ShadowBlade","Sundial","Happy Flower","testmod-OneHitWonder","Boot","testmod-Acrobat","BloodDonationBag","RedLine:ReiMu","Anchor","HoshigumaDish","Chemical X","testmod-CasingShield","UnicornStump","MealTicket","ScarletDevilRocket","Dream Catcher","Vajra","Thread and Needle","DemoMod:RingOfEthereal","REME_CardOfGreed","DemoMod:MeltedRock","Dota2Spire:MaskOfMadness","DianPoetry","Bag of Preparation","Eternal Feather","RuthlessExorcism:ReiMu","Bag of Marbles","aspiration:Nostalgia","yuri:yuriKnife","Civilization","StoneCalendar","DemoMod:BlueGuonStone","testmod-RealStoneCalender","BlankCard","CaptainsWheel","DemoMod:MeatBun","Nunchaku","DemoMod:DecoyRelic","yuri:PortableGlitches","Dota2Spire:ArcaneBoots","DollysMirror","KyoryuNoHagoromo","Akabeko"],"acts_visited":["Exordium","TheCity","TheBeyond","TheEnding"],"potions_floor_usage":[48],"damage_taken":[{"damage":4.0,"enemies":"Cultist","floor":1.0,"turns":2.0},{"damage":1.0,"enemies":"Jaw Worm","floor":3.0,"turns":2.0},{"damage":0.0,"enemies":"2 Louse","floor":4.0,"turns":1.0},{"damage":2,"enemies":"Gremlin Gang","floor":5,"turns":9},{"damage":1,"enemies":"Lagavulin","floor":6,"turns":6},{"damage":0,"enemies":"Looter","floor":10,"turns":3},{"damage":1,"enemies":"3 Sentries","floor":11,"turns":5},{"damage":0,"enemies":"2 Fungi Beasts","floor":12,"turns":1},{"damage":3,"enemies":"Lagavulin","floor":13,"turns":4},{"damage":6,"enemies":"Exordium Wildlife","floor":14,"turns":3},{"damage":0,"enemies":"The Guardian","floor":16,"turns":8},{"damage":2,"enemies":"3 Byrds","floor":18,"turns":3},{"damage":0,"enemies":"Spheric Guardian","floor":20,"turns":1},{"damage":0,"enemies":"Centurion and Healer","floor":21,"turns":2},{"damage":0,"enemies":"Snecko","floor":22,"turns":1},{"damage":0,"enemies":"Gremlin Leader","floor":23,"turns":4},{"damage":1,"enemies":"REME_1_Revenger","floor":25,"turns":1},{"damage":3,"enemies":"Sentry and Sphere","floor":28,"turns":3},{"damage":0,"enemies":"3 Cultists","floor":29,"turns":4},{"damage":0,"enemies":"Slavers","floor":30,"turns":3},{"damage":0,"enemies":"Collector","floor":33,"turns":2},{"damage":4,"enemies":"3 Darklings","floor":35,"turns":3},{"damage":0,"enemies":"3 Darklings","floor":37,"turns":6},{"damage":6,"enemies":"3 Shapes","floor":38,"turns":3},{"damage":0,"enemies":"Reptomancer","floor":40,"turns":3},{"damage":1,"enemies":"Giant Head","floor":42,"turns":2},{"damage":0,"enemies":"Reptomancer","floor":44,"turns":3},{"damage":0,"enemies":"Maw","floor":45,"turns":2},{"damage":0,"enemies":"Transient","floor":47,"turns":3},{"damage":0,"enemies":"4 Shapes","floor":48,"turns":2},{"damage":0,"enemies":"Awakened One","floor":50,"turns":3},{"damage":0,"enemies":"Shield and Spear","floor":54,"turns":1},{"damage":0,"enemies":"The Heart","floor":55,"turns":3}],"seed_played":"-8879420617850384206","potions_obtained":[{"floor":5,"key":"Fire Potion"},{"floor":6,"key":"Dota2Spire:HealingSalve"},{"floor":11,"key":"PowerPotion"},{"floor":28,"key":"testmod-TestPotion"},{"floor":48,"key":"REME_GoldPotion"},{"floor":54,"key":"Fire Potion"}],"is_trial":false,"path_per_floor":["M","$","M","M","M","E","R","?","T","M","E","M","E","M","R","B",null,"M","$","M","M","M","E","R","E","T","?","M","M","E","?","R","B",null,"M","$","?","M","?","E","R","E","T","E","M","R","M","M","R","B",null,"R","$","E","B",null],"character_chosen":"THE_MANIAC","items_purchased":["PreservedInsect","DemoMod:GnawedKey","Dota2Spire:MagicBottle","CrazyTorch:ReiMu","ClockworkSouvenir","SalivaCoin","Anchor","HoshigumaDish","Chemical X","Thread and Needle","DemoMod:RingOfEthereal","REME_CardOfGreed","RuthlessExorcism:ReiMu","Bag of Marbles","aspiration:Nostalgia","DemoMod:BlueGuonStone","DemoMod:MeatBun","Nunchaku","DemoMod:DecoyRelic","yuri:PortableGlitches","Dota2Spire:ArcaneBoots","DollysMirror"],"campfire_rested":0,"item_purchase_floors":[2,2,15,15,19,19,36,36,36,41,41,41,46,46,46,49,52,52,52,53,53,53],"current_hp_per_floor":[76,76,79,79,80,79,79,79,79,79,79,79,76,32,32,57,80,78,78,78,78,78,86,86,85,85,85,82,86,86,86,37,67,88,60,60,74,68,73,73,57,56,56,62,62,36,52,32,41,83,97,58,73,82,117],"gold":239,"neow_bonus":"TWO_FIFTY_GOLD","is_daily":false,"chose_seed":false,"campfire_upgraded":1,"win_rate":0.0,"timestamp":1610437121,"path_taken":["M","?","M","M","M","E","R","?","T","M","E","M","E","M","R","BOSS","M","$","M","M","M","E","R","E","T","?","M","?","E","?","R","BOSS","M","$","?","?","?","E","R","E","T","E","M","R","M","M","R","BOSS","R","$","E","BOSS"],"items_purchased_type":["Relic","Relic","Relic","Relic","Relic","Relic","Relic","Relic","Relic","Relic","Relic","Relic","Relic","Relic","Relic","Relic","Relic","Relic","Relic","Relic","Relic","Relic"],"build_version":"2020-12-22","purchased_purges":8,"victory":true,"max_hp_per_floor":[80,80,80,80,80,80,80,80,80,80,80,80,80,80,80,80,80,80,80,80,80,80,88,88,88,88,88,88,88,88,88,88,88,88,88,88,88,88,88,88,88,88,88,88,88,88,88,90,90,97,97,97,97,106,117],"card_choices":[{"not_picked":[],"picked":"BettingIsNotGood","floor":0.0},{"not_picked":["maniac:Confront","maniac:Whirlscythe","maniac:Traceback"],"picked":"SKIP","floor":1.0},{"not_picked":["maniac:ListenToNone","maniac:TorturousScreams","maniac:Recollect","maniac:WardAndDefend"],"picked":"maniac:DashForward","floor":3.0},{"not_picked":["maniac:Intimidate","maniac:Whirlscythe","maniac:BladeArtist","maniac:DashForward"],"picked":"maniac:Collecting","floor":4.0},{"not_picked":["maniac:Exterminator","maniac:SpectralKnives","maniac:Feint","maniac:SpectralFlash"],"picked":"maniac:BladesInCloak","floor":5},{"not_picked":["maniac:LootBarrage","maniac:BladesInCloak","maniac:EndOfTheRoad","maniac:Traceback","maniac:Simulacrum"],"picked":"SKIP","floor":6},{"not_picked":["maniac:WardAndDefend","maniac:ReconstructWounds","maniac:UntravelledPath","maniac:Collecting","maniac:Recollect"],"picked":"SKIP","floor":10},{"not_picked":["maniac:Intimidate","maniac:AllOutAttack","maniac:Blastwave","maniac:PanickyParry","maniac:ColdHeart"],"picked":"SKIP","floor":11},{"not_picked":["maniac:ManipulatedFaith","maniac:UnseenTerror","maniac:BladesInCloak","maniac:MeleeStrike"],"picked":"maniac:Precision","floor":12},{"not_picked":["maniac:DashForward","maniac:Refine","maniac:BladeShoot","maniac:UntravelledPath"],"picked":"maniac:Retrospect","floor":13},{"not_picked":["maniac:Quickdraw","maniac:UndyingDesire","maniac:Refine","maniac:BladeShoot","maniac:MeleeStrike"],"picked":"SKIP","floor":14},{"not_picked":["maniac:TimeForm","maniac:ForsakenHand","maniac:Deal","maniac:FanTheHammer"],"picked":"maniac:Collecting","floor":16},{"not_picked":["maniac:FindAShortcut+1","maniac:ListenToNone","maniac:PanickyParry+1","maniac:BladesInCloak","maniac:Infuriate"],"picked":"SKIP","floor":18},{"not_picked":["maniac:BladeShoot","maniac:Assassinate+1","maniac:UntravelledPath","maniac:ManipulatedFaith"],"picked":"maniac:BladesInCloak+1","floor":20},{"not_picked":["maniac:UntravelledPath","maniac:DashForward","maniac:Refine","maniac:MeleeStrike+1","maniac:TwistedEddies"],"picked":"SKIP","floor":21},{"not_picked":["maniac:Lacerate+1","maniac:ListenToNone","maniac:ObscuredAttack","maniac:Feint","maniac:LootBarrage"],"picked":"SKIP","floor":22},{"not_picked":["maniac:Reforge","maniac:Whirlscythe+1","maniac:RallyToMe","maniac:TwistedEddies"],"picked":"maniac:ShelteringEdge","floor":23},{"not_picked":["maniac:BladeShoot","maniac:MeleeStrike+1","maniac:DashForward","maniac:SpectralFlash+1","maniac:UndyingDesire"],"picked":"SKIP","floor":25},{"not_picked":["maniac:FindAShortcut","maniac:MeleeStrike","maniac:Intimidate","maniac:SpectralKnives","maniac:WardAndDefend"],"picked":"SKIP","floor":28},{"not_picked":["maniac:TorturousScreams","maniac:SpectralKnives","maniac:Confront","maniac:MeleeStrike+1"],"picked":"maniac:Retrospect","floor":29},{"not_picked":["maniac:BladeShoot","maniac:LootBarrage","maniac:FoilArmor","maniac:WardAndDefend+1","maniac:DashForward"],"picked":"SKIP","floor":30},{"not_picked":["maniac:Refine+1","maniac:ColdHeart","maniac:Confront+1","maniac:ObscuredAttack","maniac:LootBarrage+1"],"picked":"SKIP","floor":35},{"not_picked":["maniac:ColdHeart","maniac:BladesInCloak+1","maniac:PanickyParry+1","maniac:WardAndDefend+1"],"picked":"maniac:Hasten+1","floor":38},{"not_picked":["maniac:WardAndDefend+1","maniac:Assassinate+1","maniac:ExceedEnchantment","maniac:Retrospect","maniac:UndyingDesire+1"],"picked":"SKIP","floor":40},{"not_picked":["maniac:BladesInCloak+1","maniac:Whirlscythe+1","maniac:HammerStrike","maniac:Retrospect+1","maniac:PerceiveDanger+1"],"picked":"SKIP","floor":42},{"not_picked":["maniac:Traceback","maniac:EndOfTheRoad","maniac:MeleeStrike","maniac:ShelteringEdge+1","maniac:BladeShoot"],"picked":"SKIP","floor":44},{"not_picked":["maniac:Whirlscythe","maniac:HammerStrike","maniac:Refine","maniac:ListenToNone","maniac:PanickyParry"],"picked":"SKIP","floor":45},{"not_picked":["maniac:WardAndDefend+1","maniac:MeleeStrike+1","maniac:UntravelledPath","maniac:TimeForm","maniac:BladesInCloak+1"],"picked":"SKIP","floor":47},{"not_picked":["maniac:SpectralKnives+1","maniac:Confront","maniac:Refine","maniac:ArmToTheTeeth","maniac:ColdHeart"],"picked":"SKIP","floor":48},{"not_picked":["maniac:Recollect","maniac:UntravelledPath+1","maniac:Hasten+1","maniac:ListenToNone+1","maniac:Collecting"],"picked":"SKIP","floor":54}],"player_experience":457138,"relics_obtained":[{"floor":1.0,"key":"SynthV:TestCard"},{"floor":6,"key":"PokeGo"},{"floor":11,"key":"Pantograph"},{"floor":13,"key":"REME_PuzzleBoxRelic"},{"floor":23,"key":"TheBean"},{"floor":25,"key":"Dota2Spire:ShadowBlade"},{"floor":26,"key":"Sundial"},{"floor":30,"key":"testmod-Acrobat"},{"floor":40,"key":"Vajra"},{"floor":42,"key":"DemoMod:MeltedRock"},{"floor":43,"key":"Dota2Spire:MaskOfMadness"},{"floor":44,"key":"Bag of Preparation"},{"floor":54,"key":"Akabeko"}],"event_choices":[{"damage_healed":0,"gold_gain":400,"player_choice":"Sell","damage_taken":0,"max_hp_gain":0,"max_hp_loss":0,"event_name":"恩洛斯的盘子","floor":8,"relics_lost":["REME_ComplimentaryCards"],"gold_loss":0},{"damage_healed":0,"gold_gain":0,"player_choice":"Ignored","damage_taken":0,"max_hp_gain":0,"max_hp_loss":0,"event_name":"Vampires","floor":31,"gold_loss":0}],"is_beta":false,"boss_relics":[{"not_picked":["testmod-NegativeEmotionEnhancer","HereWithMe"],"picked":"RhineSuit"},{"not_picked":[]},{"not_picked":["GuanYuAspect","Sozu"],"picked":"RedLine:ReiMu"},{"not_picked":[]}],"items_purged_floors":[2,15,19,32,36,41,46,52],"is_endless":false,"potions_floor_spawned":[5,6,11,13,20,25,28,29,35,38,45,48,54],"ascension_level":1}}