{"host":"eqdfsjv4ws7ianga","time":1610447211,"event":{"mods":["Abigail Mod","Arknights The Spire","Ascension Reborn","BaseMod","CapriCore","Friendly Minions","GungeonMod","Hermit","Kiyohime£¨?ýï£©","Koishi","Minty Spire (QoL Compilation)","READ ME - Guardian Mod","READ ME - Snecko Mod","StSLib","The Animator","The Immortal","The Poker Player","WarShipGirlsR/??á´Ò³R mod"],"gold_per_floor":[113,124,124,137,155,155,181,193,193,209,209,220,189,189,189,285,285,298,178,189,104,104,104,130,57,57,71,85,85,104,114,114,219,269,280,280,298,150,168,199,214,214,260,260,292,292,303,316,316,316,316,316,13,40,40],"floor_reached":56,"playtime":4005,"items_purged":["AbbyMod:VoidPriest"],"score":1310,"play_id":"c8ed3577-83d4-45f6-8dae-3a07957b7962","local_time":"20210112192651","is_ascension_mode":true,"campfire_choices":[{"data":"AbbyMod:PrayerOfFaith","floor":6,"key":"SMITH"},{"data":"AbbyMod:SanityCheck","floor":11,"key":"SMITH"},{"data":"AbbyMod:FleetingSanity","floor":15,"key":"SMITH"},{"data":"AbbyMod:TentacleSwarm","floor":23,"key":"SMITH"},{"data":"AbbyMod:MysteryKey","floor":32,"key":"SMITH"},{"floor":42,"key":"RECALL"},{"data":"AbbyMod:TentacleSwarm","floor":44,"key":"SMITH"},{"data":"AbbyMod:ImpossibleGeometry","floor":49,"key":"SMITH"},{"data":"AbbyMod:EyesOfMadness","floor":52,"key":"SMITH"}],"circlet_count":0,"master_deck":["AbbyMod:Ab_Strike","AbbyMod:Ab_Strike","AbbyMod:Ab_Strike","AbbyMod:Ab_Strike","AbbyMod:Ab_Defend","AbbyMod:Ab_Defend","AbbyMod:Ab_Defend","AbbyMod:FleetingSanity+1","AbbyMod:ForeheadBeam","AbbyMod:SuperMuscular","AbbyMod:AttoSecond","AbbyMod:PrayerOfFaith+1","AbbyMod:SavingThrow+1","AbbyMod:SanityCheck+1","AbbyMod:EyesOfMadness+1","AbbyMod:GudaGudaParticle+1","AbbyMod:PapaProtection+1","AbbyMod:TentacleSwarm+1","AbbyMod:Ab_FiveStars","AbbyMod:Ygna","AbbyMod:TentacleSwarm+1","AbbyMod:ConsumeFlesh","AbbyMod:MysteryKey+1","AbbyMod:TentacleSwarm+1","AbbyMod:FamiliarShield+1","Flash of Steel","AbbyMod:Ygna","AbbyMod:Dabigail+1","AbbyMod:PrayerOfFaith","AbbyMod:ImpossibleGeometry+1","AbbyMod:Thflth+1"],"relics":["AbbyMod:Salem_Diary","HornCleat","Lantern","Snecko Eye","Boot","Darkstone Periapt","Pear","Tiny House","Bag of Preparation","Bottled Tornado","DemoMod:MonsterBlood","Dream Catcher","Torii","TungstenRod"],"acts_visited":["Exordium","TheCity","TheBeyond","TheEnding"],"potions_floor_usage":[7,24,37,39,48,50,55],"damage_taken":[{"damage":0.0,"enemies":"Cultist","floor":1.0,"turns":4.0},{"damage":1.0,"enemies":"Jaw Worm","floor":2.0,"turns":5.0},{"damage":9,"enemies":"2 Louse","floor":4,"turns":3},{"damage":0,"enemies":"Looter","floor":5,"turns":4},{"damage":11,"enemies":"3 Sentries","floor":7,"turns":7},{"damage":0,"enemies":"Large Slime","floor":8,"turns":5},{"damage":0,"enemies":"Lots of Slimes","floor":10,"turns":5},{"damage":0,"enemies":"Blue Slaver","floor":12,"turns":4},{"damage":0,"enemies":"Exordium Thugs","floor":13,"turns":5},{"damage":12,"enemies":"The Guardian","floor":16,"turns":7},{"damage":0,"enemies":"Chosen","floor":18,"turns":3},{"damage":6,"enemies":"3 Byrds","floor":20,"turns":5},{"damage":0,"enemies":"Slavers","floor":24,"turns":3},{"damage":0,"enemies":"Cultist and Chosen","floor":27,"turns":5},{"damage":0,"enemies":"Shelled Parasite and Fungi","floor":28,"turns":4},{"damage":1,"enemies":"Snake Plant","floor":30,"turns":4},{"damage":0,"enemies":"Chosen and Byrds","floor":31,"turns":3},{"damage":1,"enemies":"Collector","floor":33,"turns":5},{"damage":0,"enemies":"Orb Walker","floor":35,"turns":3},{"damage":0,"enemies":"3 Shapes","floor":37,"turns":2},{"damage":9,"enemies":"Writhing Mass","floor":39,"turns":4},{"damage":0,"enemies":"Giant Head","floor":40,"turns":6},{"damage":0,"enemies":"Maw","floor":41,"turns":5},{"damage":0,"enemies":"Nemesis","floor":45,"turns":5},{"damage":0,"enemies":"3 Darklings","floor":47,"turns":5},{"damage":3,"enemies":"Jaw Worm Horde","floor":48,"turns":4},{"damage":42,"enemies":"Donu and Deca","floor":50,"turns":5},{"damage":1,"enemies":"Shield and Spear","floor":54,"turns":5},{"damage":32,"enemies":"The Heart","floor":55,"turns":9}],"seed_played":"-7506144808841389708","potions_obtained":[{"floor":2.0,"key":"GamblersBrew"},{"floor":5,"key":"Block Potion"},{"floor":8,"key":"DemoMod:BlankPotion"},{"floor":24,"key":"Explosive Potion"},{"floor":27,"key":"EssenceOfSteel"},{"floor":34,"key":"DistilledChaos"},{"floor":37,"key":"SpeedPotion"},{"floor":45,"key":"PowerPotion"},{"floor":48,"key":"ColorlessPotion"}],"is_trial":false,"path_per_floor":["M","M","?","M","M","R","E","M","T","M","R","M","M","?","R","B",null,"M","$","M","?","?","R","E","$","T","M","M","?","M","M","R","B",null,"M","?","M","$","M","E","M","R","T","R","E","?","M","M","R","B",null,"R","$","E","B",null],"character_chosen":"Ab_Foreigner","items_purchased":["AbbyMod:TentacleSwarm","AbbyMod:Ygna","Bag of Preparation","Torii"],"campfire_rested":0,"item_purchase_floors":[19,25,38,53],"current_hp_per_floor":[60,59,59,50,50,50,39,39,39,39,39,39,39,39,39,27,60,60,60,54,54,44,44,44,44,44,44,44,54,54,54,54,54,82,82,82,83,83,74,74,75,75,82,82,83,83,84,82,82,41,95,95,95,94,63],"gold":40,"neow_bonus":"ONE_RANDOM_RARE_CARD","is_daily":false,"chose_seed":false,"campfire_upgraded":8,"win_rate":0.0,"timestamp":1610447211,"path_taken":["M","?","?","M","M","R","E","?","T","M","R","?","M","?","R","BOSS","M","$","M","?","?","R","E","$","T","M","M","?","M","M","R","BOSS","M","?","M","$","M","E","M","R","T","R","E","?","M","?","R","BOSS","R","$","E","BOSS"],"items_purchased_type":["Card","Card","Relic","Relic"],"build_version":"2020-12-22","purchased_purges":1,"victory":true,"max_hp_per_floor":[60,60,60,60,60,60,60,60,60,60,60,60,60,60,60,60,60,60,60,60,60,65,65,65,65,65,65,65,75,76,76,76,77,82,82,82,83,83,83,83,84,84,91,91,92,92,93,94,94,95,95,95,95,95,96],"card_choices":[{"not_picked":["AbbyMod:AttoSecond","AbbyMod:Thflth"],"picked":"AbbyMod:SuperMuscular","floor":1.0},{"not_picked":["AbbyMod:ChocoKey","AbbyMod:LargeTentacle"],"picked":"AbbyMod:AttoSecond","floor":2.0},{"not_picked":["AbbyMod:Ab_OldOneTrigger","AbbyMod:EyesOfMadness"],"picked":"AbbyMod:PrayerOfFaith","floor":4},{"not_picked":["AbbyMod:FamiliarShield","AbbyMod:AceInTheHole"],"picked":"AbbyMod:SavingThrow","floor":5},{"not_picked":["AbbyMod:SilverKey","AbbyMod:RecklessSlam","AbbyMod:Kuroboshi"],"picked":"SKIP","floor":7},{"not_picked":["AbbyMod:Memocide","AbbyMod:Dabigail"],"picked":"AbbyMod:SanityCheck","floor":8},{"not_picked":["AbbyMod:PantyShot","AbbyMod:Memocide"],"picked":"AbbyMod:EyesOfMadness","floor":10},{"not_picked":["AbbyMod:AdultWords","AbbyMod:TeddyBear","AbbyMod:PreciousMemories"],"picked":"SKIP","floor":12},{"not_picked":["AbbyMod:SuperMuscular","AbbyMod:Kuroboshi","AbbyMod:LargeTentacle"],"picked":"SKIP","floor":13},{"not_picked":["AbbyMod:AbsoluteCorruption","AbbyMod:Ab_PuppyEyes"],"picked":"AbbyMod:GudaGudaParticle","floor":16},{"not_picked":["AbbyMod:PowerGamer","AbbyMod:ChocoKey"],"picked":"AbbyMod:PapaProtection+1","floor":18},{"not_picked":["AbbyMod:PowerGamer","AbbyMod:PreciousMemories"],"picked":"AbbyMod:Ab_FiveStars","floor":20},{"not_picked":["AbbyMod:ChocoKey","AbbyMod:PowerGamer+1","AbbyMod:Kuroboshi"],"picked":"SKIP","floor":24},{"not_picked":["AbbyMod:AlignStars+1","AbbyMod:AceInTheHole"],"picked":"AbbyMod:TentacleSwarm","floor":27},{"not_picked":["AbbyMod:EyesOfMadness","AbbyMod:PowerGamer"],"picked":"AbbyMod:ConsumeFlesh","floor":28},{"not_picked":["AbbyMod:Dabigail","AbbyMod:StarRadiance"],"picked":"AbbyMod:MysteryKey","floor":30},{"not_picked":["AbbyMod:CloneArmy+1","AbbyMod:ExposedCore"],"picked":"AbbyMod:TentacleSwarm+1","floor":31},{"not_picked":["AbbyMod:Ab_OldOneTrigger","AbbyMod:PrayerOfFaith"],"picked":"AbbyMod:FamiliarShield+1","floor":35},{"not_picked":["Violence","HandOfGreed"],"picked":"Flash of Steel","floor":36},{"not_picked":["AbbyMod:Keyblade+1","AbbyMod:ChocoKey","AbbyMod:PowerGamer"],"picked":"SKIP","floor":37},{"not_picked":["AbbyMod:SanityCheck+1","AbbyMod:ExposedCore+1"],"picked":"AbbyMod:Ygna","floor":39},{"not_picked":["AbbyMod:TentacleSwarm","AbbyMod:Kuroboshi"],"picked":"AbbyMod:Dabigail+1","floor":40},{"not_picked":["AbbyMod:SuperMuscular","AbbyMod:RecklessSlam+1"],"picked":"AbbyMod:PrayerOfFaith","floor":41},{"not_picked":["AbbyMod:Memocide+1","AbbyMod:SlimyBody","AbbyMod:SuperMuscular+1"],"picked":"SKIP","floor":45},{"not_picked":["AbbyMod:PapaProtection+1","AbbyMod:TeddyBear"],"picked":"AbbyMod:ImpossibleGeometry","floor":47},{"not_picked":["AbbyMod:FlyingMascot+1","AbbyMod:LiftSkirt","AbbyMod:Keyblade+1"],"picked":"SKIP","floor":48},{"not_picked":["AbbyMod:PreciousMemories+1","AbbyMod:PapaProtection+1"],"picked":"AbbyMod:Thflth+1","floor":54}],"player_experience":423072,"relics_obtained":[{"floor":7,"key":"HornCleat"},{"floor":9,"key":"Lantern"},{"floor":24,"key":"Darkstone Periapt"},{"floor":40,"key":"Bottled Tornado"},{"floor":43,"key":"DemoMod:MonsterBlood"},{"floor":45,"key":"Dream Catcher"},{"floor":54,"key":"TungstenRod"}],"event_choices":[{"damage_healed":0,"gold_gain":0,"player_choice":"Ignored","damage_taken":0,"max_hp_gain":0,"max_hp_loss":0,"event_name":"NoteForYourself","floor":3,"gold_loss":0},{"damage_healed":0,"gold_gain":0,"player_choice":"Grow","damage_taken":0,"max_hp_gain":0,"max_hp_loss":0,"event_name":"Living Wall","floor":14,"gold_loss":0,"cards_upgraded":["AbbyMod:SavingThrow"]},{"damage_healed":0,"gold_gain":0,"player_choice":"Obtained Relic","damage_taken":0,"relics_obtained":["Boot"],"max_hp_gain":0,"max_hp_loss":0,"event_name":"Addict","floor":21,"gold_loss":85},{"damage_healed":0,"gold_gain":0,"player_choice":"Shed Blood","damage_taken":15,"max_hp_gain":5,"max_hp_loss":0,"event_name":"Forgotten Altar","floor":22,"gold_loss":0},{"damage_healed":0,"gold_gain":0,"player_choice":"Opened","damage_taken":0,"relics_obtained":["Pear"],"max_hp_gain":0,"max_hp_loss":0,"event_name":"The Mausoleum","floor":29,"gold_loss":0},{"damage_healed":0,"gold_gain":0,"player_choice":"Memory 1","damage_taken":0,"max_hp_gain":0,"max_hp_loss":0,"event_name":"SensoryStone","floor":36,"gold_loss":0}],"is_beta":false,"boss_relics":[{"not_picked":["Cursed Key","Coffee Dripper"],"picked":"Snecko Eye"},{"not_picked":["Busted Crown","SacredBark"],"picked":"Tiny House"}],"items_purged_floors":[19],"is_endless":false,"potions_floor_spawned":[2,5,8,16,24,27,28,31,33,35,37,45,48],"ascension_level":0}}