{"host":"64h6jdpsiwrne03s","time":1610446690,"event":{"mods":["Act Like it!","BaseMod","Bestiary","Colored Powertips","Gensokyo","Marisa£®ÏF”Í°°ƒß¿Ì…≥£©","Minty Spire (QoL Compilation)","Reimu£®≤©¿ˆ¡È√Œ£©","Remilia£®¿Ÿ√◊¿Ú—«£©","StSLib","The Servant 0.9.4","Youmu£®ªÍ∆«—˝√Œ£©"],"gold_per_floor":[112,42,42,42,42,70,88,88,88,140,154,154,163,198,198,284,284,304,87,87,110,110,110],"floor_reached":22,"playtime":759,"items_purged":[],"score":391,"play_id":"f67673cc-06df-4afd-8301-9a5744df28fd","local_time":"20210112181810","is_ascension_mode":true,"campfire_choices":[{"data":"DependentForm:ReiMu","floor":8,"key":"SMITH"},{"data":"Gensokyo:CrescentMoonSlash","floor":12,"key":"SMITH"},{"floor":15,"key":"REST"}],"circlet_count":0,"master_deck":["AscendersBane","Strike_Lin:ReiMu+1","Strike_Lin:ReiMu","Strike_Lin:ReiMu","Strike_Lin:ReiMu","Defend_Lin:ReiMu","Defend_Lin:ReiMu","Defend_Lin:ReiMu","Defend_Lin:ReiMu","NB:ReiMu+1","Stagnation:ReiMu","SpreadBorder2:ReiMu","Gensokyo:CrescentMoonSlash+1","DependentForm:ReiMu+1","Injury","Determination:ReiMu","Gensokyo:ScrapIron","SubAcupoint:ReiMu+1"],"relics":["FlyPower:ReiMu","NeowsBlessing","HornCleat","CeramicFish","Pen Nib","Boot","Busted Crown","TentaclePot:ReiMu","Letter Opener"],"acts_visited":["Gensokyo:Gensokyo","Gensokyo:Gensokyoer"],"potions_floor_usage":[14,14],"damage_taken":[{"damage":0,"enemies":"Gensokyo:2_Kodama","floor":1,"turns":1},{"damage":0,"enemies":"Gensokyo:Mamizou","floor":6,"turns":2},{"damage":0,"enemies":"Gensokyo:3_Fairies","floor":7,"turns":2},{"damage":8,"enemies":"Gensokyo:Gryphon","floor":11,"turns":4},{"damage":15,"enemies":"Gensokyo:Aya","floor":14,"turns":9},{"damage":18,"enemies":"Gensokyo:Yukari","floor":16,"turns":12},{"damage":1,"enemies":"Gensokyo:AngelMirror","floor":18,"turns":4},{"damage":10,"enemies":"Gensokyo:2_Gloops","floor":21,"turns":5}],"seed_played":"2435745681791808230","potions_obtained":[{"floor":1,"key":"Weak Potion"},{"floor":11,"key":"Weak Potion"},{"floor":14,"key":"GrandPatriotsElixir:ReiMu"},{"floor":21,"key":"PowerPotion"}],"is_trial":false,"path_per_floor":["M","?","?","$","?","E","M","R","T","T","M","R","?","E","R","B",null,"M","COS","?","M","?"],"character_chosen":"REIMU","items_purchased":[],"campfire_rested":1,"item_purchase_floors":[],"current_hp_per_floor":[54,54,42,42,42,42,42,42,42,42,34,34,34,19,37,19,50,49,49,49,39,39,39],"gold":110,"neow_bonus":"THREE_ENEMY_KILL","is_daily":false,"chose_seed":false,"campfire_upgraded":2,"win_rate":0.0,"timestamp":1610446690,"path_taken":["M","?","?","$","?","E","M","R","T","?","?","R","?","E","R","BOSS","M","COS","?","M","?"],"items_purchased_type":[],"build_version":"2020-12-22","purchased_purges":0,"victory":false,"max_hp_per_floor":[60,60,60,60,60,60,60,60,60,60,60,60,60,60,60,60,60,60,60,54,54,48,48],"card_choices":[{"not_picked":["DoubleButterfly:ReiMu","CareerPray:ReiMu"],"picked":"SpreadBorder2:ReiMu","floor":1},{"not_picked":["TightArray:ReiMu","CareerPray:ReiMu"],"picked":"DependentForm:ReiMu","floor":6},{"not_picked":["NineCharacters:ReiMu","BarrageOfMoneybags:ReiMu","FineLineFantasy:ReiMu"],"picked":"SKIP","floor":7},{"not_picked":["AirStrike:ReiMu","SafetyPray:ReiMu","PayForSelf:ReiMu"],"picked":"SKIP","floor":11},{"not_picked":["TakeOff:ReiMu","AirStrike:ReiMu","PrepareRite:ReiMu"],"picked":"SKIP","floor":14},{"not_picked":["PrayRite:ReiMu","KamiRite:ReiMu"],"picked":"Determination:ReiMu","floor":16},{"not_picked":["AlertArray:ReiMu"],"picked":"SKIP","floor":18},{"not_picked":[],"picked":"SubAcupoint:ReiMu+1","floor":21},{"not_picked":["Meditation:ReiMu"],"picked":"SKIP","floor":21}],"player_experience":409171,"relics_obtained":[{"floor":6,"key":"HornCleat"},{"floor":10,"key":"CeramicFish"},{"floor":14,"key":"Boot"}],"event_choices":[],"is_beta":false,"boss_relics":[{"not_picked":["Sozu","Coffee Dripper"],"picked":"Busted Crown"}],"items_purged_floors":[],"is_endless":false,"potions_floor_spawned":[1,11,14,21],"ascension_level":18}}