{"host":"jqln3q8z91cyrmpl","time":1610469055,"event":{"mods":["AchievementEnabler","BaseMod","Colored Map","DeckTracker","Keyboard Shortcuts","Minty Spire (QoL Compilation)","SuperFastMode"],"gold_per_floor":[115,65,140,158,169,169,203,203,203,203,233,249,249,278,278,380,380,400,420,420,420,433,433,459,459,459,488,488,522,153,167,167,270,270,289,304,304,321,340,367,384,384,384,384,401,401,401,426,426,426,426,426,36,63,63],"floor_reached":56,"playtime":4311,"items_purged":["Riddle With Holes","Accuracy"],"score":1948,"play_id":"05983828-94e4-4bcc-b9b2-13afac8c4f27","local_time":"20210113013055","is_ascension_mode":true,"campfire_choices":[{"data":"Well Laid Plans","floor":6.0,"key":"SMITH"},{"data":"Neutralize","floor":8.0,"key":"SMITH"},{"data":"Blur","floor":10.0,"key":"SMITH"},{"data":"Prepared","floor":15.0,"key":"SMITH"},{"data":"Calculated Gamble","floor":23.0,"key":"SMITH"},{"data":"Acrobatics","floor":25.0,"key":"SMITH"},{"data":"Concentrate","floor":32.0,"key":"SMITH"},{"floor":42.0,"key":"RECALL"},{"data":"Reflex","floor":49.0,"key":"SMITH"},{"data":"Footwork","floor":52.0,"key":"SMITH"}],"circlet_count":0,"master_deck":["Survivor","Neutralize+1","Grand Finale+1","Footwork+1","Well Laid Plans+1","Blur+1","Prepared+1","Burst+1","Burst","Expertise+1","Concentrate+1","Reflex+1","Leg Sweep","Eviscerate+1","Acrobatics+1","Calculated Gamble+1","Acrobatics+1","After Image"],"relics":["Ring of the Snake","Ninja Scroll","Meat on the Bone","Oddly Smooth Stone","Orichalcum","Sundial","Pandora\u0027s Box","Prayer Wheel","Vajra","Thread and Needle","Anchor","Dead Branch","Ginger","HoveringKite","Toy Ornithopter","War Paint","Question Card","Whetstone","Sling","Centennial Puzzle"],"acts_visited":["TheCity","TheBeyond","TheEnding"],"potions_floor_usage":[55,55,55],"damage_taken":[{"damage":2.0,"enemies":"Jaw Worm","floor":1.0,"turns":10.0},{"damage":6.0,"enemies":"Small Slimes","floor":4.0,"turns":2.0},{"damage":2.0,"enemies":"2 Louse","floor":5.0,"turns":2.0},{"damage":0.0,"enemies":"Lagavulin","floor":7.0,"turns":4.0},{"damage":4.0,"enemies":"Gremlin Nob","floor":11.0,"turns":4.0},{"damage":1.0,"enemies":"Blue Slaver","floor":12.0,"turns":4.0},{"damage":0.0,"enemies":"Lagavulin","floor":14.0,"turns":6.0},{"damage":5.0,"enemies":"Slime Boss","floor":16.0,"turns":8.0},{"damage":4.0,"enemies":"Chosen","floor":18.0,"turns":9.0},{"damage":4.0,"enemies":"Shell Parasite","floor":19.0,"turns":4.0},{"damage":2.0,"enemies":"Chosen and Byrds","floor":22.0,"turns":2.0},{"damage":1.0,"enemies":"Book of Stabbing","floor":24.0,"turns":3.0},{"damage":13.0,"enemies":"Slavers","floor":27.0,"turns":6.0},{"damage":0.0,"enemies":"Book of Stabbing","floor":29.0,"turns":3.0},{"damage":0.0,"enemies":"3 Cultists","floor":31.0,"turns":1.0},{"damage":0.0,"enemies":"Collector","floor":33.0,"turns":3.0},{"damage":0.0,"enemies":"3 Shapes","floor":35.0,"turns":2.0},{"damage":0.0,"enemies":"Orb Walker","floor":36.0,"turns":2.0},{"damage":0.0,"enemies":"Maw","floor":38.0,"turns":3.0},{"damage":0.0,"enemies":"3 Darklings","floor":39.0,"turns":3.0},{"damage":0.0,"enemies":"Giant Head","floor":40.0,"turns":4.0},{"damage":0.0,"enemies":"Jaw Worm Horde","floor":41.0,"turns":4.0},{"damage":0.0,"enemies":"Maw","floor":45.0,"turns":3.0},{"damage":0.0,"enemies":"Reptomancer","floor":48.0,"turns":3.0},{"damage":0.0,"enemies":"Awakened One","floor":50.0,"turns":3.0},{"damage":0.0,"enemies":"Shield and Spear","floor":54.0,"turns":1.0},{"damage":31,"enemies":"The Heart","floor":55,"turns":8}],"seed_played":"7858925703041806891","potions_obtained":[{"floor":4.0,"key":"ColorlessPotion"},{"floor":5.0,"key":"Dexterity Potion"},{"floor":14.0,"key":"ColorlessPotion"},{"floor":16.0,"key":"DuplicationPotion"},{"floor":39.0,"key":"Dexterity Potion"}],"is_trial":false,"path_per_floor":["M","?","?","M","M","R","E","R","T","R","E","M","?","E","R","B",null,"M","M","?","?","M","R","E","R","T","E","T","E","$","M","R","B",null,"M","M","?","M","M","E","M","R","T","?","M","?","?","E","R","B",null,"R","$","E","B",null],"character_chosen":"THE_SILENT","items_purchased":["Ginger","Whetstone","Sling"],"campfire_rested":0,"item_purchase_floors":[30,53,53],"current_hp_per_floor":[61,61,50,44,42,42,42,42,42,42,38,37,30,42,42,37,57,53,49,49,38,36,36,35,35,35,34,34,46,46,46,46,46,63,63,63,63,63,63,63,63,63,63,63,63,63,63,63,63,63,65,65,65,65,34],"gold":63,"neow_bonus":"TRANSFORM_TWO_CARDS","is_daily":false,"chose_seed":false,"campfire_upgraded":9,"win_rate":0.0,"timestamp":1610469055,"path_taken":["M","?","?","M","M","R","E","R","T","R","E","M","?","E","R","BOSS","M","M","?","?","M","R","E","R","T","E","?","E","$","M","R","BOSS","M","M","?","?","M","E","M","R","T","?","M","?","?","E","R","BOSS","R","$","E","BOSS"],"items_purchased_type":["Relic","Relic","Relic"],"build_version":"2020-12-22","purchased_purges":2,"victory":true,"max_hp_per_floor":[63,63,63,63,63,63,63,63,63,63,63,63,63,63,63,63,63,63,63,63,68,68,68,68,68,68,68,68,68,68,68,68,68,68,68,68,68,68,68,68,68,68,68,68,68,68,65,65,65,65,65,65,65,65,65],"card_choices":[{"not_picked":["Deadly Poison","Reflex"],"picked":"Well Laid Plans","floor":1.0},{"not_picked":["Sucker Punch","Quick Slash","Catalyst"],"picked":"SKIP","floor":4.0},{"not_picked":["Bane","Choke","Flying Knee"],"picked":"SKIP","floor":5.0},{"not_picked":["PiercingWail","Burst"],"picked":"Blur","floor":7.0},{"not_picked":["Flying Knee","Deflect"],"picked":"Prepared","floor":11.0},{"not_picked":["Underhanded Strike","Flying Knee"],"picked":"Heel Hook","floor":12.0},{"not_picked":["Bane","Footwork","Caltrops"],"picked":"SKIP","floor":14.0},{"not_picked":["A Thousand Cuts","Doppelganger"],"picked":"Burst","floor":16.0},{"not_picked":["Deadly Poison+1","Dodge and Roll+1"],"picked":"Eviscerate+1","floor":18.0},{"not_picked":["Slice+1","Quick Slash+1","Riddle With Holes"],"picked":"SKIP","floor":19.0},{"not_picked":["Deflect","Sucker Punch"],"picked":"Calculated Gamble","floor":22.0},{"not_picked":["Underhanded Strike+1","PiercingWail","Flying Knee"],"picked":"SKIP","floor":24.0},{"not_picked":["Cloak And Dagger","Sucker Punch","Deflect+1"],"picked":"SKIP","floor":27.0},{"not_picked":["All Out Attack","Dagger Throw+1","PiercingWail"],"picked":"SKIP","floor":29.0},{"not_picked":["A Thousand Cuts","Bouncing Flask"],"picked":"Acrobatics+1","floor":31.0},{"not_picked":["Sucker Punch","Dagger Throw","Prepared"],"picked":"SKIP","floor":31.0},{"not_picked":["Glass Knife","Night Terror"],"picked":"After Image","floor":33.0},{"not_picked":["Bane+1","Infinite Blades","Blur+1"],"picked":"SKIP","floor":35.0},{"not_picked":["Quick Slash+1","Dagger Throw+1","Acrobatics"],"picked":"SKIP","floor":35.0},{"not_picked":["Caltrops+1","Flying Knee","Dagger Throw+1"],"picked":"SKIP","floor":36.0},{"not_picked":["Acrobatics+1","Endless Agony","Slice"],"picked":"SKIP","floor":36.0},{"not_picked":["Expertise","Bane+1","Phantasmal Killer"],"picked":"SKIP","floor":38.0},{"not_picked":["Dagger Throw","Outmaneuver+1","Masterful Stab"],"picked":"SKIP","floor":38.0},{"not_picked":["Infinite Blades","Sucker Punch+1","Quick Slash+1"],"picked":"SKIP","floor":39.0},{"not_picked":["Predator","Sucker Punch","Backflip"],"picked":"SKIP","floor":39.0},{"not_picked":["Crippling Poison","Noxious Fumes+1","Footwork+1"],"picked":"SKIP","floor":40.0},{"not_picked":["Dagger Spray","Dagger Throw","Deadly Poison"],"picked":"SKIP","floor":41.0},{"not_picked":["Underhanded Strike","Deflect","Caltrops+1"],"picked":"SKIP","floor":41.0},{"not_picked":["Dagger Spray","Dagger Throw","Deadly Poison"],"picked":"SKIP","floor":41.0},{"not_picked":["Underhanded Strike","Deflect","Caltrops+1"],"picked":"SKIP","floor":41.0},{"not_picked":["Corpse Explosion","Slice+1","Quick Slash"],"picked":"SKIP","floor":45.0},{"not_picked":["Quick Slash+1","Terror+1","Calculated Gamble+1"],"picked":"SKIP","floor":45.0},{"not_picked":["Terror+1","Crippling Poison","Poisoned Stab+1"],"picked":"SKIP","floor":48.0},{"not_picked":["Unload","Terror+1","Cloak And Dagger+1","Finisher"],"picked":"SKIP","floor":54.0}],"player_experience":371323,"relics_obtained":[{"floor":7.0,"key":"Ninja Scroll"},{"floor":9.0,"key":"Meat on the Bone"},{"floor":11.0,"key":"Oddly Smooth Stone"},{"floor":14.0,"key":"Sundial"},{"floor":24.0,"key":"Prayer Wheel"},{"floor":26.0,"key":"Vajra"},{"floor":27.0,"key":"Thread and Needle"},{"floor":28.0,"key":"Anchor"},{"floor":29.0,"key":"Dead Branch"},{"floor":40.0,"key":"War Paint"},{"floor":48.0,"key":"Question Card"},{"floor":54.0,"key":"Centennial Puzzle"}],"event_choices":[{"cards_removed":["Defend_G"],"damage_healed":0.0,"max_hp_gain":0.0,"max_hp_loss":0.0,"gold_gain":0.0,"event_name":"The Cleric","player_choice":"Card Removal","floor":2.0,"gold_loss":50.0,"damage_taken":0.0},{"damage_healed":0.0,"max_hp_gain":0.0,"max_hp_loss":0.0,"gold_gain":75.0,"event_name":"World of Goop","player_choice":"Gather Gold","floor":3.0,"gold_loss":0.0,"damage_taken":11.0},{"damage_healed":0.0,"max_hp_gain":0.0,"max_hp_loss":0.0,"gold_gain":0.0,"event_name":"Scrap Ooze","player_choice":"Success","floor":13.0,"gold_loss":0.0,"damage_taken":7.0,"relics_obtained":["Orichalcum"]},{"damage_healed":0.0,"max_hp_gain":0.0,"max_hp_loss":0.0,"gold_gain":0.0,"event_name":"The Library","player_choice":"Read","floor":20.0,"gold_loss":0.0,"damage_taken":0.0,"cards_obtained":["Acrobatics"]},{"damage_healed":0.0,"max_hp_gain":5.0,"max_hp_loss":0.0,"gold_gain":0.0,"event_name":"Forgotten Altar","player_choice":"Shed Blood","floor":21.0,"gold_loss":0.0,"damage_taken":16.0},{"damage_healed":0.0,"max_hp_gain":0.0,"max_hp_loss":0.0,"gold_gain":0.0,"event_name":"WeMeetAgain","player_choice":"Gave Potion","floor":37.0,"gold_loss":0.0,"damage_taken":0.0,"relics_obtained":["Toy Ornithopter"]},{"cards_removed":["Heel Hook"],"damage_healed":0.0,"max_hp_gain":0.0,"max_hp_loss":0.0,"gold_gain":0.0,"event_name":"Falling","player_choice":"Removed Attack","floor":44.0,"gold_loss":0.0,"damage_taken":0.0},{"damage_healed":0.0,"max_hp_gain":0.0,"max_hp_loss":0.0,"gold_gain":0.0,"event_name":"Tomb of Lord Red Mask","player_choice":"Ignored","floor":46.0,"gold_loss":0.0,"damage_taken":0.0},{"damage_healed":0.0,"max_hp_gain":0.0,"max_hp_loss":3.0,"gold_gain":0.0,"event_name":"Winding Halls","player_choice":"Max HP","floor":47.0,"gold_loss":0.0,"damage_taken":0.0}],"is_beta":false,"boss_relics":[{"not_picked":["Coffee Dripper","WristBlade"],"picked":"Pandora\u0027s Box"},{"not_picked":["Sozu","Philosopher\u0027s Stone"],"picked":"HoveringKite"}],"items_purged_floors":[30,53],"is_endless":false,"potions_floor_spawned":[4,5,14,16,19,27,31,33,39,45,48,54],"ascension_level":7}}