{"host":"l2onoeb0kdqo1a9y","time":1610455025,"event":{"mods":["AchievementEnabler","BaseMod","Colored Powertips","Highlight Path","Minty Spire (QoL Compilation)","Quick Restart"],"gold_per_floor":[115,115,127,26,26,26,39,39,39,39,59,76,1,13,13,110,110,127,139,54,74,74,74],"floor_reached":22,"playtime":492,"items_purged":[],"score":178,"play_id":"c771d9c6-c022-4a93-8835-61afd69f2533","local_time":"20210112203705","is_ascension_mode":false,"campfire_choices":[{"data":"Chaos","floor":6,"key":"SMITH"},{"data":"White Noise","floor":10,"key":"SMITH"},{"data":"Fusion","floor":15,"key":"SMITH"}],"circlet_count":0,"master_deck":["Strike_B","Strike_B","Strike_B","Strike_B","Defend_B","Defend_B","Defend_B","Defend_B","Zap","Dualcast+1","Conserve Battery","Chaos+1","Defragment","Conserve Battery","White Noise+1","Fusion+1","Sweeping Beam","Self Repair","Lockon","Beam Cell+1","Coolheaded","Stack+1"],"relics":["Cracked Core","NeowsBlessing","Blue Candle","Anchor","Sozu","Regal Pillow"],"acts_visited":["Exordium","TheCity"],"potions_floor_usage":[22,22],"damage_taken":[{"damage":0,"enemies":"Cultist","floor":1,"turns":1},{"damage":0,"enemies":"2 Louse","floor":3,"turns":1},{"damage":0,"enemies":"Small Slimes","floor":7,"turns":1},{"damage":0,"enemies":"3 Louse","floor":11,"turns":3},{"damage":2,"enemies":"Blue Slaver","floor":12,"turns":4},{"damage":9,"enemies":"2 Fungi Beasts","floor":14,"turns":3},{"damage":44,"enemies":"Slime Boss","floor":16,"turns":8},{"damage":26,"enemies":"Chosen","floor":18,"turns":7},{"damage":26,"enemies":"2 Thieves","floor":19,"turns":4},{"damage":29,"enemies":"Snake Plant","floor":21,"turns":5},{"damage":0,"enemies":"Sentry and Sphere","floor":22,"turns":1}],"seed_played":"2160905773134515589","potions_obtained":[{"floor":3,"key":"EssenceOfDarkness"},{"floor":11,"key":"GamblersBrew"},{"floor":14,"key":"EssenceOfDarkness"}],"is_trial":false,"path_per_floor":["M","?","M","$","?","R","M","?","T","R","M","M","$","M","R","B",null,"M","M","?","M","M"],"character_chosen":"DEFECT","items_purchased":["Defragment","Conserve Battery","Self Repair"],"campfire_rested":0,"item_purchase_floors":[4,4,13],"current_hp_per_floor":[75,75,75,75,68,68,68,68,68,68,68,66,66,64,64,27,75,56,37,37,15,15,15],"gold":74,"neow_bonus":"THREE_ENEMY_KILL","is_daily":false,"chose_seed":false,"campfire_upgraded":3,"win_rate":0.0,"timestamp":1610455025,"path_taken":["M","?","?","$","?","R","M","?","T","R","M","M","$","M","R","BOSS","M","M","?","M","M"],"items_purchased_type":["Card","Card","Card"],"build_version":"2020-12-22","purchased_purges":0,"victory":false,"max_hp_per_floor":[75,75,75,75,75,75,75,75,75,75,75,75,75,75,75,75,75,75,75,75,75,75,75],"card_choices":[{"not_picked":["Rebound","Compile Driver"],"picked":"Conserve Battery","floor":1},{"not_picked":["Conserve Battery","Stack"],"picked":"Chaos","floor":3},{"not_picked":["Stack","Hologram"],"picked":"White Noise","floor":7},{"not_picked":["Leap","Coolheaded"],"picked":"Fusion","floor":11},{"not_picked":["Storm","Auto Shields"],"picked":"Sweeping Beam","floor":12},{"not_picked":["Conserve Battery","Beam Cell"],"picked":"Lockon","floor":14},{"not_picked":["Chill","Gash+1"],"picked":"Beam Cell+1","floor":18},{"not_picked":["Glacier","Ball Lightning"],"picked":"Coolheaded","floor":19},{"not_picked":["Leap","Steam Power"],"picked":"Stack+1","floor":21}],"player_experience":112292,"relics_obtained":[{"floor":9,"key":"Anchor"}],"event_choices":[{"damage_healed":0,"gold_gain":0,"player_choice":"Forge","damage_taken":0,"max_hp_gain":0,"max_hp_loss":0,"event_name":"Accursed Blacksmith","floor":2,"gold_loss":0,"cards_upgraded":["Dualcast"]},{"damage_healed":0,"gold_gain":0,"player_choice":"Success","damage_taken":7,"relics_obtained":["Blue Candle"],"max_hp_gain":0,"max_hp_loss":0,"event_name":"Scrap Ooze","floor":5,"gold_loss":0},{"damage_healed":0,"gold_gain":0,"player_choice":"Leave","damage_taken":0,"max_hp_gain":0,"max_hp_loss":0,"event_name":"The Cleric","floor":8,"gold_loss":0},{"damage_healed":0,"gold_gain":0,"player_choice":"Obtained Relic","damage_taken":0,"relics_obtained":["Regal Pillow"],"max_hp_gain":0,"max_hp_loss":0,"event_name":"Addict","floor":20,"gold_loss":85}],"is_beta":false,"boss_relics":[{"not_picked":["Busted Crown","Fusion Hammer"],"picked":"Sozu"}],"items_purged_floors":[],"is_endless":false,"potions_floor_spawned":[3,11,14],"killed_by":"Sentry and Sphere","ascension_level":0}}