{"host":"cdwmoa70bcdnlxwr","time":1610458677,"event":{"mods":["BaseMod","Colored Map","Colored Powertips","Custom Start","Keyboard Shortcuts","Minty Spire (QoL Compilation)","StSLib","SuperFastMode"],"gold_per_floor":[117,117,39,50,50,50,75,75,98,109,159,159,189,35,35,35,35],"floor_reached":16,"playtime":171,"items_purged":["Strike_G"],"score":262,"play_id":"3723eff4-eaf8-4b9b-875d-adef8b26201d","local_time":"20210112223757","is_ascension_mode":true,"campfire_choices":[{"data":"Eviscerate","floor":6,"key":"SMITH"},{"data":"Neutralize","floor":8,"key":"SMITH"},{"data":"Survivor","floor":12,"key":"SMITH"},{"data":"Calculated Gamble","floor":15,"key":"SMITH"}],"circlet_count":0,"master_deck":["AscendersBane","Strike_G","Strike_G","Strike_G","Defend_G","Defend_G","Defend_G","Defend_G","Defend_G","Survivor+1","Neutralize+1","Eviscerate+1","Reflex","Calculated Gamble+1"],"relics":["Ring of the Snake","NeowsBlessing","Bag of Marbles","Centennial Puzzle","White Beast Statue"],"acts_visited":["Exordium"],"potions_floor_usage":[13,16,16],"damage_taken":[{"damage":0,"enemies":"Jaw Worm","floor":1,"turns":1},{"damage":0,"enemies":"Cultist","floor":4,"turns":1},{"damage":0,"enemies":"3 Sentries","floor":7,"turns":1},{"damage":0,"enemies":"2 Louse","floor":10,"turns":3},{"damage":6,"enemies":"Gremlin Nob","floor":13,"turns":3},{"damage":37,"enemies":"Slime Boss","floor":16,"turns":9}],"seed_played":"-7190279846713989732","potions_obtained":[{"floor":1,"key":"Poison Potion"},{"floor":2,"key":"Block Potion"},{"floor":2,"key":"CunningPotion"},{"floor":13,"key":"Poison Potion"}],"is_trial":false,"path_per_floor":["M","?","$","M","?","R","E","R","T","M","?","R","E","$","R","B"],"character_chosen":"THE_SILENT","items_purchased":["Eviscerate","Calculated Gamble"],"campfire_rested":0,"item_purchase_floors":[3,14],"current_hp_per_floor":[59,59,59,59,59,59,59,59,59,59,59,59,53,53,53,16,16],"gold":35,"neow_bonus":"THREE_ENEMY_KILL","is_daily":false,"chose_seed":false,"campfire_upgraded":4,"win_rate":0.0,"timestamp":1610458677,"path_taken":["M","?","?","?","?","R","E","R","T","M","?","R","E","$","R","BOSS"],"items_purchased_type":["Card","Card"],"build_version":"2020-12-22","purchased_purges":1,"victory":false,"max_hp_per_floor":[66,66,66,66,66,66,66,66,66,66,66,66,66,66,66,66,66],"card_choices":[{"not_picked":["Leg Sweep","Cloak And Dagger","Calculated Gamble"],"picked":"SKIP","floor":1},{"not_picked":["Heel Hook","Bane","Dash"],"picked":"SKIP","floor":4},{"not_picked":["Sucker Punch","Flying Knee","Concentrate"],"picked":"SKIP","floor":7},{"not_picked":["Slice","Underhanded Strike","Cloak And Dagger"],"picked":"SKIP","floor":10},{"not_picked":["Quick Slash","Deflect"],"picked":"Reflex","floor":13}],"player_experience":2620248,"relics_obtained":[{"floor":7,"key":"Bag of Marbles"},{"floor":9,"key":"Centennial Puzzle"},{"floor":13,"key":"White Beast Statue"}],"event_choices":[{"damage_healed":0,"gold_gain":0,"player_choice":"Got Potions","damage_taken":0,"max_hp_gain":0,"max_hp_loss":0,"event_name":"Lab","floor":2,"gold_loss":0},{"cards_removed":["Strike_G"],"damage_healed":0,"gold_gain":0,"player_choice":"Forget","damage_taken":0,"max_hp_gain":0,"max_hp_loss":0,"event_name":"Living Wall","floor":5,"gold_loss":0},{"damage_healed":0,"gold_gain":50,"player_choice":"Pray","damage_taken":0,"max_hp_gain":0,"max_hp_loss":0,"event_name":"Golden Shrine","floor":11,"gold_loss":0}],"is_beta":false,"boss_relics":[],"items_purged_floors":[14],"is_endless":false,"potions_floor_spawned":[1,4,13],"killed_by":"Slime Boss","ascension_level":20}}