{"host":"oigynbtg272c19pw","time":1610442802,"event":{"mods":["BaseMod","Colored Map","Minty Spire (QoL Compilation)","Relic Stats","StSLib"],"gold_per_floor":[135,173,173,54,80,80,440,504,504,464,479,535,349,391,391,391,391],"floor_reached":16,"playtime":704,"items_purged":["Normality","Strike_R"],"score":220,"play_id":"6245ba4b-b5e9-4cc6-aca2-27787b174215","local_time":"20210112101322","is_ascension_mode":true,"campfire_choices":[{"data":"Shockwave","floor":6,"key":"SMITH"},{"floor":15,"key":"REST"}],"circlet_count":0,"master_deck":["AscendersBane","Strike_R","Strike_R","Strike_R","Strike_R","Defend_R","Defend_R","Defend_R","Defend_R","Bash","HandOfGreed+1","Clothesline","Intimidate","Shockwave+1","Combust","Bludgeon","Inflame","Dark Embrace","Headbutt"],"relics":["Burning Blood","Tiny Chest","Old Coin","Mercury Hourglass","Prayer Wheel"],"acts_visited":["Exordium"],"potions_floor_usage":[7,10,14,16],"damage_taken":[{"damage":26,"enemies":"Jaw Worm","floor":1,"turns":6},{"damage":0,"enemies":"Cultist","floor":2,"turns":3},{"damage":31,"enemies":"Lagavulin","floor":7,"turns":7},{"damage":9,"enemies":"Small Slimes","floor":8,"turns":6},{"damage":6,"enemies":"Red Slaver","floor":11,"turns":4},{"damage":32,"enemies":"Gremlin Nob","floor":12,"turns":4},{"damage":6,"enemies":"Large Slime","floor":14,"turns":4},{"damage":41,"enemies":"The Guardian","floor":16,"turns":9}],"seed_played":"4200193116806136160","potions_obtained":[{"floor":1,"key":"Swift Potion"},{"floor":8,"key":"SteroidPotion"},{"floor":10,"key":"BloodPotion"},{"floor":10,"key":"BlessingOfTheForge"},{"floor":12,"key":"PowerPotion"}],"is_trial":false,"path_per_floor":["M","M","?","$","T","R","E","M","T","?","M","E","$","M","R","B"],"character_chosen":"IRONCLAD","items_purchased":["Shockwave","Dark Embrace"],"campfire_rested":1,"item_purchase_floors":[4,13],"current_hp_per_floor":[48,54,54,54,54,54,29,26,26,41,41,15,15,15,37,0,0],"gold":391,"neow_bonus":"RANDOM_COLORLESS_2","is_daily":false,"chose_seed":false,"campfire_upgraded":1,"win_rate":0.0,"timestamp":1610442802,"path_taken":["M","M","?","$","?","R","E","M","T","?","M","E","$","M","R","BOSS"],"items_purchased_type":["Card","Card"],"build_version":"2020-12-13","purchased_purges":2,"victory":false,"max_hp_per_floor":[75,75,75,75,75,75,75,75,75,75,75,75,75,75,75,75,75],"relic_stats":{"counters":[8,43],"Tiny Chest":0,"Prayer Wheel":1,"obtain_stats":[{"Tiny Chest":5,"Prayer Wheel":12,"Burning Blood":0,"Old Coin":7,"Mercury Hourglass":9},{"Tiny Chest":2,"Prayer Wheel":6,"Burning Blood":0,"Old Coin":3,"Mercury Hourglass":4},{"Tiny Chest":9,"Prayer Wheel":30,"Burning Blood":0,"Old Coin":16,"Mercury Hourglass":22}],"Burning Blood":42,"Mercury Hourglass":[60]},"card_choices":[{"not_picked":["The Bomb","Mayhem"],"picked":"HandOfGreed","floor":0},{"not_picked":["Armaments","Warcry"],"picked":"Clothesline","floor":1},{"not_picked":["Rampage","Pommel Strike"],"picked":"Intimidate","floor":2},{"not_picked":["Twin Strike","Metallicize"],"picked":"Combust","floor":7},{"not_picked":["Headbutt","Clothesline","Armaments"],"picked":"SKIP","floor":8},{"not_picked":["Iron Wave","Burning Pact"],"picked":"Bludgeon","floor":11},{"not_picked":["Twin Strike","Combust"],"picked":"Inflame","floor":12},{"not_picked":["Rampage","Dark Embrace"],"picked":"Headbutt","floor":14},{"not_picked":["Warcry","Evolve","Perfected Strike"],"picked":"SKIP","floor":14}],"player_experience":1367511,"relics_obtained":[{"floor":5,"key":"Tiny Chest"},{"floor":7,"key":"Old Coin"},{"floor":9,"key":"Mercury Hourglass"},{"floor":12,"key":"Prayer Wheel"}],"event_choices":[{"damage_healed":0,"gold_gain":0,"player_choice":"Forge","damage_taken":0,"max_hp_gain":0,"max_hp_loss":0,"event_name":"Accursed Blacksmith","floor":3,"gold_loss":0,"cards_upgraded":["HandOfGreed"]},{"damage_healed":0,"gold_gain":0,"player_choice":"Bought 3 Potions","damage_taken":0,"max_hp_gain":0,"max_hp_loss":0,"event_name":"The Woman in Blue","floor":10,"gold_loss":0}],"is_beta":false,"boss_relics":[],"items_purged_floors":[4,13],"is_endless":false,"potions_floor_spawned":[1,8,12],"killed_by":"The Guardian","ascension_level":20}}