{"host":"eu5wvbbtjeiar27l","time":1610470681,"event":{"mods":["BaseMod","Colored Powertips","Conspire","Hubris","Infinite Spire","Minty Spire (QoL Compilation)","Rare Cards Sparkle","StSLib","The Factory","The Jungle","vexMod"],"gold_per_floor":[109,129,141,156,166,200,211,211,211,211,61,89,89,109,109,207,207,221,221,221,241,142,175,189,189,189,207,219,219,235,249,249,249,249],"floor_reached":33,"playtime":1420,"items_purged":["Strike_R"],"score":358,"play_id":"d862d6ba-c61e-4528-b1c6-d843575f766b","local_time":"20210112165801","is_ascension_mode":false,"campfire_choices":[{"data":"Immolate","floor":8,"key":"SMITH"},{"data":"Cleave","floor":10,"key":"SMITH"},{"data":"Barricade","floor":15,"key":"SMITH"},{"data":"Armaments","floor":25,"key":"SMITH"},{"data":"Bash","floor":29,"key":"SMITH"},{"data":"Feed","floor":32,"key":"SMITH"}],"circlet_count":0,"master_deck":["Strike_R","Strike_R","Strike_R","Strike_R","Defend_R","Defend_R","Defend_R","Defend_R","Bash+1","Cleave","Anger","Cleave+1","Bloodletting","Immolate+1","Carnage","Cleave","Barricade+1","hubris:Fate","Rage","Exhume","infinitespire:SevenWalls","Armaments+1","True Grit","infinitespire:UltimateForm","Rupture","Infernal Blade","Inflame","Sentinel+1","Feed+1","Thunderclap"],"relics":["Burning Blood","NeowsBlessing","infinitespire:Lychee Nut","Bottled Flame","Brimstone","Dream Catcher","Sozu","Paper Frog","Centennial Puzzle"],"acts_visited":["Exordium","TheCity"],"potions_floor_usage":[6,23],"damage_taken":[{"damage":0,"enemies":"Cultist","floor":1,"turns":1},{"damage":0,"enemies":"Small Slimes","floor":2,"turns":1},{"damage":0,"enemies":"2 Louse","floor":3,"turns":1},{"damage":19,"enemies":"Blue Slaver","floor":4,"turns":4},{"damage":0,"enemies":"Exordium Wildlife","floor":5,"turns":2},{"damage":17,"enemies":"Gremlin Nob","floor":6,"turns":3},{"damage":11,"enemies":"Large Slime","floor":7,"turns":3},{"damage":0,"enemies":"3 Sentries","floor":12,"turns":1},{"damage":8,"enemies":"Blue Slaver","floor":14,"turns":2},{"damage":0,"enemies":"Slime Boss","floor":16,"turns":5},{"damage":2,"enemies":"2 Thieves","floor":18,"turns":2},{"damage":5,"enemies":"Chosen","floor":21,"turns":2},{"damage":32,"enemies":"Nightmare","floor":23,"turns":6},{"damage":0,"enemies":"Centurion and Healer","floor":24,"turns":2},{"damage":29,"enemies":"Snake Plant","floor":27,"turns":3},{"damage":0,"enemies":"Cultist and Chosen","floor":28,"turns":3},{"damage":39,"enemies":"Snecko","floor":30,"turns":5},{"damage":20,"enemies":"Shelled Parasite and Fungi","floor":31,"turns":2},{"damage":73,"enemies":"hubris:MusketHawk","floor":33,"turns":6}],"seed_played":"3406107317100321708","potions_obtained":[{"floor":1,"key":"DistilledChaos"},{"floor":2,"key":"Explosive Potion"},{"floor":12,"key":"Strength Potion"},{"floor":14,"key":"PowerPotion"}],"is_trial":false,"path_per_floor":["M","M","M","M","M","E","M","R","T","R","$","E","?","M","R","B",null,"M","AVR","?","M","$","NM","M","R","T","M","M","R","M","M","R","B"],"character_chosen":"IRONCLAD","items_purchased":["Brimstone","Armaments","True Grit"],"campfire_rested":0,"item_purchase_floors":[11,22,22],"current_hp_per_floor":[80,80,80,67,73,60,57,57,57,57,57,60,45,46,46,58,60,60,60,60,60,60,35,44,44,44,26,37,37,40,29,29,0,0],"gold":249,"neow_bonus":"THREE_ENEMY_KILL","is_daily":false,"chose_seed":false,"campfire_upgraded":6,"win_rate":0.0,"timestamp":1610470681,"path_taken":["M","M","M","?","M","E","M","R","T","R","$","E","?","M","R","BOSS","M","AVR","?","M","$","NM","M","R","T","M","M","R","?","M","R","BOSS"],"items_purchased_type":["Relic","Card","Card"],"build_version":"2020-12-22","purchased_purges":1,"victory":false,"max_hp_per_floor":[80,80,80,80,80,60,60,60,60,60,60,60,60,60,60,60,60,60,60,60,60,60,60,60,60,60,60,60,60,60,60,60,60,60],"card_choices":[{"not_picked":["hubris:ReadiedAction","Iron Wave"],"picked":"Cleave","floor":1},{"not_picked":["Blood for Blood","Thunderclap"],"picked":"Anger","floor":2},{"not_picked":["Clothesline","hubris:ReadiedAction"],"picked":"Cleave","floor":3},{"not_picked":["Searing Blow","Twin Strike"],"picked":"Bloodletting","floor":4},{"not_picked":["Rampage","Iron Wave"],"picked":"Immolate","floor":5},{"not_picked":["Dual Wield","Pommel Strike"],"picked":"Carnage","floor":6},{"not_picked":["Second Wind","Reckless Charge"],"picked":"Cleave","floor":7},{"not_picked":["Bloodletting","Headbutt"],"picked":"Barricade","floor":12},{"not_picked":["infinitespire:FinalStrike","infinitespire:Menacing"],"picked":"hubris:Fate","floor":13},{"not_picked":["conspire:Charge","Wild Strike"],"picked":"Rage","floor":14},{"not_picked":["Double Tap","conspire:HitWhereItHurts"],"picked":"Exhume","floor":16},{"not_picked":["Clash","Spot Weakness+1","Armaments"],"picked":"SKIP","floor":18},{"not_picked":["conspire:Charge","hubris:CleavingFinish","Searing Blow"],"picked":"SKIP","floor":21},{"not_picked":["infinitespire:Punishment","infinitespire:Starlight"],"picked":"infinitespire:UltimateForm","floor":23},{"not_picked":["Hemokinesis+1","Thunderclap+1"],"picked":"Rupture","floor":23},{"not_picked":["Wild Strike+1","Twin Strike+1"],"picked":"Infernal Blade","floor":24},{"not_picked":["Ghostly Armor","Pommel Strike"],"picked":"Inflame","floor":27},{"not_picked":["Dual Wield","Disarm"],"picked":"Sentinel+1","floor":28},{"not_picked":["Body Slam+1","Clash"],"picked":"Feed","floor":30},{"not_picked":["Perfected Strike","Twin Strike"],"picked":"Thunderclap","floor":31}],"player_experience":108827,"relics_obtained":[{"floor":6,"key":"infinitespire:Lychee Nut"},{"floor":9,"key":"Bottled Flame"},{"floor":12,"key":"Dream Catcher"},{"floor":23,"key":"Centennial Puzzle"}],"event_choices":[{"damage_healed":0,"gold_gain":0,"player_choice":"Ignored","damage_taken":0,"max_hp_gain":0,"max_hp_loss":0,"event_name":"N\u0027loth","floor":20,"gold_loss":0}],"is_beta":false,"boss_relics":[{"not_picked":["SlaversCollar","Philosopher\u0027s Stone"],"picked":"Sozu"}],"items_purged_floors":[19],"is_endless":true,"potions_floor_spawned":[1,2,12,14,18,21,23,28],"killed_by":"hubris:MusketHawk","ascension_level":0}}