{"host":"5hj512uv6i1x1iks","time":1610481137,"event":{"mods":["BaseMod","Colored Powertips","Minty Spire (QoL Compilation)","Random Character Button","Rare Cards Sparkle","Relic Stats","StSLib","ojb\u0027s Better Paths Mod","ojb\u0027s Info Mod"],"gold_per_floor":[118,135,149,114,124,124,153,153,177,190,201,219,219,229,229,305,305,315,315,326,326,326,326,339,339,339,339,85,85,35,47,47,47,47],"floor_reached":33,"language":"ENG","playtime":786,"items_purged":["Strike_G"],"score":423,"play_id":"24f528ae-eab4-4cd4-83b7-d5b1b1cfd45f","local_time":"20210112135217","is_ascension_mode":true,"campfire_choices":[{"data":"Noxious Fumes","floor":6.0,"key":"SMITH"},{"data":"Leg Sweep","floor":8.0,"key":"SMITH"},{"data":"Deadly Poison","floor":13.0,"key":"SMITH"},{"floor":15.0,"key":"REST"},{"floor":23,"key":"REST"},{"floor":25,"key":"REST"},{"data":"Corpse Explosion","floor":27,"key":"SMITH"},{"floor":32,"key":"REST"}],"circlet_count":0,"master_deck":["AscendersBane","Strike_G","Strike_G","Strike_G","Defend_G","Defend_G","Defend_G","Defend_G","Defend_G","Survivor","Neutralize","Noxious Fumes+1","Skewer","Deadly Poison+1","Leg Sweep+1","Backstab","Dagger Spray","Deflect","Corpse Explosion+1","Flying Knee","Night Terror","Backflip"],"relics":["Runic Pyramid","Lantern","Bronze Scales","Black Star","MutagenicStrength","White Beast Statue","Oddly Smooth Stone"],"acts_visited":["Exordium","TheCity"],"potions_floor_usage":[24,33,33],"damage_taken":[{"damage":8.0,"enemies":"Small Slimes","floor":1.0,"turns":5.0},{"damage":2.0,"enemies":"2 Louse","floor":2.0,"turns":3.0},{"damage":9.0,"enemies":"Jaw Worm","floor":3.0,"turns":4.0},{"damage":14.0,"enemies":"Looter","floor":5.0,"turns":4.0},{"damage":29.0,"enemies":"Gremlin Nob","floor":7.0,"turns":4.0},{"damage":0.0,"enemies":"Exordium Thugs","floor":10.0,"turns":5.0},{"damage":1.0,"enemies":"Blue Slaver","floor":11.0,"turns":3.0},{"damage":0.0,"enemies":"Large Slime","floor":12.0,"turns":6.0},{"damage":4.0,"enemies":"Exordium Thugs","floor":14.0,"turns":5.0},{"damage":19.0,"enemies":"The Guardian","floor":16.0,"turns":9.0},{"damage":19,"enemies":"Chosen","floor":18,"turns":5},{"damage":26,"enemies":"2 Thieves","floor":20,"turns":3},{"damage":23,"enemies":"Snecko","floor":24,"turns":7},{"damage":11,"enemies":"Colosseum Slavers","floor":29,"turns":2},{"damage":4,"enemies":"Snake Plant","floor":31,"turns":3},{"damage":34,"enemies":"Champ","floor":33,"turns":11}],"seed_played":"1575765634776657833","potions_obtained":[{"floor":1.0,"key":"Dexterity Potion"},{"floor":7.0,"key":"Energy Potion"},{"floor":12.0,"key":"Block Potion"},{"floor":31,"key":"GamblersBrew"}],"is_trial":false,"path_per_floor":["M","M","M","?","M","R","E","R","T","M","M","M","R","M","R","B",null,"M","?","M","?","?","R","M","R","T","R","$","?","?","M","R","B"],"character_chosen":"THE_SILENT","items_purchased":["Oddly Smooth Stone","Backflip"],"campfire_rested":4,"item_purchase_floors":[28,28],"current_hp_per_floor":[51,49,40,56,42,42,13,13,13,13,12,12,12,8,27,8,52,33,33,7,7,7,26,3,22,22,22,22,11,11,7,26,0,0],"gold":47,"neow_bonus":"BOSS_RELIC","is_daily":false,"chose_seed":false,"campfire_upgraded":4,"win_rate":0.0,"timestamp":1610481137,"path_taken":["M","M","M","?","M","R","E","R","T","M","M","M","R","M","R","BOSS","M","?","M","?","?","R","?","R","T","R","$","?","?","M","R","BOSS"],"items_purchased_type":["Relic","Card"],"build_version":"2020-12-22","purchased_purges":1,"victory":false,"max_hp_per_floor":[66,66,66,66,66,66,66,66,66,66,66,66,66,66,66,66,66,66,66,66,66,66,66,66,66,66,66,66,66,66,66,66,66,66],"relic_stats":{"counters":[16,79],"Bronze Scales":[132],"Black Star":0,"obtain_stats":[{"Lantern":7,"Bronze Scales":9,"MutagenicStrength":21,"Oddly Smooth Stone":28,"Black Star":17,"White Beast Statue":26,"Ring of the Snake":0,"Runic Pyramid":0},{"Lantern":5,"Bronze Scales":5,"MutagenicStrength":12,"Oddly Smooth Stone":13,"Black Star":10,"White Beast Statue":13,"Ring of the Snake":0,"Runic Pyramid":0},{"Lantern":20,"Bronze Scales":20,"MutagenicStrength":56,"Oddly Smooth Stone":63,"Black Star":48,"White Beast Statue":63,"Ring of the Snake":0,"Runic Pyramid":0}]},"card_choices":[{"not_picked":["Crippling Poison","Bane"],"picked":"Noxious Fumes","floor":1.0},{"not_picked":["Infinite Blades","Blade Dance"],"picked":"Skewer","floor":2.0},{"not_picked":["Reflex","Outmaneuver","Terror"],"picked":"SKIP","floor":3.0},{"not_picked":["Quick Slash","Distraction"],"picked":"Deadly Poison","floor":5.0},{"not_picked":["Deadly Poison","PiercingWail"],"picked":"Leg Sweep","floor":7.0},{"not_picked":["Outmaneuver","Accuracy"],"picked":"Backstab","floor":10.0},{"not_picked":["Slice","Quick Slash"],"picked":"Dagger Spray","floor":11.0},{"not_picked":["Finisher","Blade Dance"],"picked":"Deflect","floor":12.0},{"not_picked":["Slice","Deflect","Blade Dance"],"picked":"SKIP","floor":14.0},{"not_picked":["Malaise","Doppelganger"],"picked":"Corpse Explosion","floor":16.0},{"not_picked":["Poisoned Stab","Eviscerate"],"picked":"Flying Knee","floor":18},{"not_picked":["Bane","Slice","Accuracy"],"picked":"SKIP","floor":20},{"not_picked":["Deflect","Underhanded Strike","Cloak And Dagger"],"picked":"SKIP","floor":24},{"not_picked":["Blade Dance","Dagger Spray","Die Die Die"],"picked":"SKIP","floor":31}],"player_experience":576130,"relics_obtained":[{"floor":7.0,"key":"Lantern"},{"floor":9.0,"key":"Bronze Scales"},{"floor":26,"key":"White Beast Statue"}],"event_choices":[{"damage_healed":16.0,"max_hp_gain":0.0,"max_hp_loss":0.0,"gold_gain":0.0,"event_name":"The Cleric","player_choice":"Healed","floor":4.0,"gold_loss":35.0,"damage_taken":0.0},{"damage_healed":0,"gold_gain":0,"player_choice":"Ignored","damage_taken":0,"max_hp_gain":0,"max_hp_loss":0,"event_name":"Ghosts","floor":19,"gold_loss":0},{"damage_healed":0,"gold_gain":0,"player_choice":"Inject Mutagens","damage_taken":0,"relics_obtained":["MutagenicStrength"],"max_hp_gain":0,"max_hp_loss":0,"event_name":"Drug Dealer","floor":21,"gold_loss":0},{"damage_healed":0,"gold_gain":0,"cards_transformed":["Strike_G"],"player_choice":"Transformed","damage_taken":0,"max_hp_gain":0,"max_hp_loss":0,"event_name":"Transmorgrifier","floor":22,"gold_loss":0,"cards_obtained":["Night Terror"]},{"damage_healed":0,"gold_gain":0,"player_choice":"Fight","damage_taken":0,"max_hp_gain":0,"max_hp_loss":0,"event_name":"Colosseum","floor":29,"gold_loss":0},{"damage_healed":0,"gold_gain":0,"player_choice":"Fled From Nobs","damage_taken":0,"max_hp_gain":0,"max_hp_loss":0,"event_name":"Colosseum","floor":29,"gold_loss":0},{"damage_healed":0,"gold_gain":0,"player_choice":"Bet on Owner","damage_taken":0,"max_hp_gain":0,"max_hp_loss":0,"event_name":"The Joust","floor":30,"gold_loss":50}],"is_beta":false,"boss_relics":[{"not_picked":["HoveringKite","Calling Bell"],"picked":"Black Star"}],"items_purged_floors":[28],"is_endless":false,"potions_floor_spawned":[1,2,7,12,14,16,18,29,31],"killed_by":"Champ","ascension_level":14}}