{"host":"w9yruvs4bqht6bhw","time":1610491708,"event":{"mods":["BaseMod","Colored Powertips","Minty Spire (QoL Compilation)"],"gold_per_floor":[112,112,38,50,50,50,77,77,131,143,189,215,244,256,268,384,396,418,430,442,442],"floor_reached":20,"language":"ENG","playtime":619,"items_purged":[],"score":261,"play_id":"0990a47b-4dbf-4327-85eb-9fb7df777bd8","local_time":"20210112174828","is_ascension_mode":true,"campfire_choices":[{"data":"Bludgeon","floor":6,"key":"SMITH"},{"data":"Hemokinesis","floor":8,"key":"SMITH"},{"data":"Bash","floor":10,"key":"SMITH"},{"data":"Headbutt","floor":15,"key":"SMITH"}],"circlet_count":0,"master_deck":["Strike_R","Strike_R","Strike_R","Defend_R","Defend_R","Defend_R","Defend_R","Bash+1","Armaments+1","Bludgeon+1","Headbutt+1","Hemokinesis+1","Shrug It Off+1","Battle Trance+1","Sentinel+1","Bludgeon","Pummel+1"],"relics":["Burning Blood","Toxic Egg 2","MawBank","Sundial","Empty Cage"],"acts_visited":["Exordium","TheCity"],"potions_floor_usage":[4,7],"damage_taken":[{"damage":4,"enemies":"Small Slimes","floor":1,"turns":5},{"damage":12,"enemies":"Jaw Worm","floor":4,"turns":3},{"damage":12,"enemies":"3 Sentries","floor":7,"turns":5},{"damage":10,"enemies":"Gremlin Nob","floor":11,"turns":3},{"damage":0,"enemies":"Cultist","floor":12,"turns":2},{"damage":8,"enemies":"3 Louse","floor":13,"turns":3},{"damage":6,"enemies":"Slime Boss","floor":16,"turns":6},{"damage":55,"enemies":"3 Byrds","floor":18,"turns":8},{"damage":14,"enemies":"Shell Parasite","floor":20,"turns":2}],"seed_played":"-4381408189495429439","potions_obtained":[{"floor":4,"key":"EntropicBrew"},{"floor":12,"key":"SpeedPotion"},{"floor":18,"key":"Dexterity Potion"}],"is_trial":false,"path_per_floor":["M","?","$","M","?","R","E","R","T","R","E","M","M","$","R","B",null,"M","?","M"],"character_chosen":"IRONCLAD","items_purchased":["Bludgeon"],"campfire_rested":0,"item_purchase_floors":[3],"current_hp_per_floor":[82,82,82,76,76,76,70,70,70,70,66,72,70,70,70,70,84,35,18,4,4],"gold":442,"neow_bonus":"TEN_PERCENT_HP_BONUS","is_daily":false,"chose_seed":false,"campfire_upgraded":4,"win_rate":0.0,"timestamp":1610491708,"path_taken":["M","?","$","M","?","R","E","R","T","R","E","M","?","?","R","BOSS","M","?","M"],"items_purchased_type":["Card"],"build_version":"2020-12-22","purchased_purges":0,"victory":false,"max_hp_per_floor":[88,88,88,88,88,88,88,88,88,88,88,88,88,88,88,88,88,88,93,93,93],"card_choices":[{"not_picked":["Heavy Blade","Warcry"],"picked":"Armaments","floor":1},{"not_picked":["Second Wind","Flex"],"picked":"Headbutt","floor":4},{"not_picked":["Warcry+1","Clash"],"picked":"Hemokinesis","floor":7},{"not_picked":["Brutality","Body Slam"],"picked":"Shrug It Off+1","floor":11},{"not_picked":["Cleave","Anger"],"picked":"Battle Trance+1","floor":12},{"not_picked":["Armaments+1","Clothesline"],"picked":"Sentinel+1","floor":13},{"not_picked":["Brutality","Exhume+1"],"picked":"Bludgeon","floor":16},{"not_picked":["Wild Strike+1","Flex+1"],"picked":"Pummel+1","floor":18}],"player_experience":389726,"relics_obtained":[{"floor":7,"key":"Toxic Egg 2"},{"floor":9,"key":"MawBank"},{"floor":11,"key":"Sundial"}],"event_choices":[{"damage_healed":0,"gold_gain":0,"player_choice":"Ignored","damage_taken":0,"max_hp_gain":0,"max_hp_loss":0,"event_name":"Liars Game","floor":2,"gold_loss":0},{"damage_healed":0,"gold_gain":0,"player_choice":"Grow","damage_taken":0,"max_hp_gain":0,"max_hp_loss":0,"event_name":"Living Wall","floor":5,"gold_loss":0,"cards_upgraded":["Armaments"]},{"damage_healed":0,"gold_gain":0,"player_choice":"Shed Blood","damage_taken":22,"max_hp_gain":5,"max_hp_loss":0,"event_name":"Forgotten Altar","floor":19,"gold_loss":0}],"is_beta":false,"boss_relics":[{"not_picked":["Philosopher\u0027s Stone","Astrolabe"],"picked":"Empty Cage"}],"items_purged_floors":[],"is_endless":false,"potions_floor_spawned":[4,12,18],"killed_by":"Shell Parasite","ascension_level":9}}