{"host":"q8niu1x2pgv94o1d","time":1610470798,"event":{"mods":["AchievementEnabler","BaseMod","Colored Map","Colored Powertips","Minty Spire (QoL Compilation)","StSLib"],"gold_per_floor":[118,132,143,143,123,153,165,1,1,1,18,18,48,64,64,64,64],"floor_reached":16,"playtime":977,"items_purged":[],"score":224,"play_id":"88132b3b-b6cb-41fb-af6d-4ffab0a44fe0","local_time":"20210112175958","is_ascension_mode":true,"campfire_choices":[{"floor":10,"key":"REST"},{"data":"All Out Attack","floor":12,"key":"SMITH"},{"data":"Flechettes","floor":15,"key":"SMITH"}],"circlet_count":0,"master_deck":["AscendersBane","Strike_G","Strike_G","Strike_G","Strike_G","Defend_G","Defend_G","Defend_G","Defend_G","Survivor","Neutralize","Flechettes+1","Cloak And Dagger","Dagger Spray","Masterful Stab","PiercingWail","Prepared","All Out Attack+1","Crippling Poison"],"relics":["Ring of the Snake","Centennial Puzzle","Toy Ornithopter","InkBottle","Peace Pipe"],"acts_visited":["Exordium"],"potions_floor_usage":[6,13,13],"damage_taken":[{"damage":17,"enemies":"Cultist","floor":1,"turns":5},{"damage":0,"enemies":"2 Louse","floor":2,"turns":3},{"damage":0,"enemies":"Small Slimes","floor":3,"turns":3},{"damage":22,"enemies":"Gremlin Nob","floor":6,"turns":4},{"damage":2,"enemies":"Looter","floor":7,"turns":2},{"damage":6,"enemies":"3 Louse","floor":11,"turns":2},{"damage":9,"enemies":"Lagavulin","floor":13,"turns":3},{"damage":0,"enemies":"2 Fungi Beasts","floor":14,"turns":2},{"damage":29,"enemies":"Slime Boss","floor":16,"turns":8}],"seed_played":"-6850021103090001590","potions_obtained":[{"floor":2,"key":"Energy Potion"},{"floor":5,"key":"Strength Potion"},{"floor":7,"key":"Explosive Potion"},{"floor":11,"key":"AttackPotion"},{"floor":14,"key":"SmokeBomb"}],"is_trial":false,"path_per_floor":["M","M","M","?","?","E","M","$","T","R","M","R","E","M","R","B"],"character_chosen":"THE_SILENT","items_purchased":["Toy Ornithopter"],"campfire_rested":1,"item_purchase_floors":[8],"current_hp_per_floor":[42,42,42,35,35,13,11,11,11,30,24,24,25,25,25,0,0],"gold":64,"neow_bonus":"TRANSFORM_CARD","is_daily":false,"chose_seed":false,"campfire_upgraded":2,"win_rate":0.0,"timestamp":1610470798,"path_taken":["M","?","?","?","?","E","M","$","T","R","M","R","E","M","R","BOSS"],"items_purchased_type":["Relic"],"build_version":"2020-12-22","purchased_purges":0,"victory":false,"max_hp_per_floor":[66,66,66,66,66,66,66,66,66,66,66,66,66,66,66,66,66],"card_choices":[{"not_picked":["Poisoned Stab","Dagger Throw"],"picked":"Cloak And Dagger","floor":1},{"not_picked":["Catalyst","Calculated Gamble"],"picked":"Dagger Spray","floor":2},{"not_picked":["Accuracy","Flechettes"],"picked":"Masterful Stab","floor":3},{"not_picked":["Underhanded Strike","Setup"],"picked":"PiercingWail","floor":6},{"not_picked":["PiercingWail","Heel Hook"],"picked":"Prepared","floor":7},{"not_picked":["Dagger Spray","Tools of the Trade"],"picked":"All Out Attack","floor":11},{"not_picked":["Riddle With Holes","Prepared","Dodge and Roll"],"picked":"SKIP","floor":13},{"not_picked":["Dodge and Roll","Eviscerate"],"picked":"Crippling Poison","floor":14}],"player_experience":1800333,"relics_obtained":[{"floor":6,"key":"Centennial Puzzle"},{"floor":9,"key":"InkBottle"},{"floor":13,"key":"Peace Pipe"}],"event_choices":[{"cards_removed":["Strike_G"],"damage_healed":0,"gold_gain":0,"player_choice":"Card Removal","damage_taken":7,"max_hp_gain":0,"max_hp_loss":0,"event_name":"Golden Wing","floor":4,"gold_loss":0},{"damage_healed":0,"gold_gain":0,"player_choice":"Bought 1 Potion","damage_taken":0,"max_hp_gain":0,"max_hp_loss":0,"event_name":"The Woman in Blue","floor":5,"gold_loss":0}],"is_beta":false,"boss_relics":[],"items_purged_floors":[],"is_endless":false,"potions_floor_spawned":[2,7,11,14],"killed_by":"Slime Boss","ascension_level":20}}