{"host":"4rvakrj1idbgia3f","time":1610447428,"event":{"mods":["BaseMod","Colored Map","Colored Powertips","DeckTracker","Highlight Path","Minty Spire (QoL Compilation)","Random Character Button","StSLib"],"gold_per_floor":[15,65,81,92,104,104,138,138,165,194,204,238,83,96,96,169,169,186,101,101,112,12,12,47,47,74,85,85,116,116,139,139,223,223,241,259,271,271,289,328,328,362,362,383,383,383],"floor_reached":45,"playtime":2485,"items_purged":["Strike_P","Strike_P"],"score":1191,"play_id":"9a4c72e9-0650-43fa-bb0e-6f62418b93c7","local_time":"20210112193028","is_ascension_mode":true,"campfire_choices":[{"data":"Eruption","floor":6.0,"key":"SMITH"},{"data":"BowlingBash","floor":8.0,"key":"SMITH"},{"data":"Wallop","floor":15.0,"key":"SMITH"},{"data":"ClearTheMind","floor":23.0,"key":"SMITH"},{"data":"WaveOfTheHand","floor":25.0,"key":"SMITH"},{"data":"Judgement","floor":30.0,"key":"SMITH"},{"floor":32.0,"key":"REST"},{"floor":41,"key":"REST"}],"circlet_count":0,"master_deck":["AscendersBane","Strike_P","Strike_P","Defend_P+1","Defend_P","Defend_P","Defend_P","Eruption+1","Vigilance+1","Master of Strategy","Consecrate","EmptyFist","BowlingBash+1","Wallop+1","ClearTheMind+1","CutThroughFate","Tantrum","ThirdEye","Adaptation","Halt","Judgement+1","FlurryOfBlows","SandsOfTime+1","WaveOfTheHand+1","Wallop+1","Vengeance","LessonLearned+1","Madness","Madness","EmptyMind+1","Vault"],"relics":["PureWater","Tiny Chest","Lantern","Regal Pillow","GoldenEye","Black Star","Omamori","Mango","Kunai","Nunchaku","CeramicFish","Meat on the Bone","Happy Flower","Fusion Hammer","Shuriken","Pocketwatch","Akabeko","Orichalcum"],"acts_visited":["Exordium","TheCity","TheBeyond"],"potions_floor_usage":[37,40],"damage_taken":[{"damage":2.0,"enemies":"Small Slimes","floor":1.0,"turns":3.0},{"damage":0.0,"enemies":"Cultist","floor":3.0,"turns":4.0},{"damage":0.0,"enemies":"Jaw Worm","floor":4.0,"turns":2.0},{"damage":8.0,"enemies":"Blue Slaver","floor":5.0,"turns":4.0},{"damage":18.0,"enemies":"Lagavulin","floor":7.0,"turns":5.0},{"damage":0.0,"enemies":"Gremlin Nob","floor":10.0,"turns":3.0},{"damage":0.0,"enemies":"2 Fungi Beasts","floor":11.0,"turns":1.0},{"damage":10.0,"enemies":"Lagavulin","floor":12.0,"turns":3.0},{"damage":0.0,"enemies":"Large Slime","floor":14.0,"turns":2.0},{"damage":18.0,"enemies":"Hexaghost","floor":16.0,"turns":9.0},{"damage":0.0,"enemies":"Chosen","floor":18.0,"turns":3.0},{"damage":0.0,"enemies":"Spheric Guardian","floor":21.0,"turns":1.0},{"damage":0.0,"enemies":"Gremlin Leader","floor":24.0,"turns":5.0},{"damage":11.0,"enemies":"Shelled Parasite and Fungi","floor":27.0,"turns":4.0},{"damage":33.0,"enemies":"Slavers","floor":29.0,"turns":4.0},{"damage":4.0,"enemies":"Cultist and Chosen","floor":31.0,"turns":4.0},{"damage":40.0,"enemies":"Champ","floor":33.0,"turns":10.0},{"damage":6.0,"enemies":"Orb Walker","floor":35.0,"turns":3.0},{"damage":0.0,"enemies":"3 Darklings","floor":36.0,"turns":5.0},{"damage":12,"enemies":"Writhing Mass","floor":37,"turns":6},{"damage":32,"enemies":"Nemesis","floor":40,"turns":5},{"damage":60,"enemies":"Reptomancer","floor":42,"turns":5},{"damage":0,"enemies":"Transient","floor":44,"turns":6},{"damage":30,"enemies":"Nemesis","floor":45,"turns":2}],"seed_played":"-4081661106470035287","potions_obtained":[{"floor":1.0,"key":"ColorlessPotion"},{"floor":4.0,"key":"StancePotion"},{"floor":10.0,"key":"AttackPotion"},{"floor":11.0,"key":"Explosive Potion"},{"floor":16.0,"key":"Fruit Juice"},{"floor":18.0,"key":"Ancient Potion"},{"floor":21.0,"key":"Ancient Potion"},{"floor":37,"key":"ColorlessPotion"},{"floor":42,"key":"AttackPotion"},{"floor":44,"key":"StancePotion"}],"is_trial":false,"path_per_floor":["M","?","M","M","M","R","E","R","T","E","M","E","$","M","R","B",null,"M","?","?","M","$","R","E","R","T","M","T","E","R","M","R","B",null,"M","M","M","?","?","E","R","E","T","M","E"],"character_chosen":"WATCHER","items_purchased":["Adaptation"],"campfire_rested":2,"item_purchase_floors":[13],"current_hp_per_floor":[59,59,59,59,51,51,33,33,33,33,33,23,23,23,23,10,57,57,57,57,57,57,57,71,71,71,60,60,27,27,35,76,48,77,71,71,59,59,43,23,64,16,16,28,0,0],"gold":383,"neow_bonus":"RANDOM_COLORLESS_2","is_daily":false,"chose_seed":false,"campfire_upgraded":6,"win_rate":0.0,"timestamp":1610447428,"path_taken":["M","?","?","M","M","R","E","R","T","E","M","E","$","?","R","BOSS","M","?","?","M","$","R","E","R","T","M","?","E","R","M","R","BOSS","M","M","M","?","?","E","R","E","T","M","E"],"items_purchased_type":["Card"],"build_version":"2020-12-22","purchased_purges":2,"victory":false,"max_hp_per_floor":[68,68,68,68,68,68,68,68,68,68,68,68,68,68,68,73,73,73,73,73,73,73,73,87,87,87,87,87,87,87,87,87,87,87,87,87,87,87,87,87,87,87,87,87,87,87],"card_choices":[{"not_picked":["Panache","Thinking Ahead"],"picked":"Master of Strategy","floor":0.0},{"not_picked":["FlyingSleeves","Evaluate"],"picked":"Consecrate","floor":1.0},{"not_picked":["Wireheading","Nirvana"],"picked":"EmptyFist","floor":3.0},{"not_picked":["Worship","FlyingSleeves"],"picked":"BowlingBash","floor":4.0},{"not_picked":["SandsOfTime","Halt"],"picked":"Wallop","floor":5.0},{"not_picked":["ThirdEye","CarveReality"],"picked":"ClearTheMind","floor":7.0},{"not_picked":["BowlingBash","Weave"],"picked":"CutThroughFate","floor":10.0},{"not_picked":["Alpha","Swivel"],"picked":"Tantrum","floor":11.0},{"not_picked":["ClearTheMind","Fasting2"],"picked":"ThirdEye","floor":12.0},{"not_picked":["Prostrate","Indignation"],"picked":"Halt","floor":14.0},{"not_picked":["SpiritShield","Wish"],"picked":"Judgement","floor":16.0},{"not_picked":["Consecrate","FlyingSleeves"],"picked":"FlurryOfBlows","floor":18.0},{"not_picked":["WindmillStrike","Conclude"],"picked":"SandsOfTime+1","floor":21.0},{"not_picked":["Prostrate","FollowUp"],"picked":"WaveOfTheHand","floor":24.0},{"not_picked":["Protect","EmptyFist"],"picked":"Wallop+1","floor":27.0},{"not_picked":["Wallop","JustLucky","Consecrate"],"picked":"SKIP","floor":29.0},{"not_picked":["FollowUp","FlurryOfBlows"],"picked":"Vengeance","floor":31.0},{"not_picked":["DeusExMachina","Judgement"],"picked":"LessonLearned","floor":33.0},{"not_picked":["FlyingSleeves","Crescendo","Worship"],"picked":"SKIP","floor":35.0},{"not_picked":["Prostrate","CutThroughFate+1","Fasting2+1"],"picked":"SKIP","floor":36.0},{"not_picked":["ClearTheMind","JustLucky","BowlingBash+1"],"picked":"SKIP","floor":37},{"not_picked":["CrushJoints","FollowUp+1"],"picked":"EmptyMind+1","floor":40},{"not_picked":["Swivel","Conclude","ForeignInfluence"],"picked":"SKIP","floor":42},{"not_picked":["Evaluate","Prostrate"],"picked":"Vault","floor":44}],"player_experience":2010809,"relics_obtained":[{"floor":7.0,"key":"Tiny Chest"},{"floor":9.0,"key":"Lantern"},{"floor":10.0,"key":"Regal Pillow"},{"floor":12.0,"key":"GoldenEye"},{"floor":24.0,"key":"Mango"},{"floor":24.0,"key":"Kunai"},{"floor":26.0,"key":"Nunchaku"},{"floor":28.0,"key":"CeramicFish"},{"floor":29.0,"key":"Meat on the Bone"},{"floor":29.0,"key":"Happy Flower"},{"floor":40,"key":"Shuriken"},{"floor":40,"key":"Pocketwatch"},{"floor":42,"key":"Akabeko"},{"floor":42,"key":"Orichalcum"}],"event_choices":[{"damage_healed":0.0,"max_hp_gain":0.0,"max_hp_loss":0.0,"gold_gain":50.0,"event_name":"Golden Shrine","player_choice":"Pray","floor":2.0,"gold_loss":0.0,"damage_taken":0.0},{"damage_healed":0.0,"max_hp_gain":0.0,"max_hp_loss":0.0,"gold_gain":0.0,"event_name":"Addict","player_choice":"Obtained Relic","floor":19.0,"gold_loss":85.0,"damage_taken":0.0,"relics_obtained":["Omamori"]},{"damage_healed":0.0,"max_hp_gain":0.0,"max_hp_loss":0.0,"gold_gain":0.0,"event_name":"Forgotten Altar","player_choice":"Smashed Altar","floor":20.0,"gold_loss":0.0,"damage_taken":0.0,"cards_obtained":["Decay"]},{"damage_healed":0,"gold_gain":0,"player_choice":"Ignored","damage_taken":0,"max_hp_gain":0,"max_hp_loss":0,"event_name":"Tomb of Lord Red Mask","floor":38,"gold_loss":0},{"damage_healed":0,"gold_gain":0,"player_choice":"Embrace Madness","damage_taken":16,"max_hp_gain":0,"max_hp_loss":0,"event_name":"Winding Halls","floor":39,"gold_loss":0,"cards_obtained":["Madness","Madness"]}],"is_beta":false,"boss_relics":[{"not_picked":["Tiny House","Empty Cage"],"picked":"Black Star"},{"not_picked":["Sozu","HolyWater"],"picked":"Fusion Hammer"}],"items_purged_floors":[13,22],"is_endless":false,"potions_floor_spawned":[1,4,10,11,16,18,21,33,37,42,44],"killed_by":"Nemesis","ascension_level":20}}