{"host":"dbkc9h3etq50r1dq","time":1610430041,"event":{"mods":["AchievementEnabler","BaseMod","Block Reminder","Colored Powertips","Curses Come First","Custom Start","Dark Map","Minty Spire (QoL Compilation)","Permanent Neow","Potion Indicator Mod","Rare Cards Sparkle","StSLib","SuperFastMode"],"gold_per_floor":[115,115,132,150,225,250,260,288,288,307,307,321,337,355,355,451,451,463,463,121,139,151,151,167,196,219,229,229,239,256,272,272,377,427,443,443,175,192,192,221,221,221,246,246,263,282,282,294,294,294,294],"floor_reached":50,"playtime":1790,"items_purged":["Defend_P","Strike_P"],"score":639,"play_id":"5ebb7f0e-9d78-4212-ada1-12709e7e5b38","local_time":"20210112134041","is_ascension_mode":true,"campfire_choices":[{"floor":15.0,"key":"REST"},{"floor":23.0,"key":"REST"},{"floor":28.0,"key":"REST"},{"floor":32.0,"key":"REST"},{"floor":44.0,"key":"REST"},{"floor":47,"key":"REST"},{"data":"Establishment","floor":49,"key":"SMITH"}],"circlet_count":0,"master_deck":["Defend_P","Eruption","Vigilance","BattleHymn","TalkToTheHand+1","Wallop","TalkToTheHand","BattleHymn","FlurryOfBlows","Consecrate","Establishment+1","InnerPeace+1","BattleHymn+1","MasterReality+1","ClearTheMind","Deep Breath","Meditate","Prostrate","FlurryOfBlows","FollowUp+1","Swivel","LikeWater","Turbo","Metallicize","Conserve Battery"],"relics":["PureWater","Tiny Chest","Shuriken","HornCleat","Singing Bowl","Astrolabe","Smiling Mask","Happy Flower","Tiny House","PrismaticShard","Mercury Hourglass","MealTicket","Blood Vial"],"acts_visited":["Exordium","TheCity","TheBeyond"],"potions_floor_usage":[50,50],"damage_taken":[{"damage":0.0,"enemies":"Jaw Worm","floor":1.0,"turns":3.0},{"damage":4.0,"enemies":"Cultist","floor":3.0,"turns":4.0},{"damage":2.0,"enemies":"2 Louse","floor":4.0,"turns":3.0},{"damage":17.0,"enemies":"Lagavulin","floor":6.0,"turns":5.0},{"damage":3.0,"enemies":"Blue Slaver","floor":7.0,"turns":5.0},{"damage":48.0,"enemies":"Gremlin Nob","floor":8.0,"turns":6.0},{"damage":0.0,"enemies":"Large Slime","floor":10.0,"turns":3.0},{"damage":5.0,"enemies":"Red Slaver","floor":12.0,"turns":4.0},{"damage":7.0,"enemies":"Lots of Slimes","floor":13.0,"turns":3.0},{"damage":0.0,"enemies":"Gremlin Gang","floor":14.0,"turns":4.0},{"damage":12.0,"enemies":"Slime Boss","floor":16.0,"turns":6.0},{"damage":36.0,"enemies":"3 Byrds","floor":18.0,"turns":5.0},{"damage":11.0,"enemies":"Shell Parasite","floor":21.0,"turns":4.0},{"damage":13.0,"enemies":"Centurion and Healer","floor":22.0,"turns":3.0},{"damage":8.0,"enemies":"3 Cultists","floor":24.0,"turns":4.0},{"damage":28.0,"enemies":"Gremlin Leader","floor":25.0,"turns":5.0},{"damage":0.0,"enemies":"Snecko","floor":27.0,"turns":4.0},{"damage":20.0,"enemies":"Snake Plant","floor":29.0,"turns":3.0},{"damage":15.0,"enemies":"Shelled Parasite and Fungi","floor":30.0,"turns":4.0},{"damage":0.0,"enemies":"3 Cultists","floor":31.0,"turns":3.0},{"damage":11.0,"enemies":"Collector","floor":33.0,"turns":6.0},{"damage":1.0,"enemies":"Orb Walker","floor":35.0,"turns":3.0},{"damage":25.0,"enemies":"3 Darklings","floor":38.0,"turns":5.0},{"damage":36.0,"enemies":"Giant Head","floor":40.0,"turns":7.0},{"damage":20.0,"enemies":"4 Shapes","floor":45.0,"turns":6.0},{"damage":12,"enemies":"Writhing Mass","floor":46,"turns":6},{"damage":22,"enemies":"Sphere and 2 Shapes","floor":48,"turns":4},{"damage":91,"enemies":"Awakened One","floor":50,"turns":6}],"seed_played":"8091003062841000858","potions_obtained":[{"floor":0.0,"key":"Fruit Juice"},{"floor":0.0,"key":"BlessingOfTheForge"},{"floor":0.0,"key":"FairyPotion"},{"floor":1.0,"key":"SkillPotion"},{"floor":4.0,"key":"Strength Potion"},{"floor":10.0,"key":"EssenceOfSteel"},{"floor":12.0,"key":"SpeedPotion"},{"floor":16.0,"key":"ColorlessPotion"},{"floor":25.0,"key":"AttackPotion"},{"floor":29.0,"key":"Weak Potion"},{"floor":30.0,"key":"DistilledChaos"},{"floor":33.0,"key":"Dexterity Potion"},{"floor":34.0,"key":"Swift Potion"},{"floor":38.0,"key":"SpeedPotion"},{"floor":42.0,"key":"BottledMiracle"},{"floor":46,"key":"Fire Potion"}],"is_trial":false,"path_per_floor":["M","?","M","M","?","E","M","E","T","M","?","M","M","M","R","B",null,"M","?","$","M","M","R","M","E","T","M","R","M","M","M","R","B",null,"M","?","$","M","T","E","?","?","T","R","M","M","R","M","R","B"],"character_chosen":"WATCHER","items_purchased":["Deep Breath","Meditate","FairyPotion","PrismaticShard","LikeWater"],"campfire_rested":6,"item_purchase_floors":[20,20,20,37,37],"current_hp_per_floor":[77,77,73,71,60,43,40,23,23,23,20,15,10,10,33,21,79,43,43,43,34,23,47,39,13,13,15,41,21,8,8,34,25,96,97,97,97,72,72,38,38,38,38,68,50,40,70,52,52,0,0],"gold":294,"neow_bonus":"THREE_SMALL_POTIONS","is_daily":false,"chose_seed":false,"campfire_upgraded":1,"win_rate":0.0,"timestamp":1610430041,"path_taken":["M","?","M","?","?","E","M","E","T","M","?","M","M","M","R","BOSS","M","?","$","M","M","R","M","E","T","M","R","M","M","M","R","BOSS","M","?","$","M","?","E","?","?","T","R","M","M","R","?","R","BOSS"],"items_purchased_type":["Card","Card","Potion","Relic","Card"],"build_version":"2020-12-22","purchased_purges":2,"victory":false,"max_hp_per_floor":[77,77,77,77,77,77,77,77,77,77,77,77,79,79,79,79,79,79,79,79,81,83,83,83,85,85,87,87,87,89,89,89,91,96,98,98,98,98,98,100,100,100,100,100,100,100,100,102,102,102,102],"card_choices":[{"not_picked":["InnerPeace","Worship","FlyingSleeves"],"picked":"SKIP","floor":1.0},{"not_picked":["ReachHeaven","EmptyBody"],"picked":"BattleHymn","floor":3.0},{"not_picked":["SignatureMove","CrushJoints"],"picked":"TalkToTheHand","floor":4.0},{"not_picked":["Indignation","Crescendo","Worship"],"picked":"SKIP","floor":6.0},{"not_picked":["Tantrum","Halt"],"picked":"Wallop","floor":7.0},{"not_picked":["Crescendo","SashWhip"],"picked":"TalkToTheHand","floor":8.0},{"not_picked":["Fasting2","WindmillStrike"],"picked":"BattleHymn","floor":10.0},{"not_picked":["SashWhip","FlyingSleeves"],"picked":"FlurryOfBlows","floor":12.0},{"not_picked":["FollowUp","Conclude","BowlingBash"],"picked":"Singing Bowl","floor":13.0},{"not_picked":["ConjureBlade","Conclude"],"picked":"Consecrate","floor":14.0},{"not_picked":["DeusExMachina","SpiritShield"],"picked":"Establishment","floor":16.0},{"not_picked":["Consecrate","Nirvana"],"picked":"ClearTheMind","floor":18.0},{"not_picked":["FlyingSleeves","PathToVictory","ThirdEye"],"picked":"Singing Bowl","floor":21.0},{"not_picked":["Sanctity","EmptyMind","CrushJoints"],"picked":"Singing Bowl","floor":22.0},{"not_picked":["JustLucky","CarveReality"],"picked":"Prostrate","floor":24.0},{"not_picked":["Collect","ThirdEye","CrushJoints"],"picked":"Singing Bowl","floor":25.0},{"not_picked":["Crescendo","ClearTheMind","ReachHeaven+1"],"picked":"Singing Bowl","floor":27.0},{"not_picked":["LessonLearned","ClearTheMind+1"],"picked":"FlurryOfBlows","floor":29.0},{"not_picked":["Evaluate","Worship","WreathOfFlame"],"picked":"Singing Bowl","floor":30.0},{"not_picked":["Crescendo+1","Protect"],"picked":"FollowUp+1","floor":31.0},{"not_picked":["ConjureBlade","Vault","Omniscience"],"picked":"Singing Bowl","floor":33.0},{"not_picked":["Sanctity","EmptyMind"],"picked":"Swivel","floor":34.0},{"not_picked":["Consecrate+1","Prostrate+1","WindmillStrike"],"picked":"Singing Bowl","floor":35.0},{"not_picked":["EmptyBody+1","Burning Pact+1"],"picked":"Turbo","floor":38.0},{"not_picked":["Go for the Eyes+1","ReachHeaven","Doom and Gloom+1"],"picked":"Singing Bowl","floor":40.0},{"not_picked":["Dagger Spray","Quick Slash+1"],"picked":"Metallicize","floor":45.0},{"not_picked":["Prepared","Dramatic Entrance"],"picked":"Conserve Battery","floor":46},{"not_picked":["Swivel","Protect","Leap+1"],"picked":"Singing Bowl","floor":48}],"player_experience":132677,"relics_obtained":[{"floor":6.0,"key":"Tiny Chest"},{"floor":8.0,"key":"Shuriken"},{"floor":9.0,"key":"HornCleat"},{"floor":25.0,"key":"Smiling Mask"},{"floor":26.0,"key":"Happy Flower"},{"floor":39.0,"key":"Mercury Hourglass"},{"floor":40.0,"key":"MealTicket"},{"floor":43.0,"key":"Blood Vial"}],"event_choices":[{"cards_removed":["Strike_P"],"damage_healed":0.0,"max_hp_gain":0.0,"max_hp_loss":0.0,"gold_gain":0.0,"event_name":"Purifier","player_choice":"Purged","floor":2.0,"gold_loss":0.0,"damage_taken":0.0},{"damage_healed":0.0,"max_hp_gain":0.0,"max_hp_loss":0.0,"gold_gain":75.0,"event_name":"World of Goop","player_choice":"Gather Gold","floor":5.0,"gold_loss":0.0,"damage_taken":11.0},{"damage_healed":0.0,"max_hp_gain":0.0,"max_hp_loss":0.0,"gold_gain":0.0,"event_name":"Scrap Ooze","player_choice":"Success","floor":11.0,"gold_loss":0.0,"damage_taken":3.0,"relics_obtained":["Singing Bowl"]},{"cards_removed":["Strike_P"],"damage_healed":0.0,"max_hp_gain":0.0,"max_hp_loss":0.0,"gold_gain":0.0,"event_name":"Back to Basics","player_choice":"Elegance","floor":19.0,"gold_loss":0.0,"damage_taken":0.0},{"damage_healed":0.0,"max_hp_gain":0.0,"max_hp_loss":0.0,"gold_gain":0.0,"event_name":"Match and Keep!","player_choice":"0 cards matched","floor":36.0,"gold_loss":0.0,"damage_taken":0.0,"cards_obtained":[]},{"damage_healed":0.0,"max_hp_gain":0.0,"max_hp_loss":0.0,"gold_gain":0.0,"event_name":"Tomb of Lord Red Mask","player_choice":"Ignored","floor":41.0,"gold_loss":0.0,"damage_taken":0.0},{"damage_healed":0.0,"max_hp_gain":0.0,"max_hp_loss":0.0,"gold_gain":0.0,"event_name":"Lab","player_choice":"Got Potions","floor":42.0,"gold_loss":0.0,"damage_taken":0.0}],"is_beta":false,"boss_relics":[{"not_picked":["Sozu","SacredBark"],"picked":"Astrolabe"},{"not_picked":["Cursed Key","Pandora\u0027s Box"],"picked":"Tiny House"}],"items_purged_floors":[20,37],"is_endless":false,"potions_floor_spawned":[1,4,10,12,16,25,29,30,33,38,40,46],"killed_by":"Awakened One","ascension_level":3}}