{"host":"hve1dyh1ly81yl9f","time":1610463363,"event":{"mods":["BaseMod","Colored Map","DeckTracker","Highlight Path","Keyboard Shortcuts","Minty Spire (QoL Compilation)","Permanent Neow","Quick Restart","StSLib","SuperFastMode"],"gold_per_floor":[14,31,50,64,29,29,62,77,77,77,103,103,125,136,136,231,231,248,265,281,281,297,297,297,297],"floor_reached":24,"playtime":641,"items_purged":[],"score":319,"play_id":"9cce2366-dcd3-43ac-8030-d0f1a234e08d","local_time":"20210112235603","is_ascension_mode":true,"campfire_choices":[{"data":"Perfected Strike","floor":6,"key":"SMITH"},{"floor":10,"key":"REST"},{"floor":15,"key":"REST"},{"floor":23,"key":"REST"}],"circlet_count":0,"master_deck":["Strike_R","Strike_R","Strike_R","Strike_R","Strike_R","Defend_R","Defend_R","Defend_R","Bash","Flex","Flex","Perfected Strike+1","Pommel Strike","Spot Weakness","Flex","Pommel Strike","Double Tap","Pommel Strike"],"relics":["Burning Blood","Dream Catcher","Gremlin Horn","Ornamental Fan","Odd Mushroom","Philosopher\u0027s Stone","Enchiridion"],"acts_visited":["Exordium","TheCity"],"potions_floor_usage":[14,14,16,20,22,24],"damage_taken":[{"damage":1,"enemies":"Cultist","floor":1,"turns":3},{"damage":12,"enemies":"Jaw Worm","floor":2,"turns":2},{"damage":15,"enemies":"Small Slimes","floor":3,"turns":3},{"damage":32,"enemies":"Exordium Wildlife","floor":4,"turns":4},{"damage":35,"enemies":"Lagavulin","floor":7,"turns":6},{"damage":20,"enemies":"3 Louse","floor":8,"turns":3},{"damage":30,"enemies":"3 Sentries","floor":11,"turns":7},{"damage":14,"enemies":"The Mushroom Lair","floor":13,"turns":3},{"damage":4,"enemies":"Lots of Slimes","floor":14,"turns":3},{"damage":26,"enemies":"Slime Boss","floor":16,"turns":8},{"damage":21,"enemies":"Shell Parasite","floor":18,"turns":3},{"damage":10,"enemies":"Chosen","floor":19,"turns":3},{"damage":0,"enemies":"3 Cultists","floor":20,"turns":3},{"damage":23,"enemies":"Snake Plant","floor":22,"turns":2},{"damage":70,"enemies":"Book of Stabbing","floor":24,"turns":5}],"seed_played":"128386242918247242","potions_obtained":[{"floor":1,"key":"Strength Potion"},{"floor":3,"key":"BlessingOfTheForge"},{"floor":11,"key":"BloodPotion"},{"floor":14,"key":"Fire Potion"},{"floor":16,"key":"DuplicationPotion"},{"floor":18,"key":"EssenceOfSteel"},{"floor":20,"key":"Regen Potion"}],"is_trial":false,"path_per_floor":["M","M","M","M","?","R","E","M","T","R","E","?","?","M","R","B",null,"M","M","M","?","M","R","E"],"character_chosen":"IRONCLAD","items_purchased":[],"campfire_rested":3,"item_purchase_floors":[],"current_hp_per_floor":[93,87,78,52,76,76,47,33,33,61,37,30,22,43,71,51,85,70,66,72,56,44,72,2,2],"gold":297,"neow_bonus":"TWENTY_PERCENT_HP_BONUS","is_daily":false,"chose_seed":false,"campfire_upgraded":1,"win_rate":0.0,"timestamp":1610463363,"path_taken":["M","M","M","M","?","R","E","M","T","R","E","?","?","M","R","BOSS","M","M","M","?","M","R","E"],"items_purchased_type":[],"build_version":"2020-12-22","purchased_purges":0,"victory":false,"max_hp_per_floor":[96,96,96,96,96,96,96,96,96,96,96,96,96,96,96,96,96,96,96,96,96,96,96,96,96],"card_choices":[{"not_picked":["Dual Wield","Second Wind"],"picked":"Flex","floor":1},{"not_picked":["Pommel Strike","Thunderclap"],"picked":"Flex","floor":2},{"not_picked":["Fire Breathing","Twin Strike"],"picked":"Perfected Strike","floor":3},{"not_picked":["Wild Strike","Thunderclap"],"picked":"Pommel Strike","floor":4},{"not_picked":["Heavy Blade","Thunderclap","Juggernaut"],"picked":"SKIP","floor":7},{"not_picked":["Havoc","Warcry"],"picked":"Spot Weakness","floor":8},{"not_picked":["Inflame","Rupture"],"picked":"Flex","floor":11},{"not_picked":["Thunderclap","Warcry"],"picked":"Pommel Strike","floor":14},{"not_picked":["Immolate","Brutality"],"picked":"Double Tap","floor":16},{"not_picked":["Clothesline","Sentinel"],"picked":"Pommel Strike","floor":18},{"not_picked":["Uppercut+1","Carnage","Power Through"],"picked":"SKIP","floor":19},{"not_picked":["Intimidate","Cleave","Flame Barrier+1"],"picked":"SKIP","floor":20},{"not_picked":["Burning Pact","Body Slam+1","Shrug It Off"],"picked":"SKIP","floor":22}],"player_experience":316667,"relics_obtained":[{"floor":7,"key":"Dream Catcher"},{"floor":9,"key":"Gremlin Horn"},{"floor":11,"key":"Ornamental Fan"},{"floor":13,"key":"Odd Mushroom"},{"floor":21,"key":"Enchiridion"}],"event_choices":[{"damage_healed":24,"gold_gain":0,"player_choice":"Healed","damage_taken":0,"max_hp_gain":0,"max_hp_loss":0,"event_name":"The Cleric","floor":5,"gold_loss":35},{"cards_removed":["Defend_R"],"damage_healed":0,"gold_gain":0,"player_choice":"Card Removal","damage_taken":7,"max_hp_gain":0,"max_hp_loss":0,"event_name":"Golden Wing","floor":12,"gold_loss":0},{"damage_healed":0,"gold_gain":0,"player_choice":"Fought Mushrooms","damage_taken":0,"max_hp_gain":0,"max_hp_loss":0,"event_name":"Mushrooms","floor":13,"gold_loss":0},{"damage_healed":0,"gold_gain":0,"player_choice":"Obtained Book","damage_taken":16,"max_hp_gain":0,"max_hp_loss":0,"event_name":"Cursed Tome","floor":21,"gold_loss":0}],"is_beta":false,"boss_relics":[{"not_picked":["Runic Pyramid","Pandora\u0027s Box"],"picked":"Philosopher\u0027s Stone"}],"items_purged_floors":[],"is_endless":false,"potions_floor_spawned":[1,3,11,14,16,18,20],"killed_by":"Book of Stabbing","ascension_level":8}}