{"host":"64h6jdpsiwrne03s","time":1610443700,"event":{"mods":["Act Like it!","BaseMod","Bestiary","Colored Powertips","Gensokyo","Marisa£®ÏF”Í°°ƒß¿Ì…≥£©","Minty Spire (QoL Compilation)","Reimu£®≤©¿ˆ¡È√Œ£©","Remilia£®¿Ÿ√◊¿Ú—«£©","StSLib","The Servant 0.9.4","Youmu£®ªÍ∆«—˝√Œ£©"],"gold_per_floor":[111,111,111,111,131,157,157,82,82,115,15,31,50,75,75,146,146,165,8,0,15,0,0,0,27,79,94,13,13,13,29,29,102,102,112,112,129,129,141,141,141],"floor_reached":40,"playtime":2290,"items_purged":["Strike_Lin:ReiMu","Defend_Lin:ReiMu"],"score":899,"play_id":"edd4b86d-7e3e-48b5-9854-c66fdac665c5","local_time":"20210112172820","is_ascension_mode":true,"campfire_choices":[{"data":"Free:ReiMu","floor":7.0,"key":"SMITH"},{"data":"FantasyMoon:ReiMu","floor":15.0,"key":"SMITH"},{"data":"SpreadBorder2:ReiMu","floor":24.0,"key":"SMITH"},{"floor":30.0,"key":"REST"},{"floor":32,"key":"REST"}],"circlet_count":0,"master_deck":["AscendersBane","Strike_Lin:ReiMu","Strike_Lin:ReiMu+1","Defend_Lin:ReiMu+1","NB:ReiMu","Stagnation:ReiMu","OctopathBindingBorder2:ReiMu+1","KyokaiOfKami:ReiMu","Free:ReiMu+1","ShadowOfCrow2:ReiMu","TightArray:ReiMu+1","FantasyMoon:ReiMu+1","DependentForm:ReiMu","KamiRite:ReiMu+1","CollectionFlower2:ReiMu+1","LovePray:ReiMu+1","SpreadBorder2:ReiMu+1","SubcavityFantasy:ReiMu","FoulBorder2:ReiMu","Gensokyo:GapWoman","SubAcupoint:ReiMu","Authority:ReiMu+1","KamiRite:ReiMu"],"relics":["FlyPower:ReiMu","NeowsBlessing","Lantern","Bow_fan:ReiMu","StrikeDummy","Whetstone","Astrolabe","Membership Card","TungstenRod","Akabeko","PreservedInsect","SlaversCollar","Gensokyo:EmptyGrave","InkBottle"],"acts_visited":["Gensokyo:Gensokyo","Gensokyo:Gensokyoer","Gensokyo:Gensokyoest"],"potions_floor_usage":[31,31,33],"damage_taken":[{"damage":0.0,"enemies":"Gensokyo:3_Fairies","floor":1.0,"turns":2.0},{"damage":0.0,"enemies":"Gensokyo:Python","floor":5.0,"turns":1.0},{"damage":0.0,"enemies":"Gensokyo:Cirno","floor":6.0,"turns":2.0},{"damage":0.0,"enemies":"Gensokyo:Aya","floor":10.0,"turns":7.0},{"damage":7.0,"enemies":"Gensokyo:2_Kodama","floor":12.0,"turns":3.0},{"damage":0.0,"enemies":"Gensokyo:LivingMonolith","floor":13.0,"turns":3.0},{"damage":0.0,"enemies":"Gensokyo:Mamizou","floor":14.0,"turns":6.0},{"damage":3.0,"enemies":"Gensokyo:Yukari","floor":16.0,"turns":8.0},{"damage":26.0,"enemies":"Gensokyo:3_Dogs","floor":18.0,"turns":5.0},{"damage":3.0,"enemies":"Gensokyo:CosmicMonolith","floor":21.0,"turns":5.0},{"damage":24.0,"enemies":"Gensokyo:Reisen","floor":25.0,"turns":5.0},{"damage":22.0,"enemies":"Gensokyo:Wraith","floor":27.0,"turns":6.0},{"damage":10,"enemies":"Gensokyo:Slime_Group","floor":31,"turns":6},{"damage":3,"enemies":"Gensokyo:Kaguya","floor":33,"turns":12},{"damage":19,"enemies":"Gensokyo:3_Boulders","floor":35,"turns":6},{"damage":18,"enemies":"Gensokyo:AncientGuardian","floor":37,"turns":8},{"damage":14,"enemies":"Gensokyo:Rafflesia","floor":39,"turns":7},{"damage":21,"enemies":"Gensokyo:Kasen","floor":40,"turns":3}],"seed_played":"-7809090439383196919","potions_obtained":[{"floor":5.0,"key":"Regen Potion"},{"floor":12.0,"key":"SpeedPotion"},{"floor":21.0,"key":"EssenceOfSteel"},{"floor":31,"key":"EssenceOfSteel"}],"is_trial":false,"path_per_floor":["M","?","T","?","M","E","R","$","T","E","$","M","M","E","R","B",null,"M","$","?","M","?","?","R","E","T","M","COS","?","R","M","R","B",null,"M","?","M","T","M","E"],"character_chosen":"REIMU","items_purchased":["Membership Card"],"campfire_rested":2,"item_purchase_floors":[19],"current_hp_per_floor":[54,54,54,54,54,54,54,54,54,54,54,47,47,47,47,44,56,30,30,30,39,60,60,60,36,36,14,14,14,29,19,34,31,48,29,29,11,11,21,0,0],"gold":141,"neow_bonus":"THREE_ENEMY_KILL","is_daily":false,"chose_seed":false,"campfire_upgraded":3,"win_rate":0.0,"timestamp":1610443700,"path_taken":["M","?","?","?","M","E","R","?","T","E","$","M","M","E","R","BOSS","M","?","?","?","?","?","R","E","T","M","COS","?","R","?","R","BOSS","M","?","M","?","?","E"],"items_purchased_type":["Relic"],"build_version":"2020-12-22","purchased_purges":2,"victory":false,"max_hp_per_floor":[60,60,60,60,60,60,60,60,60,60,60,60,60,60,60,60,60,60,60,60,60,60,60,60,60,60,60,60,53,53,53,53,53,53,53,48,48,48,48,48,48],"card_choices":[{"not_picked":["AirStrike:ReiMu","EmergencyTakeOff:ReiMu","SafetyPray:ReiMu"],"picked":"SKIP","floor":1.0},{"not_picked":["CareerPray:ReiMu","OrbThrow:ReiMu"],"picked":"KyokaiOfKami:ReiMu","floor":4.0},{"not_picked":["EmergencyTakeOff:ReiMu","Enchanting:ReiMu","PrepareRite:ReiMu"],"picked":"SKIP","floor":5.0},{"not_picked":["RainPray2:ReiMu","CleanRite:ReiMu"],"picked":"Free:ReiMu","floor":6.0},{"not_picked":["TightArray:ReiMu","LearningPray:ReiMu"],"picked":"ShadowOfCrow2:ReiMu","floor":10.0},{"not_picked":["AirManeuver:ReiMu","Meditation:ReiMu","OrbThrow:ReiMu"],"picked":"SKIP","floor":12.0},{"not_picked":["Intuition:ReiMu","ManaGlint:ReiMu"],"picked":"TightArray:ReiMu","floor":13.0},{"not_picked":["OctopathBindingBorder2:ReiMu","LovePray:ReiMu"],"picked":"FantasyMoon:ReiMu","floor":14.0},{"not_picked":["PrayRite:ReiMu","KamiRite:ReiMu"],"picked":"DependentForm:ReiMu","floor":16.0},{"not_picked":["Dreaming2:ReiMu","Revelation:ReiMu"],"picked":"SpreadBorder2:ReiMu","floor":18.0},{"not_picked":["Conquer:ReiMu","AlertArray:ReiMu","Intuition:ReiMu"],"picked":"SKIP","floor":21.0},{"not_picked":["RainPray2:ReiMu","Conquer:ReiMu"],"picked":"SubcavityFantasy:ReiMu","floor":25.0},{"not_picked":["Mountainwind:ReiMu","Gathering:ReiMu"],"picked":"FoulBorder2:ReiMu","floor":27.0},{"not_picked":["Gensokyo:MenInBlack","Gensokyo:ManorOfTheDishes"],"picked":"Gensokyo:GapWoman","floor":29.0},{"not_picked":["Conquer:ReiMu","AirStrike:ReiMu"],"picked":"SubAcupoint:ReiMu","floor":31},{"not_picked":["OctopathSalyBorderN:ReiMu+1","Dreaming:ReiMu+1"],"picked":"Authority:ReiMu+1","floor":33},{"not_picked":["YinYang:ReiMu","PrayRite:ReiMu"],"picked":"KamiRite:ReiMu","floor":33},{"not_picked":["Meditation:ReiMu","OctopathBindingBorder2:ReiMu","AirStrike:ReiMu"],"picked":"SKIP","floor":35},{"not_picked":["SubAcupoint:ReiMu","Enchanting:ReiMu","SafetyPray:ReiMu"],"picked":"SKIP","floor":37},{"not_picked":["Enchanting:ReiMu+1","AirStrike:ReiMu+1","Dreaming2:ReiMu"],"picked":"SKIP","floor":39}],"player_experience":404931,"relics_obtained":[{"floor":6.0,"key":"Lantern"},{"floor":9.0,"key":"Bow_fan:ReiMu"},{"floor":10.0,"key":"StrikeDummy"},{"floor":14.0,"key":"Whetstone"},{"floor":25.0,"key":"TungstenRod"},{"floor":26.0,"key":"Akabeko"},{"floor":38,"key":"InkBottle"}],"event_choices":[],"is_beta":false,"boss_relics":[{"not_picked":["Runic Pyramid","Busted Crown"],"picked":"Astrolabe"},{"not_picked":["ShineYinYang:ReiMu","Snecko Eye"],"picked":"SlaversCollar"}],"items_purged_floors":[8,11],"is_endless":false,"potions_floor_spawned":[5,12,13,16,21,31],"killed_by":"Gensokyo:Kasen","ascension_level":18}}