{"host":"skvwuvqqk8x6jusd","time":1610491884,"event":{"mods":["AchievementEnabler","BaseMod","Colored Map","Colored Powertips","Highlight Path","Minty Spire (QoL Compilation)","Relic Stats","Slay-I"],"gold_per_floor":[109,109,109,109,126,0,0,15,15,33,46,0,75,89,89,191,191,206,206,216,234,251,265,265,277,324,343,343,131,146,146,146,146,146],"floor_reached":33,"language":"ENG","playtime":2634,"items_purged":["Defend_R"],"score":418,"play_id":"a65c89ce-9f01-476b-8c55-daa209f9e73b","local_time":"20210112225124","is_ascension_mode":false,"campfire_choices":[{"data":"Flex","floor":7,"key":"SMITH"},{"data":"Flex","floor":15,"key":"SMITH"},{"data":"Sword Boomerang","floor":24,"key":"SMITH"},{"data":"Perfected Strike","floor":28,"key":"SMITH"},{"data":"Perfected Strike","floor":32,"key":"SMITH"}],"circlet_count":0,"master_deck":["Strike_R","Strike_R","Strike_R","Strike_R","Strike_R","Defend_R+1","Defend_R+1","Bash+1","Perfected Strike+1","Clash","Clash","Flex+1","Iron Wave","Flex+1","Seeing Red","Anger","Clash","CurseOfTheBell","Flex+1","Sword Boomerang+1","Iron Wave","Perfected Strike+1","Clash","Perfected Strike+1","Seeing Red","Cleave"],"relics":["Burning Blood","Bronze Scales","Calling Bell","Vajra","StrikeDummy","Ice Cream","Ancient Tea Set"],"acts_visited":["TheCity"],"potions_floor_usage":[21,27,33,33],"damage_taken":[{"damage":0,"enemies":"2 Louse","floor":1,"turns":2},{"damage":14,"enemies":"Small Slimes","floor":5,"turns":3},{"damage":11,"enemies":"Jaw Worm","floor":8,"turns":2},{"damage":0,"enemies":"Blue Slaver","floor":10,"turns":2},{"damage":1,"enemies":"Exordium Thugs","floor":11,"turns":3},{"damage":7,"enemies":"Large Slime","floor":14,"turns":3},{"damage":0,"enemies":"Slime Boss","floor":16,"turns":5},{"damage":4,"enemies":"Shell Parasite","floor":18,"turns":2},{"damage":10,"enemies":"Chosen","floor":20,"turns":2},{"damage":10,"enemies":"Sentry and Sphere","floor":21,"turns":3},{"damage":0,"enemies":"Snake Plant","floor":22,"turns":2},{"damage":14,"enemies":"Centurion and Healer","floor":23,"turns":3},{"damage":15,"enemies":"Snecko","floor":25,"turns":4},{"damage":14,"enemies":"Shelled Parasite and Fungi","floor":27,"turns":3},{"damage":10,"enemies":"Cultist and Chosen","floor":30,"turns":3},{"damage":52,"enemies":"Collector","floor":33,"turns":3}],"seed_played":"-5217117140184701066","potions_obtained":[{"floor":8,"key":"DuplicationPotion"},{"floor":11,"key":"Energy Potion"},{"floor":14,"key":"LiquidMemories"},{"floor":21,"key":"Swift Potion"},{"floor":30,"key":"Block Potion"}],"is_trial":false,"path_per_floor":["M","?","?","?","M","$","R","M","T","M","M","$","?","M","R","B",null,"M","?","M","M","M","M","R","M","T","M","R","$","M","?","R","B"],"character_chosen":"IRONCLAD","items_purchased":["Clash","Flex","Iron Wave","Anger","Clash","Perfected Strike","Seeing Red"],"campfire_rested":0,"item_purchase_floors":[6,6,6,12,29,29,29],"current_hp_per_floor":[80,73,57,57,49,49,49,44,44,50,55,55,44,43,43,49,80,80,80,76,72,78,70,70,61,61,53,53,53,49,49,49,0,0],"gold":146,"neow_bonus":"UPGRADE_CARD","is_daily":false,"chose_seed":false,"campfire_upgraded":5,"win_rate":0.0,"timestamp":1610491884,"path_taken":["M","?","?","?","M","?","R","?","T","M","M","$","?","M","R","BOSS","M","?","M","M","?","M","R","?","T","M","R","$","M","?","R","BOSS"],"items_purchased_type":["Card","Card","Card","Card","Card","Card","Card"],"build_version":"2020-12-22","purchased_purges":1,"victory":false,"max_hp_per_floor":[80,80,80,80,80,80,80,80,80,80,80,80,80,80,80,80,80,80,80,80,80,80,80,80,80,80,80,80,80,80,80,80,80,80],"relic_stats":{"counters":[16,45],"Bronze Scales":[66],"obtain_stats":[{"Calling Bell":17,"Ice Cream":17,"Bronze Scales":9,"Vajra":17,"StrikeDummy":17,"Ancient Tea Set":26,"Burning Blood":0},{"Calling Bell":7,"Ice Cream":7,"Bronze Scales":3,"Vajra":7,"StrikeDummy":7,"Ancient Tea Set":13,"Burning Blood":0},{"Calling Bell":20,"Ice Cream":20,"Bronze Scales":7,"Vajra":20,"StrikeDummy":20,"Ancient Tea Set":36,"Burning Blood":0}],"Burning Blood":82},"card_choices":[{"not_picked":["Clothesline","Sword Boomerang"],"picked":"Perfected Strike","floor":1},{"not_picked":["Headbutt","True Grit"],"picked":"Clash","floor":5},{"not_picked":["Wild Strike","Corruption"],"picked":"Flex","floor":8},{"not_picked":["Dark Embrace","Twin Strike","Infernal Blade"],"picked":"SKIP","floor":10},{"not_picked":["Anger","Body Slam"],"picked":"Seeing Red","floor":11},{"not_picked":["Perfected Strike","Armaments"],"picked":"Clash","floor":14},{"not_picked":["Anger","Warcry"],"picked":"Flex","floor":18},{"not_picked":["Clothesline","Headbutt+1","Shrug It Off"],"picked":"SKIP","floor":20},{"not_picked":["Infernal Blade","Disarm"],"picked":"Sword Boomerang","floor":21},{"not_picked":["Armaments","Pommel Strike","Brutality"],"picked":"SKIP","floor":22},{"not_picked":["Body Slam+1","Hemokinesis+1"],"picked":"Iron Wave","floor":23},{"not_picked":["Clothesline","Body Slam","Headbutt+1"],"picked":"SKIP","floor":25},{"not_picked":["Infernal Blade+1","Iron Wave"],"picked":"Perfected Strike","floor":27},{"not_picked":["Headbutt+1","Inflame","Havoc"],"picked":"SKIP","floor":30}],"player_experience":612607,"relics_obtained":[{"floor":9,"key":"Bronze Scales"},{"floor":17,"key":"Vajra"},{"floor":17,"key":"StrikeDummy"},{"floor":17,"key":"Ice Cream"},{"floor":26,"key":"Ancient Tea Set"}],"event_choices":[{"cards_removed":["Defend_R"],"damage_healed":0,"gold_gain":0,"player_choice":"Card Removal","damage_taken":7,"max_hp_gain":0,"max_hp_loss":0,"event_name":"Golden Wing","floor":2,"gold_loss":0},{"damage_healed":0,"gold_gain":0,"player_choice":"Entered Light","damage_taken":16,"max_hp_gain":0,"max_hp_loss":0,"event_name":"Shining Light","floor":3,"gold_loss":0,"cards_upgraded":["Defend_R","Defend_R"]},{"damage_healed":0,"gold_gain":0,"player_choice":"Grow","damage_taken":0,"max_hp_gain":0,"max_hp_loss":0,"event_name":"Living Wall","floor":4,"gold_loss":0,"cards_upgraded":["Perfected Strike"]},{"damage_healed":0,"gold_gain":75,"player_choice":"Gather Gold","damage_taken":11,"max_hp_gain":0,"max_hp_loss":0,"event_name":"World of Goop","floor":13,"gold_loss":0},{"damage_healed":0,"gold_gain":0,"player_choice":"Forge","damage_taken":0,"max_hp_gain":0,"max_hp_loss":0,"event_name":"Accursed Blacksmith","floor":19,"gold_loss":0,"cards_upgraded":["Flex"]},{"damage_healed":0,"gold_gain":0,"player_choice":"Read","damage_taken":0,"max_hp_gain":0,"max_hp_loss":0,"event_name":"The Library","floor":31,"gold_loss":0,"cards_obtained":["Cleave"]}],"is_beta":false,"boss_relics":[{"not_picked":["Philosopher\u0027s Stone","Astrolabe"],"picked":"Calling Bell"}],"items_purged_floors":[29],"is_endless":false,"potions_floor_spawned":[8,11,14,21,22,25,30],"killed_by":"Collector","ascension_level":0}}