{"host":"8f8ps4z875kp1oop","time":1610423344,"event":{"mods":["BaseMod","Colored Map","Minty Spire (QoL Compilation)"],"gold_per_floor":[119,133,133,149,161,196,207,240,240,258,129,129,29,79,79,79,79],"floor_reached":16,"playtime":982,"items_purged":["Strike_B","Strike_B"],"score":218,"play_id":"e2d10895-1f8e-47cc-9ca6-703f3dd058c1","local_time":"20210111224904","is_ascension_mode":true,"campfire_choices":[{"floor":12,"key":"REST"},{"floor":15,"key":"REST"}],"circlet_count":0,"master_deck":["AscendersBane","Strike_B","Defend_B","Defend_B","Defend_B","Defend_B","Zap","Dualcast","Conserve Battery","Rebound","Streamline","Cold Snap","Steam","Compile Driver","Sweeping Beam","Defragment","Go for the Eyes"],"relics":["Cracked Core","NeowsBlessing","Gambling Chip","Lantern","Gremlin Horn"],"acts_visited":["Exordium"],"potions_floor_usage":[6,8,16],"damage_taken":[{"damage":0.0,"enemies":"Cultist","floor":1.0,"turns":1.0},{"damage":0.0,"enemies":"Jaw Worm","floor":2.0,"turns":1.0},{"damage":0.0,"enemies":"2 Louse","floor":4.0,"turns":1.0},{"damage":13,"enemies":"Blue Slaver","floor":5,"turns":3},{"damage":14,"enemies":"3 Sentries","floor":6,"turns":8},{"damage":7,"enemies":"2 Fungi Beasts","floor":7,"turns":3},{"damage":20,"enemies":"Gremlin Nob","floor":8,"turns":4},{"damage":0,"enemies":"Lots of Slimes","floor":10,"turns":3},{"damage":55,"enemies":"Hexaghost","floor":16,"turns":11}],"seed_played":"983944749129143472","potions_obtained":[{"floor":2.0,"key":"SkillPotion"},{"floor":6,"key":"FocusPotion"},{"floor":10,"key":"AttackPotion"}],"is_trial":false,"path_per_floor":["M","M","?","M","M","E","M","E","T","M","$","R","$","?","R","B"],"character_chosen":"DEFECT","items_purchased":["Go for the Eyes"],"campfire_rested":2,"item_purchase_floors":[11],"current_hp_per_floor":[64,64,64,64,51,37,30,10,10,10,10,31,31,31,52,0,0],"gold":79,"neow_bonus":"THREE_ENEMY_KILL","is_daily":false,"chose_seed":false,"campfire_upgraded":0,"win_rate":0.0,"timestamp":1610423344,"path_taken":["M","?","?","?","M","E","M","E","T","M","$","R","?","?","R","BOSS"],"items_purchased_type":["Card"],"build_version":"2020-12-22","purchased_purges":2,"victory":false,"max_hp_per_floor":[71,71,71,71,71,71,71,71,71,71,71,71,71,71,71,71,71],"card_choices":[{"not_picked":["Hologram","Rebound"],"picked":"Conserve Battery","floor":1.0},{"not_picked":["Darkness","Hologram"],"picked":"Rebound","floor":2.0},{"not_picked":["Storm","Beam Cell"],"picked":"Streamline","floor":4},{"not_picked":["Leap","Turbo"],"picked":"Cold Snap","floor":5},{"not_picked":["Reprogram","Chaos"],"picked":"Steam","floor":6},{"not_picked":["Fission","Gash"],"picked":"Compile Driver","floor":7},{"not_picked":["Gash","Fusion"],"picked":"Sweeping Beam","floor":8},{"not_picked":["Heatsinks","Steam"],"picked":"Defragment","floor":10}],"player_experience":397460,"relics_obtained":[{"floor":6,"key":"Gambling Chip"},{"floor":8,"key":"Lantern"},{"floor":9,"key":"Gremlin Horn"}],"event_choices":[{"cards_removed":["Strike_B"],"damage_healed":0.0,"max_hp_gain":0.0,"max_hp_loss":0.0,"gold_gain":0.0,"event_name":"Bonfire Elementals","player_choice":"Offered Basic","floor":3.0,"gold_loss":0.0,"damage_taken":0.0},{"damage_healed":0,"gold_gain":50,"player_choice":"Pray","damage_taken":0,"max_hp_gain":0,"max_hp_loss":0,"event_name":"Golden Shrine","floor":14,"gold_loss":0}],"is_beta":false,"boss_relics":[],"items_purged_floors":[11,13],"is_endless":false,"potions_floor_spawned":[2,6,10],"killed_by":"Hexaghost","ascension_level":19}}