{"host":"mitik7wjjpoqy3i6","time":1610485973,"event":{"mods":["AchievementEnabler","AlwaysNeverKeys","Aspiration","BaseMod","BetterRewards","Custom Start","Force Act Four","Gold Saver","Hyrulean Relics","Minty Spire (QoL Compilation)","Rare Cards Sparkle","Remove Card Discount Mod","Replay The Spire","Small Relic Pack","Spicy Shops","StSLib","The Animator","The Sage","Treasure Hunter","??????REMEMod"],"gold_per_floor":[6320,5190,5206,5222,5235,5235,4291,4316,4316,4335,4361,4361,3205,3223,3223,3318,3318,3337,3252,3252,3252,2171,2171,2202,2202,2250,2250,2250,2349,2349,2366,2366,2462,2462,2479,2499,2513,2145,2165,2197,2210,1128,1198,1213,1248,1248,1266,1281,1281,1281],"floor_reached":51,"language":"ENG","playtime":2711,"items_purged":["Decay","REME_BuildACard","sagemod:Perplexing_Glare","Parasite","Defend_B","Defend_B","Hologram","Lockon+1","Conserve Battery+1"],"score":1728,"play_id":"57bd523b-e8a7-47bd-a0ee-192adc9359c7","local_time":"20210112221253","is_ascension_mode":true,"campfire_choices":[{"floor":6.0,"key":"RECALL"},{"floor":15.0,"key":"REST"},{"floor":23,"key":"DIG"},{"floor":25,"key":"DIG"},{"floor":28,"key":"DIG"},{"floor":30,"key":"DIG"},{"floor":32,"key":"DIG"},{"floor":46,"key":"DIG"},{"floor":49,"key":"DIG"}],"circlet_count":0,"master_deck":["Strike_B","Defend_B+2","Defend_B+1","Zap+1","Dualcast","Gash+1","REME_HeartOfCthun+1","REME_DataAnalysis+1","Sunder+1","REME_Shoggoth+1","Gash+1","Finesse","Strike_B+1","ReplayGash+1","REME_AllRoundStrike+1","ReplayGash+1","REME_Whirling","Impatience","Go for the Eyes+1","Echo Form+1","Multi-Cast","REME_Shoggoth+1","REME_AllRoundStrike+1","Turbo","White Noise","TH:BikiniMail","Gash+1","TH:TreasureMap","Echo Form+1","Gash+1","Sweeping Beam+1","Gash+1","REME_Shoggoth+1","Secret Technique+1","Buffer","Gash+1","REME_Shoggoth+1","Gash+1"],"relics":["Cracked Core","REME_ComplimentaryCards","relicPack:WeightedSword","ReplayTheSpireMod:CursedCoin","Geode","Molten Egg 2","ReplayTheSpireMod:TigerMarble","Oddly Smooth Stone","Girya","Letter Opener","zeldaRelics:WisdomPiece","relicPack:DSword","Singing Bowl","Question Card","Nunchaku","HandDrill","OrangePellets","Shovel","Pet Ghost","Orrery","Anchor","Calipers","ClockworkSouvenir","Replay:Baseball","aspiration:Lifesprig","Simple Rune","Odd Mushroom","Bronze Scales","Chemical X","Regal Pillow","Pantograph","Prayer Wheel","Honey Jar","Incense Burner","relicPack:OneForAll","MealTicket","Juzu Bracelet","sagemod:The_Guidebook_Guide","DollysMirror","Dream Catcher","Darkstone Periapt","Red Mask","Carrot","aspiration:ChemicalBlood","Nloth\u0027s Gift","HornCleat","Blood Vial","Replay:Mystery Machine","Replay:Grab Bag","Sozu","aspiration:FutureDiary","Black Star","Gambling Chip","Bag of Marbles","REME_CardOfGreed","Thread and Needle","Replay:Multitool","Lizard Tail","Cables","Symbiotic Virus","Bag of Preparation","War Paint","Replay:Bottled Eggs","Golden Egg"],"acts_visited":["Exordium","TheCity","TheBeyond"],"potions_floor_usage":[31,31],"damage_taken":[{"damage":0.0,"enemies":"2 Louse","floor":1.0,"turns":1.0},{"damage":7.0,"enemies":"Jaw Worm","floor":3.0,"turns":2.0},{"damage":0.0,"enemies":"Small Slimes","floor":4.0,"turns":2.0},{"damage":0.0,"enemies":"2 Fungi Beasts","floor":5.0,"turns":1.0},{"damage":0.0,"enemies":"Gremlin Nob","floor":8.0,"turns":1.0},{"damage":0.0,"enemies":"Exordium Thugs","floor":10.0,"turns":2.0},{"damage":0.0,"enemies":"The Mushroom Lair","floor":11.0,"turns":1.0},{"damage":0.0,"enemies":"Large Slime","floor":14.0,"turns":2.0},{"damage":0.0,"enemies":"Fading Forest","floor":16.0,"turns":2.0},{"damage":0.0,"enemies":"2 Thieves","floor":18.0,"turns":1.0},{"damage":0,"enemies":"Masked Bandits","floor":24,"turns":1},{"damage":0,"enemies":"Shell Parasite","floor":31,"turns":2},{"damage":0,"enemies":"Champ","floor":33,"turns":1},{"damage":0,"enemies":"Orb Walker","floor":35,"turns":1},{"damage":0,"enemies":"3 Shapes","floor":36,"turns":1},{"damage":3,"enemies":"Spire Growth","floor":37,"turns":2},{"damage":0,"enemies":"Maw","floor":39,"turns":1},{"damage":0,"enemies":"R_Hoarder","floor":40,"turns":1},{"damage":0,"enemies":"Jaw Worm Horde","floor":41,"turns":1},{"damage":0,"enemies":"4 Shapes","floor":44,"turns":1},{"damage":0,"enemies":"Reptomancer","floor":45,"turns":1},{"damage":0,"enemies":"Sphere and 2 Shapes","floor":47,"turns":1},{"damage":0,"enemies":"Jaw Worm Horde","floor":48,"turns":1},{"damage":0,"enemies":"Time Eater","floor":50,"turns":1}],"seed_played":"202465372504202402","potions_obtained":[{"floor":1.0,"key":"EssenceOfDarkness"},{"floor":5.0,"key":"sagemod:Wine"},{"floor":14.0,"key":"EssenceOfSteel"},{"floor":16.0,"key":"EssenceOfDarkness"},{"floor":18.0,"key":"PowerPotion"},{"floor":24,"key":"sagemod:Wine"}],"is_trial":false,"path_per_floor":["M","$","M","M","M","R","$","E","T","M","?","?","$","M","R","B",null,"M","?","?","?","$","R","?","R","T","?","R","?","R","M","R","B",null,"M","M","M","$","M","E","M","$","T","M","E","R","M","M","R","B",null],"character_chosen":"DEFECT","items_purchased":["relicPack:WeightedSword","ReplayTheSpireMod:CursedCoin","Geode","Molten Egg 2","ReplayTheSpireMod:TigerMarble","Oddly Smooth Stone","Gash+1","Question Card","Nunchaku","HandDrill","OrangePellets","Shovel","Pet Ghost","Finesse","ReplayGash+1","REME_AllRoundStrike+1","Orrery","Anchor","Calipers","ClockworkSouvenir","Replay:Baseball","aspiration:Lifesprig","Bronze Scales","ReplayTheSpireMod:Fabricate Wheel","relicPack:SpireResearchBook","Chemical X","Regal Pillow","Pantograph","Impatience","MealTicket","Juzu Bracelet","sagemod:The_Guidebook_Guide","DollysMirror","Dream Catcher","REME_AllRoundStrike+1","Turbo","Gambling Chip","Bag of Marbles","REME_CardOfGreed","Lizard Tail","Cables","Secret Technique"],"campfire_rested":1,"item_purchase_floors":[0,0,0,0,0,0,0,2,2,2,2,2,2,2,7,7,7,7,7,7,7,7,13,13,13,13,13,13,13,22,22,22,22,22,22,22,38,38,38,42,42,42],"current_hp_per_floor":[22,22,17,19,21,21,29,31,33,35,37,37,37,37,80,98,98,102,102,102,102,102,102,102,102,104,104,104,104,104,106,106,108,108,110,112,113,116,120,122,126,126,128,128,132,132,136,136,136,136],"gold":1281,"neow_bonus":"","is_daily":false,"chose_seed":false,"campfire_upgraded":0,"win_rate":0.0,"timestamp":1610485973,"path_taken":["M","$","M","M","M","R","$","E","T","M","?","?","$","M","R","BOSS","M","?","?","?","$","R","?","R","T","?","R","?","R","M","R","BOSS","M","M","M","$","M","E","M","$","T","M","E","R","M","M","R","BOSS"],"items_purchased_type":["Relic","Relic","Relic","Relic","Relic","Relic","Card","Relic","Relic","Relic","Relic","Relic","Relic","Card","Card","Card","Relic","Relic","Relic","Relic","Relic","Relic","Relic","Card","Relic","Relic","Relic","Relic","Card","Relic","Relic","Relic","Relic","Relic","Card","Card","Relic","Relic","Relic","Relic","Relic","Card"],"build_version":"2020-12-22","purchased_purges":9,"victory":true,"max_hp_per_floor":[77,77,79,81,83,83,91,93,95,97,99,99,96,96,96,98,98,102,102,102,102,102,102,102,102,104,104,104,104,104,106,106,108,108,110,112,116,116,120,122,126,126,128,128,132,132,136,136,136,136],"card_choices":[{"not_picked":["Panic Button","Cold Snap+1","Coolheaded"],"picked":"Singing Bowl","floor":1.0},{"not_picked":["Cold Snap+1","Streamline+1","Undo","Reprogram"],"picked":"Singing Bowl","floor":3.0},{"not_picked":["Compile Driver+1","Capacitor","ReplaySort","Sweeping Beam+1"],"picked":"Singing Bowl","floor":4.0},{"not_picked":["BasicCrystalCard","Coolheaded","aspiration:Polymerization","Streamline+1"],"picked":"Singing Bowl","floor":5.0},{"not_picked":["Leap","ReplayTheSpireMod:GoodbyeWorld","Ball Lightning+1"],"picked":"ReplayGash+1","floor":7.0},{"not_picked":["Consume","Thunder Strike+1","Hologram","Darkness"],"picked":"Singing Bowl","floor":7.0},{"not_picked":["ReplayTheSpireMod:System Scan","Steam","Coolheaded","ReplayRNGCard"],"picked":"Singing Bowl","floor":7.0},{"not_picked":["ReplaySolidLightProjector","Redo","ReplayTheSpireMod:Repulse","Static Discharge"],"picked":"Singing Bowl","floor":7.0},{"not_picked":["Sweeping Beam+1","Go for the Eyes+1","Machine Learning","Hologram"],"picked":"Singing Bowl","floor":7.0},{"not_picked":["TH:TreasureMap","TH:CopperCoins","TH:Mimic"],"picked":"Singing Bowl","floor":8.0},{"not_picked":["White Noise","Doom and Gloom+1","BootSequence"],"picked":"REME_Whirling","floor":8.0},{"not_picked":["TH:CopperCoins","TH:ArmorSpikes","TH:Mimic"],"picked":"Singing Bowl","floor":9.0},{"not_picked":["Rebound+1","Stack","Ball Lightning+1","Coolheaded"],"picked":"Singing Bowl","floor":10.0},{"not_picked":["Barrage+1","Compile Driver+1","Stack","Melter+1"],"picked":"Singing Bowl","floor":11.0},{"not_picked":["REME_Whirling","Steam","Streamline+1"],"picked":"Go for the Eyes+1","floor":14.0},{"not_picked":["Rip and Tear+1","Hologram","Time Bomb"],"picked":"Echo Form","floor":14.0},{"not_picked":["TH:PixieDust","TH:TreasureMap","TH:BikiniMail"],"picked":"Singing Bowl","floor":16.0},{"not_picked":["Hyperbeam+1","Amplify","REME_ForAll+1"],"picked":"Multi-Cast","floor":16.0},{"not_picked":["Sweeping Beam+1","Scrape+1","Hologram","Compile Driver+1","Blizzard+1"],"picked":"Singing Bowl","floor":18.0},{"not_picked":["Leap","Lockon+1","Stack","Sweeping Beam+1","Conserve Battery+1"],"picked":"Singing Bowl","floor":18.0},{"not_picked":["Reprogram","Sunder+1","Chill+1","Compile Driver+1"],"picked":"White Noise","floor":24},{"not_picked":["TH:CopperCoins","TH:EnergyPotion","TH:TreasureMap","TH:BikiniMail"],"picked":"Singing Bowl","floor":26},{"not_picked":["Go for the Eyes+1","ReplaySort","Rebound+1","Ball Lightning+1"],"picked":"Gash+1","floor":31},{"not_picked":["Redo","Hello World","Lockon+1","Cold Snap+1","Go for the Eyes+1"],"picked":"Singing Bowl","floor":31},{"not_picked":["TH:CopperCoins","TH:BikiniMail","TH:TreasureMap","TH:CursedSword"],"picked":"Singing Bowl","floor":33},{"not_picked":["Thunder Strike+1","Biased Cognition","Hyperbeam+1","Rainbow"],"picked":"Echo Form","floor":33},{"not_picked":["Rebound+1","ReplayGash+1","ReplaySolidLightProjector+1","Turbo"],"picked":"Gash+1","floor":35},{"not_picked":["Barrage+1","Panic Button+1","ReplayTheSpireMod:GoodbyeWorld","Sweeping Beam+1","Steam+1"],"picked":"Singing Bowl","floor":35},{"not_picked":["Barrage+1","Cold Snap+1","Seek","Panic Button"],"picked":"Gash+1","floor":36},{"not_picked":["Storm","Coolheaded","Stack","Go for the Eyes+1","Sweeping Beam+1"],"picked":"Singing Bowl","floor":36},{"not_picked":["ReplayTheSpireMod:Repulse+1","Hologram","Turbo+1","Go for the Eyes+1","Leap+1"],"picked":"Singing Bowl","floor":37},{"not_picked":["Steam+1","ReplayTheSpireMod:Fabricate Wheel","Hologram+1","Leap+1","Coolheaded"],"picked":"Singing Bowl","floor":37},{"not_picked":["Hologram","Redo","Stack+1","Ball Lightning+1","Lockon+1"],"picked":"Singing Bowl","floor":39},{"not_picked":["Coolheaded","Compile Driver+1","Seek","Steam+1","Go for the Eyes+1"],"picked":"Singing Bowl","floor":39},{"not_picked":["BootSequence+1","Reinforced Body+1","Stack+1","Electrodynamics"],"picked":"REME_Shoggoth+1","floor":40},{"not_picked":["TH:ArmorSpikes","TH:DeckOfManyThings","TH:TreasureMap","TH:BikiniMail"],"picked":"Singing Bowl","floor":40},{"not_picked":["Leap","Coolheaded","Steam+1","FTL+1","REME_Compress+1"],"picked":"Singing Bowl","floor":41},{"not_picked":["Defragment","Rip and Tear+1","Beam Cell+1","Sweeping Beam+1","Stack+1"],"picked":"Singing Bowl","floor":41},{"not_picked":["TH:PixieDust","TH:ElvenBoots","TH:DeckOfManyThings","TH:CopperCoins"],"picked":"Singing Bowl","floor":43},{"not_picked":["Beam Cell+1","Recycle","Rebound+1","Darkness"],"picked":"Buffer","floor":44},{"not_picked":["aspiration:Polymerization","REME_DataAnalysis+1","Beam Cell+1","Storm"],"picked":"Gash+1","floor":44},{"not_picked":["TH:DeckOfManyThings","TH:CursedSword","TH:ElvenBoots","TH:TreasureMap"],"picked":"Singing Bowl","floor":45},{"not_picked":["Steam","Chill","Echo Form","BootSequence","REME_ForAll+1"],"picked":"Singing Bowl","floor":45},{"not_picked":["Steam Power+1","FTL+1","Force Field+1","Steam+1","Chill"],"picked":"Singing Bowl","floor":47},{"not_picked":["REME_Whirling+1","Skim+1","Conserve Battery","Chaos+1","ReplaySort"],"picked":"Singing Bowl","floor":47},{"not_picked":["Hologram+1","Force Field","Sweeping Beam+1","Panic Button+1"],"picked":"REME_Shoggoth+1","floor":48},{"not_picked":["Cold Snap+1","Ball Lightning+1","Coolheaded","REME_Shoggoth+1"],"picked":"Gash+1","floor":48}],"player_experience":188001,"relics_obtained":[{"floor":8.0,"key":"Simple Rune"},{"floor":11.0,"key":"Odd Mushroom"},{"floor":23,"key":"Darkstone Periapt"},{"floor":24,"key":"Red Mask"},{"floor":25,"key":"Carrot"},{"floor":26,"key":"aspiration:ChemicalBlood"},{"floor":28,"key":"HornCleat"},{"floor":30,"key":"Blood Vial"},{"floor":32,"key":"Replay:Mystery Machine"},{"floor":40,"key":"Thread and Needle"},{"floor":40,"key":"Replay:Multitool"},{"floor":43,"key":"Symbiotic Virus"},{"floor":45,"key":"Bag of Preparation"},{"floor":45,"key":"War Paint"},{"floor":46,"key":"Replay:Bottled Eggs"},{"floor":49,"key":"Golden Egg"}],"event_choices":[{"damage_healed":0.0,"max_hp_gain":0.0,"max_hp_loss":0.0,"gold_gain":0.0,"event_name":"Mushrooms","player_choice":"Fought Mushrooms","floor":11.0,"gold_loss":0.0,"damage_taken":0.0},{"damage_healed":0.0,"max_hp_gain":0.0,"max_hp_loss":0.0,"gold_gain":0.0,"event_name":"Addict","player_choice":"Obtained Relic","floor":19.0,"gold_loss":85.0,"damage_taken":0.0,"relics_obtained":["Incense Burner"]},{"damage_healed":0.0,"max_hp_gain":0.0,"max_hp_loss":0.0,"gold_gain":0.0,"event_name":"Beggar","player_choice":"Ignored","floor":21.0,"gold_loss":0.0,"damage_taken":0.0},{"damage_healed":0,"gold_gain":0,"player_choice":"Fought Bandits","damage_taken":0,"max_hp_gain":0,"max_hp_loss":0,"event_name":"Masked Bandits","floor":24,"gold_loss":0},{"damage_healed":0,"gold_gain":0,"player_choice":"Traded Relic","damage_taken":0,"relics_obtained":["Nloth\u0027s Gift"],"max_hp_gain":0,"max_hp_loss":0,"event_name":"N\u0027loth","floor":27,"relics_lost":["relicPack:SpireResearchBook"],"gold_loss":0},{"damage_healed":0,"gold_gain":99,"player_choice":"Stole From Cult","damage_taken":0,"max_hp_gain":0,"max_hp_loss":0,"event_name":"Nest","floor":29,"gold_loss":0}],"is_beta":false,"boss_relics":[{"not_picked":["Tiny House","Runic Dome"],"picked":"Honey Jar"},{"not_picked":["Busted Crown","SlaversCollar"],"picked":"Replay:Grab Bag"},{"not_picked":["Abe\u0027s Treasure","ReplayTheSpireMod:Onyx Gauntlets"],"picked":"Sozu"},{"not_picked":["Replay:Bronze Core","Cursed Key"],"picked":"aspiration:FutureDiary"},{"not_picked":["aspiration:PoetsPen_weak","REME_LowDesire"],"picked":"Black Star"}],"items_purged_floors":[0,0,13,13,13,13,22,38,38],"is_endless":false,"potions_floor_spawned":[1,5,14,16,18,24,37,39,40,41,48],"ascension_level":7}}