{"host":"28p8ce41sjwa6lzf","time":1610482544,"event":{"mods":["BaseMod","Bestiary","Colored Map","Colored Powertips","Dark Map","Highlight Path","Minty Spire (QoL Compilation)","Permanent Neow","Quick Restart","Random Character Button","Rare Cards Sparkle","Relic Stats","StSLib","Unceasing Turn Reminder"],"gold_per_floor":[116,116,131,146,42,75,100,112,147,159,171,171],"floor_reached":11,"language":"ENG","playtime":364,"items_purged":["Decay"],"score":146,"play_id":"94b5e8cd-d7df-4856-9567-042aa59aa24d","local_time":"20210112141544","is_ascension_mode":true,"campfire_choices":[{"data":"Body Slam","floor":8.0,"key":"SMITH"}],"circlet_count":0,"master_deck":["AscendersBane","Strike_R","Strike_R","Strike_R","Strike_R","Defend_R","Defend_R","Defend_R","Defend_R","Bash","Cleave","True Grit","Pummel","Battle Trance","Body Slam+1","Seeing Red","Entrench"],"relics":["Burning Blood","Calipers","MawBank","Nunchaku","Golden Idol"],"acts_visited":["Exordium"],"potions_floor_usage":[],"damage_taken":[{"damage":12.0,"enemies":"Small Slimes","floor":1.0,"turns":4.0},{"damage":6.0,"enemies":"2 Louse","floor":3.0,"turns":3.0},{"damage":11.0,"enemies":"Jaw Worm","floor":4.0,"turns":4.0},{"damage":50.0,"enemies":"Lagavulin","floor":6.0,"turns":8.0},{"damage":6.0,"enemies":"Lots of Slimes","floor":7.0,"turns":2.0},{"damage":35,"enemies":"Gremlin Nob","floor":11,"turns":3}],"seed_played":"6696873477021257535","potions_obtained":[{"floor":1.0,"key":"Regen Potion"},{"floor":3.0,"key":"Block Potion"}],"is_trial":false,"path_per_floor":["M","?","M","M","$","E","M","R","T","?","E"],"character_chosen":"IRONCLAD","items_purchased":["Body Slam"],"campfire_rested":0,"item_purchase_floors":[5],"current_hp_per_floor":[62,62,62,57,57,28,28,28,28,28,0,0],"gold":171,"neow_bonus":"ONE_RARE_RELIC","is_daily":false,"chose_seed":false,"campfire_upgraded":1,"win_rate":0.0,"timestamp":1610482544,"path_taken":["M","?","M","M","$","E","M","R","T","?","E"],"items_purchased_type":["Card"],"build_version":"2020-12-22","purchased_purges":1,"victory":false,"max_hp_per_floor":[75,75,75,75,75,75,75,75,75,68,68,68],"relic_stats":{"Nunchaku":[0],"counters":[6,24],"Golden Idol":0,"MawBank":60,"obtain_stats":[{"Nunchaku":9,"Calipers":0,"Golden Idol":10,"MawBank":6,"Burning Blood":0},{"Nunchaku":5,"Calipers":0,"Golden Idol":5,"MawBank":4,"Burning Blood":0},{"Nunchaku":21,"Calipers":0,"Golden Idol":21,"MawBank":19,"Burning Blood":0}],"Burning Blood":30},"card_choices":[{"not_picked":["Perfected Strike","Warcry"],"picked":"Cleave","floor":1.0},{"not_picked":["Thunderclap","Perfected Strike"],"picked":"Pummel","floor":3.0},{"not_picked":["Wild Strike","Sword Boomerang"],"picked":"Battle Trance","floor":4.0},{"not_picked":["Bloodletting","Thunderclap"],"picked":"Seeing Red","floor":6.0},{"not_picked":["Carnage","Anger"],"picked":"Entrench","floor":7.0}],"player_experience":1140069,"relics_obtained":[{"floor":6.0,"key":"MawBank"},{"floor":9.0,"key":"Nunchaku"}],"event_choices":[{"damage_healed":0.0,"max_hp_gain":0.0,"max_hp_loss":0.0,"gold_gain":0.0,"cards_transformed":["Strike_R"],"event_name":"Living Wall","player_choice":"Change","floor":2.0,"gold_loss":0.0,"damage_taken":0.0,"cards_obtained":["True Grit"]},{"damage_healed":0.0,"max_hp_gain":0.0,"max_hp_loss":7.0,"gold_gain":0.0,"event_name":"Golden Idol","player_choice":"Lose Max HP","floor":10.0,"gold_loss":0.0,"damage_taken":0.0,"relics_obtained":["Golden Idol"]}],"is_beta":false,"boss_relics":[],"items_purged_floors":[5],"is_endless":false,"potions_floor_spawned":[1,3],"killed_by":"Gremlin Nob","ascension_level":20}}