{"host":"a8v0czv88scrgx5i","time":1610432096,"event":{"mods":["2.2 Compatiblity","Act Like it!","Aspiration","Astrologer","Bard","BaseMod","Beaked The Cultist","Better Third Choice","BetterRewards","Colored Map","Colored Powertips","Curses Come First","Dota2Spire","Downfall","Friendly Minions","GifTheSpireLib","GungeonMod","Hermit","Hubris","Infinite Spire","Luminous","Marisa????????","Minty Spire (QoL Compilation)","READ ME - Guardian Mod","Rare Cards Sparkle","Relic Sorter","Replay The Spire","Shade Mod","Shop Mod","StSLib","The Animator","The Blackbeard","The Bug Knight","The Construct","The Cursed","The Disciple","The Elementalist","The Hierophant","The Jungle","The Mystic","The Necromancer","The Runesmith","The Servant 0.9.4","The Spell Scribe","vexMod"],"gold_per_floor":[99,110,123,123,138,63,63,48,65,83,68,79,94,128,142,142,142,142],"floor_reached":16,"playtime":600,"items_purged":[],"score":106,"play_id":"fedbd258-2a8f-4899-8964-c55fc355d4c0","local_time":"20210112011456","is_ascension_mode":false,"campfire_choices":[{"floor":1,"key":"RECALL"},{"data":"champ:BladeFlurry","floor":6,"key":"SMITH"}],"circlet_count":0,"master_deck":["champ:Strike","champ:Strike","champ:Strike","champ:Strike","champ:Defend","champ:Defend","champ:Defend","champ:Defend","champ:Execute","champ:Taunt","champ:BladeFlurry","champ:BladeFlurry+1","champ:Haymaker","champ:Haymaker","champ:FlashCut","champ:ViciousMockery","champ:ShieldSigil","champ:VampiricStrike","champ:RisingSlash"],"relics":["Sozu","downfall:HeartBlessingRed","Nunchaku"],"acts_visited":["Exordium"],"potions_floor_usage":[],"damage_taken":[{"damage":6,"enemies":"Jaw Worm","floor":2,"turns":3},{"damage":6,"enemies":"Cultist","floor":3,"turns":4},{"damage":7,"enemies":"Small Slimes","floor":5,"turns":5},{"damage":5,"enemies":"downfall:FleeingMerchant","floor":8,"turns":4},{"damage":5,"enemies":"Blue Slaver","floor":9,"turns":4},{"damage":10,"enemies":"Large Slime","floor":10,"turns":5},{"damage":4,"enemies":"downfall:FleeingMerchant","floor":11,"turns":4},{"damage":0,"enemies":"2 Fungi Beasts","floor":12,"turns":2},{"damage":9,"enemies":"Exordium Wildlife","floor":13,"turns":4},{"damage":36,"enemies":"Lagavulin","floor":14,"turns":6},{"damage":8,"enemies":"3 Louse","floor":15,"turns":2},{"damage":39,"enemies":"downfall:Ironclad","floor":16,"turns":2}],"seed_played":"7160146496187490777","potions_obtained":[],"is_trial":false,"path_per_floor":["R","M","M","?","M","R","T","$","M","M","$","M","M","E","M","B"],"character_chosen":"THE_CHAMP","items_purchased":[],"campfire_rested":0,"item_purchase_floors":[],"current_hp_per_floor":[90,89,88,83,76,76,76,76,76,71,67,67,63,30,22,0,0,0],"gold":142,"neow_bonus":"BOSS_RELIC","is_daily":false,"chose_seed":false,"campfire_upgraded":1,"win_rate":0.0,"timestamp":1610432096,"path_taken":["R","M","M","?","M","R","T","$","M","M","$","M","M","E","M","BOSS"],"items_purchased_type":[],"build_version":"2020-12-22","purchased_purges":0,"victory":false,"max_hp_per_floor":[90,90,90,90,90,90,90,90,90,90,90,90,90,90,90,90,90,90],"card_choices":[{"not_picked":["champ:FocusedDefense","champ:ShieldWall"],"picked":"champ:BladeFlurry","floor":2},{"not_picked":["champ:ShieldThrow","champ:Backstep"],"picked":"champ:BladeFlurry","floor":3},{"not_picked":["champ:DefensiveStyle","champ:BerserkersShout"],"picked":"champ:Haymaker","floor":5},{"not_picked":["champ:IronFortress","champ:Circumvent","champ:EnGarde"],"picked":"SKIP","floor":8},{"not_picked":["champ:FanOfKnives","champ:EnGarde","champ:BerserkersShout"],"picked":"SKIP","floor":9},{"not_picked":["champ:Balance","champ:Backstep"],"picked":"champ:Haymaker","floor":10},{"not_picked":["champ:SteelEdge","champ:Haymaker"],"picked":"champ:FlashCut","floor":11},{"not_picked":["champ:BerserkerStyle","champ:FanOfKnives"],"picked":"champ:ViciousMockery","floor":12},{"not_picked":["champ:FanOfKnives","champ:Aggression"],"picked":"champ:ShieldSigil","floor":13},{"not_picked":["champ:BringItOn","champ:SwordSigil"],"picked":"champ:VampiricStrike","floor":14},{"not_picked":["champ:FanOfKnives","champ:PerfectedStrike"],"picked":"champ:RisingSlash","floor":15}],"player_experience":948172,"relics_obtained":[{"floor":14,"key":"Nunchaku"}],"event_choices":[],"is_beta":false,"boss_relics":[],"items_purged_floors":[],"is_endless":false,"potions_floor_spawned":[3,5,12,13,14,15],"killed_by":"downfall:Ironclad","ascension_level":0}}