{"host":"miejrq8yypas90n2","time":1610435339,"event":{"mods":["100% Spire Juice","Act Like it!","BaseMod","Colored Powertips","Gensokyo","Marisa（F雨　魔理沙）","Minty Spire (QoL Compilation)","Reimu（博丽灵梦）","StSLib","The Gatherer","The Poker Player","The Servant 0.9.4"],"gold_per_floor":[113,38,55,71,71,103,103,114,141,141,138,131,131,121,121,205,205,216,35,77,105,105,105,150,198,251,251,281,352,386,416,416],"floor_reached":31,"playtime":1812,"items_purged":["Strike_Lin:ReiMu","Poor:ReiMu"],"score":279,"play_id":"254efed1-85b4-4ded-932c-d43c4ba44804","local_time":"20210112150859","daily_mods":["Diverse"],"is_ascension_mode":false,"campfire_choices":[{"data":"NB:ReiMu","floor":7.0,"key":"SMITH"},{"data":"SpringWay:ReiMu","floor":15.0,"key":"SMITH"},{"data":"Moonworks:ReflectiveShell","floor":23.0,"key":"SMITH"},{"data":"Cleave","floor":27,"key":"SMITH"}],"circlet_count":0,"master_deck":["Strike_Lin:ReiMu","Strike_Lin:ReiMu","Strike_Lin:ReiMu","Defend_Lin:ReiMu","Defend_Lin:ReiMu","Defend_Lin:ReiMu+1","Defend_Lin:ReiMu","NB:ReiMu+1","Stagnation:ReiMu","Spot Weakness","Gatherer:Pollute+1","Comet","FineLineFantasy:ReiMu","Moonworks:BindingChains","SpringWay:ReiMu+1","Gatherer:AcidicSpray","Moonworks:ReflectiveShell+1","Sword Boomerang+1","Robbery","Gatherer:FlowerShield+1","Gensokyo:LittleGreenMen","Cleave+1","Moonworks:LuckyCharm","Escape Plan"],"relics":["ShineYinYang:ReiMu","War Paint","Nunchaku","YidongShenshe:ReiMu","CeramicFish","Boot","Anchor","Meat on the Bone"],"acts_visited":["Exordium","Gensokyo:Gensokyoer"],"potions_floor_usage":[30,30],"damage_taken":[{"damage":1.0,"enemies":"Jaw Worm","floor":1.0,"turns":7.0},{"damage":0.0,"enemies":"Small Slimes","floor":3.0,"turns":6.0},{"damage":3.0,"enemies":"Cultist","floor":4.0,"turns":4.0},{"damage":25.0,"enemies":"3 Sentries","floor":6.0,"turns":9.0},{"damage":0.0,"enemies":"Looter","floor":8.0,"turns":3.0},{"damage":0.0,"enemies":"Exordium Wildlife","floor":11.0,"turns":4.0},{"damage":8.0,"enemies":"Exordium Thugs","floor":12.0,"turns":4.0},{"damage":4.0,"enemies":"Large Slime","floor":14.0,"turns":7.0},{"damage":7.0,"enemies":"Hexaghost","floor":16.0,"turns":9.0},{"damage":10.0,"enemies":"Gensokyo:AngelMirror","floor":18.0,"turns":4.0},{"damage":0.0,"enemies":"Gensokyo:Chomper","floor":20.0,"turns":4.0},{"damage":0.0,"enemies":"Gensokyo:Wraith","floor":21.0,"turns":4.0},{"damage":8,"enemies":"Gensokyo:Koishi","floor":24,"turns":9},{"damage":0,"enemies":"Gensokyo:Swordslinger","floor":28,"turns":6},{"damage":8,"enemies":"Gensokyo:Tenshi","floor":29,"turns":5},{"damage":28,"enemies":"Gensokyo:Chomper_and_Gloop","floor":30,"turns":6},{"damage":26,"enemies":"Gensokyo:Slime_Group","floor":31,"turns":5}],"seed_played":"1077937021815460066","potions_obtained":[{"floor":3.0,"key":"CultistPotion"},{"floor":8.0,"key":"Energy Potion"},{"floor":11.0,"key":"Swift Potion"},{"floor":13.0,"key":"DuplicationPotion"},{"floor":13.0,"key":"Ancient Potion"},{"floor":13.0,"key":"Weak Potion"},{"floor":18.0,"key":"Strength Potion"},{"floor":24,"key":"BlessingOfTheForge"}],"is_trial":true,"path_per_floor":["M","$","M","M","$","E","R","M","T","?","M","M","?","M","R","B",null,"M","$","M","M","?","R","E","T","T","R","M","E","M","M"],"character_chosen":"REIMU","items_purchased":["Robbery"],"campfire_rested":0,"item_purchase_floors":[19],"current_hp_per_floor":[64,64,64,61,61,36,36,36,36,36,36,28,28,24,24,17,65,55,55,55,55,55,55,47,47,47,47,47,39,23,0,0],"gold":416,"neow_bonus":"","is_daily":false,"chose_seed":false,"campfire_upgraded":4,"win_rate":0.0,"timestamp":1610435339,"path_taken":["M","$","M","M","$","E","R","M","T","?","M","M","?","?","R","BOSS","M","$","M","M","?","R","E","?","T","R","M","E","?","M"],"items_purchased_type":["Card"],"build_version":"2020-12-22","purchased_purges":2,"victory":false,"max_hp_per_floor":[65,65,65,65,65,65,65,65,65,65,65,65,65,65,65,65,65,65,65,65,65,59,59,59,59,59,59,59,59,59,59,59],"card_choices":[{"not_picked":["CrushJoints","Moonworks:ScrambledEve","Wild Strike"],"picked":"SKIP","floor":1.0},{"not_picked":["PokerPlayerMod:RiskyBet","EventHorizon"],"picked":"Spot Weakness","floor":3.0},{"not_picked":["BowlingBash","DoubleEdge"],"picked":"Gatherer:Pollute","floor":4.0},{"not_picked":["Acrobatics","Gatherer:UpgradeBag"],"picked":"Comet","floor":6.0},{"not_picked":["Bane","MilkyWay"],"picked":"FineLineFantasy:ReiMu","floor":8.0},{"not_picked":["Gatherer:ScrollOfWall","Clash"],"picked":"Moonworks:BindingChains","floor":11.0},{"not_picked":["Flex","Gatherer:Polymorphism"],"picked":"SpringWay:ReiMu","floor":12.0},{"not_picked":["WindmillStrike","Prostrate"],"picked":"Gatherer:AcidicSpray","floor":14.0},{"not_picked":["Gatherer:BlackTea","Initiator"],"picked":"Moonworks:ReflectiveShell","floor":16.0},{"not_picked":["Steam Power+1","Rearm"],"picked":"Sword Boomerang+1","floor":18.0},{"not_picked":["EventHorizon","Worship","OpenUniverse"],"picked":"SKIP","floor":20.0},{"not_picked":["Gatherer:GatherMaterial","Collapse+1"],"picked":"Gatherer:FlowerShield+1","floor":21.0},{"not_picked":["Gensokyo:SevenSchoolMysteries","Gensokyo:LochNessMonster"],"picked":"Gensokyo:LittleGreenMen","floor":22.0},{"not_picked":["EmptyFist+1","Gatherer:TreeGrowth"],"picked":"Cleave","floor":24},{"not_picked":["Spot Weakness","Flex"],"picked":"Moonworks:LuckyCharm","floor":28},{"not_picked":["Rewind","SpringWay:ReiMu"],"picked":"Escape Plan","floor":29},{"not_picked":["Gatherer:FragileHammer","Exhume","PokerPlayerMod:CardPrinter"],"picked":"SKIP","floor":30}],"player_experience":247211,"relics_obtained":[{"floor":6.0,"key":"War Paint"},{"floor":9.0,"key":"Nunchaku"},{"floor":24,"key":"CeramicFish"},{"floor":25,"key":"Boot"},{"floor":26,"key":"Anchor"},{"floor":29,"key":"Meat on the Bone"}],"event_choices":[{"damage_healed":0.0,"max_hp_gain":0.0,"max_hp_loss":0.0,"gold_gain":0.0,"event_name":"yidonshenshe","player_choice":"带走神社","floor":10.0,"gold_loss":0.0,"damage_taken":0.0,"relics_obtained":["YidongShenshe:ReiMu"],"cards_obtained":["Poor:ReiMu"]},{"damage_healed":0.0,"max_hp_gain":0.0,"max_hp_loss":0.0,"gold_gain":0.0,"event_name":"Lab","player_choice":"Got Potions","floor":13.0,"gold_loss":0.0,"damage_taken":0.0}],"is_beta":false,"boss_relics":[{"not_picked":["Philosopher\u0027s Stone","CrownOfHeavens:ReiMu"],"picked":"ShineYinYang:ReiMu"}],"items_purged_floors":[2,19],"is_endless":false,"potions_floor_spawned":[3,8,11,14,18,24,28],"killed_by":"Gensokyo:Slime_Group","ascension_level":0}}