{"host":"qk06od3ap196wbz4","time":1610462963,"event":{"mods":["AchievementEnabler","Arknights The Spire","BaseMod","DeckTracker","Keyboard Shortcuts","Minty Spire (QoL Compilation)","Permanent Neow","StSLib","SuperFastMode"],"gold_per_floor":[114,124,138,158,174,202,202,202,202,231,231,266,266,283,283,381,381,401,417,113,113,113,141,141,176,200,200,234,234,267,281,281,386,386,396,242,242,260,260,290,290,290,317,349,260,286,298,313,313,313],"floor_reached":51,"playtime":1858,"items_purged":["ats:Explosion Area Strengthen","ats:Shell Defense"],"score":956,"play_id":"eea50999-c10d-43ae-b857-c98ca80bc122","local_time":"20210112234923","daily_mods":["Draft","Heirloom","Time Dilation","Flight"],"is_ascension_mode":false,"campfire_choices":[{"data":"ats:Closed Bolt Burst Fire","floor":8.0,"key":"SMITH"},{"data":"ats:Soul Absorption","floor":11.0,"key":"SMITH"},{"data":"ats:Overload","floor":13.0,"key":"SMITH"},{"data":"ats:Apocalypse","floor":15.0,"key":"SMITH"},{"data":"ats:Rat Pack","floor":24.0,"key":"SMITH"},{"data":"ats:Poison Spread","floor":27.0,"key":"SMITH"},{"data":"ats:Neurotoxin","floor":32.0,"key":"SMITH"},{"data":"ats:Flexible Camouflage","floor":41,"key":"SMITH"},{"data":"ats:Explosion Area Strengthen","floor":42,"key":"SMITH"},{"data":"ats:Soul Absorption","floor":49,"key":"SMITH"}],"circlet_count":0,"master_deck":["ats:Poison Spread+1","ats:Explosion Area Strengthen+1","ats:Explosion Area Strengthen+1","ats:Flexible Camouflage+1","ats:Rapid Magazine+1","ats:Assault Order","ats:Overload+1","ats:Closed Bolt Burst Fire+1","ats:Apocalypse+1","ats:Soul Absorption+1","ats:Consecutive Shot Auto+1","ats:Consecutive Shot Auto+1","ats:Poison Spread+1","ats:Rat Pack+1","ats:Neurotoxin+1","ats:Shell Defense+1","ats:Soul Absorption+1"],"relics":["ats:Sanity Plus","TungstenRod","ats:Originium","Pen Nib","Pear","Darkstone Periapt","Smiling Mask","ats:Tactical Delivery","Mummified Hand","ats:Industrial Water Cannon","ats:Lavender","Happy Flower","HornCleat","Nilry\u0027s Codex","Akabeko","Whetstone","StoneCalendar","Nunchaku","Molten Egg 2","Bottled Flame"],"acts_visited":["Exordium","TheCity","TheBeyond"],"potions_floor_usage":[50],"damage_taken":[{"damage":0.0,"enemies":"Cultist","floor":1.0,"turns":2.0},{"damage":0.0,"enemies":"Small Slimes","floor":2.0,"turns":2.0},{"damage":0.0,"enemies":"2 Louse","floor":3.0,"turns":1.0},{"damage":0.0,"enemies":"Large Slime","floor":4.0,"turns":4.0},{"damage":0.0,"enemies":"3 Louse","floor":5.0,"turns":2.0},{"damage":27.0,"enemies":"Lagavulin","floor":6.0,"turns":4.0},{"damage":16.0,"enemies":"3 Sentries","floor":10.0,"turns":3.0},{"damage":0.0,"enemies":"Gremlin Nob","floor":12.0,"turns":2.0},{"damage":4.0,"enemies":"Blue Slaver","floor":14.0,"turns":2.0},{"damage":31.0,"enemies":"Hexaghost","floor":16.0,"turns":5.0},{"damage":18.0,"enemies":"2 Thieves","floor":18.0,"turns":2.0},{"damage":4.0,"enemies":"Shell Parasite","floor":19.0,"turns":2.0},{"damage":0.0,"enemies":"Gremlin Leader","floor":23.0,"turns":2.0},{"damage":7.0,"enemies":"Slavers","floor":25.0,"turns":4.0},{"damage":0.0,"enemies":"Gremlin Leader","floor":28.0,"turns":3.0},{"damage":3.0,"enemies":"Book of Stabbing","floor":30.0,"turns":5.0},{"damage":0.0,"enemies":"Centurion and Healer","floor":31.0,"turns":3.0},{"damage":39,"enemies":"Champ","floor":33,"turns":7},{"damage":0,"enemies":"3 Darklings","floor":35,"turns":4},{"damage":8,"enemies":"3 Shapes","floor":38,"turns":2},{"damage":0,"enemies":"Giant Head","floor":40,"turns":7},{"damage":27,"enemies":"Reptomancer","floor":44,"turns":4},{"damage":33,"enemies":"Nemesis","floor":46,"turns":5},{"damage":2,"enemies":"Maw","floor":47,"turns":4},{"damage":10,"enemies":"3 Darklings","floor":48,"turns":2},{"damage":43,"enemies":"Donu and Deca","floor":50,"turns":8}],"seed_played":"8692433499103879748","potions_obtained":[{"floor":1.0,"key":"Explosive Potion"},{"floor":3.0,"key":"ats:Emergency Sanity Potion"},{"floor":10.0,"key":"GamblersBrew"},{"floor":12.0,"key":"BlessingOfTheForge"},{"floor":16.0,"key":"FairyPotion"},{"floor":18.0,"key":"SteroidPotion"},{"floor":28.0,"key":"SteroidPotion"},{"floor":35,"key":"ats:Top Emergency Sanity Potion"}],"is_trial":true,"path_per_floor":["M","M","M","M","M","E","?","R","T","E","R","E","R","M","R","B",null,"M","M","$","?","?","E","R","E","T","R","E","?","E","M","R","B",null,"M","$","?","M","$","E","R","R","T","E","$","E","M","M","R","B",null],"character_chosen":"DOCTOR_CLASS","items_purchased":["Mummified Hand","Whetstone","ats:Soul Absorption"],"campfire_rested":0,"item_purchase_floors":[20,36,45],"current_hp_per_floor":[72,72,72,72,72,49,49,49,59,47,47,47,47,47,47,26,82,69,65,65,65,50,50,50,48,48,48,55,43,49,56,56,39,87,87,87,87,80,80,87,87,87,87,73,73,49,56,53,53,33],"gold":313,"neow_bonus":"","is_daily":false,"chose_seed":false,"campfire_upgraded":10,"win_rate":0.0,"timestamp":1610462963,"path_taken":["M","?","M","M","M","E","?","R","T","E","R","E","R","?","R","BOSS","M","M","$","?","?","E","R","E","T","R","E","?","E","M","R","BOSS","M","$","?","M","$","E","R","R","T","E","$","E","M","M","R","BOSS"],"items_purchased_type":["Relic","Relic","Card"],"build_version":"2020-12-22","purchased_purges":2,"victory":true,"max_hp_per_floor":[72,72,72,72,72,72,72,72,82,82,82,82,82,82,82,82,82,82,82,82,82,87,87,87,87,87,87,87,87,87,87,87,87,87,87,87,87,87,87,87,87,87,87,87,87,87,87,87,87,87],"card_choices":[{"not_picked":["ats:Powerful Strike","ats:LN2 Cannon"],"picked":"ats:Consecutive Shot Auto","floor":0.0},{"not_picked":["ats:Curse Doll","ats:Sword Rain"],"picked":"ats:Poison Spread","floor":0.0},{"not_picked":["ats:Ignite","ats:Revitalization"],"picked":"ats:Explosion Area Strengthen","floor":0.0},{"not_picked":["ats:Hammer On","ats:Red Shift"],"picked":"ats:Explosion Area Strengthen","floor":0.0},{"not_picked":["ats:Explosion Area Strengthen","ats:Healing Drone"],"picked":"ats:Flexible Camouflage","floor":0.0},{"not_picked":["ats:Flame Of Heaven","ats:Hook Shot"],"picked":"ats:Rapid Magazine","floor":0.0},{"not_picked":["ats:Steam Pump","ats:Hammer On"],"picked":"ats:Consecutive Shot Auto","floor":0.0},{"not_picked":["ats:Flexible Camouflage","ats:Collapsing Strike"],"picked":"ats:Closed Bolt Burst Fire","floor":0.0},{"not_picked":["ats:Counter Healing Mode","ats:Very Hot Blade"],"picked":"ats:Ignite","floor":0.0},{"not_picked":["ats:Thermite Blade","ats:LN2 Cannon"],"picked":"ats:Cat Scratch","floor":0.0},{"not_picked":["ats:Powerful Strike","ats:Apocalypse"],"picked":"ats:Consecutive Shot Auto","floor":0.0},{"not_picked":["ats:Explosion Area Strengthen","ats:Curse Doll"],"picked":"ats:Assault Order","floor":0.0},{"not_picked":["ats:Revitalization","ats:Powerful Strike"],"picked":"ats:Ignite","floor":0.0},{"not_picked":["ats:Childhood Dance","ats:Blood Oath"],"picked":"ats:Explosion Area Strengthen","floor":0.0},{"not_picked":["ats:Poison Spread","ats:Song Of Battle"],"picked":"ats:Overload","floor":0.0},{"not_picked":["ats:Sunburst","ats:Guardian Obelisk","ats:Demon Strength"],"picked":"SKIP","floor":1.0},{"not_picked":["ats:Red Shift","ats:Apocalypse","ats:Counter Healing Mode"],"picked":"SKIP","floor":2.0},{"not_picked":["ats:Collapsing Strike","ats:Leaping Hammer"],"picked":"ats:Shell Defense","floor":3.0},{"not_picked":["ats:Cat Scratch","ats:Hammer On"],"picked":"ats:Apocalypse","floor":4.0},{"not_picked":["ats:Cat Scratch","ats:Curse Doll","ats:Leaping Hammer"],"picked":"SKIP","floor":5.0},{"not_picked":["ats:Cat Scratch","ats:Revitalization"],"picked":"ats:Consecutive Shot Auto","floor":6.0},{"not_picked":["ats:Assault Order","ats:Support Order"],"picked":"ats:Soul Absorption","floor":10.0},{"not_picked":["ats:Cat Scratch","ats:Very Hot Blade"],"picked":"ats:Poison Spread","floor":12.0},{"not_picked":["ats:Soul Rend","ats:Curse Doll","ats:Leaping Hammer"],"picked":"SKIP","floor":14.0},{"not_picked":["ats:Nebulous Foxfire","ats:Calcification"],"picked":"ats:Rat Pack","floor":16.0},{"not_picked":["ats:Curse Doll+1","ats:Powerful Strike","ats:Hammer On"],"picked":"SKIP","floor":18.0},{"not_picked":["ats:Cat Scratch","ats:Powerful Strike","ats:Flame Of Heaven"],"picked":"SKIP","floor":19.0},{"not_picked":["ats:Explosion Area Strengthen","ats:Cat Scratch+1"],"picked":"ats:Shell Defense","floor":23.0},{"not_picked":["ats:Leaping Hammer","ats:Hammer On","ats:Explosion Area Strengthen"],"picked":"SKIP","floor":25.0},{"not_picked":["ats:Encircling Forest","ats:Healing Drone"],"picked":"ats:Neurotoxin","floor":28.0},{"not_picked":["ats:Calcification","ats:Cat Scratch","ats:Directed Diagnosis"],"picked":"SKIP","floor":30.0},{"not_picked":["ats:Flexible Camouflage","ats:Apocalypse+1","ats:Red Shift"],"picked":"SKIP","floor":31.0},{"not_picked":["ats:Leaping Hammer+1","ats:Cat Scratch+1","ats:Directed Diagnosis"],"picked":"SKIP","floor":35},{"not_picked":["ats:Guardian Obelisk+1","ats:Revitalization+1"],"picked":"ats:Shell Defense+1","floor":38},{"not_picked":["ats:Hammer On+1","ats:Beaten Up+1","ats:Very Hot Blade"],"picked":"SKIP","floor":40},{"not_picked":["ats:Powerful Strike+1","ats:Steam Pump+1","ats:Cat Scratch+1"],"picked":"SKIP","floor":44},{"not_picked":["ats:Directed Diagnosis+1","ats:Thermite Blade+1","ats:Hammer On+1"],"picked":"SKIP","floor":46},{"not_picked":["ats:Ignite+1","ats:Powerful Strike+1","ats:Very Hot Blade+1"],"picked":"SKIP","floor":47},{"not_picked":["ats:Hook Shot","ats:Explosion Area Strengthen+1","ats:Assault Order"],"picked":"SKIP","floor":48}],"player_experience":161176,"relics_obtained":[{"floor":6.0,"key":"ats:Originium"},{"floor":6.0,"key":"Pen Nib"},{"floor":9.0,"key":"Pear"},{"floor":10.0,"key":"ats:Originium"},{"floor":10.0,"key":"Darkstone Periapt"},{"floor":12.0,"key":"ats:Originium"},{"floor":12.0,"key":"Smiling Mask"},{"floor":23.0,"key":"ats:Industrial Water Cannon"},{"floor":25.0,"key":"ats:Lavender"},{"floor":26.0,"key":"Happy Flower"},{"floor":28.0,"key":"HornCleat"},{"floor":29.0,"key":"Nilry\u0027s Codex"},{"floor":30.0,"key":"Akabeko"},{"floor":40,"key":"StoneCalendar"},{"floor":43,"key":"Nunchaku"},{"floor":44,"key":"Molten Egg 2"},{"floor":46,"key":"Bottled Flame"}],"event_choices":[{"damage_healed":0.0,"max_hp_gain":0.0,"max_hp_loss":0.0,"gold_gain":0.0,"event_name":"Upgrade Shrine","player_choice":"Upgraded","floor":7.0,"gold_loss":0.0,"damage_taken":0.0,"cards_upgraded":["ats:Rapid Magazine"]},{"damage_healed":0.0,"max_hp_gain":0.0,"max_hp_loss":0.0,"gold_gain":0.0,"event_name":"Ghosts","player_choice":"Ignored","floor":21.0,"gold_loss":0.0,"damage_taken":0.0},{"damage_healed":0.0,"max_hp_gain":5.0,"max_hp_loss":0.0,"gold_gain":0.0,"event_name":"Forgotten Altar","player_choice":"Shed Blood","floor":22.0,"gold_loss":0.0,"damage_taken":21.0},{"damage_healed":0.0,"max_hp_gain":0.0,"max_hp_loss":0.0,"gold_gain":0.0,"event_name":"Cursed Tome","player_choice":"Obtained Book","floor":29.0,"gold_loss":0.0,"damage_taken":16.0},{"cards_removed":["ats:Shell Defense"],"damage_healed":0,"gold_gain":0,"player_choice":"Removed Skill","damage_taken":0,"max_hp_gain":0,"max_hp_loss":0,"event_name":"Falling","floor":37,"gold_loss":0}],"is_beta":false,"boss_relics":[{"not_picked":["Tiny House","Philosopher\u0027s Stone"],"picked":"ats:Tactical Delivery"},{"not_picked":["Cursed Key","Runic Pyramid"],"picked":"ats:Sanity Plus"}],"items_purged_floors":[20,45],"is_endless":false,"potions_floor_spawned":[1,3,10,12,16,18,19,28,30,35,38],"ascension_level":0}}