{"host":"jm9833yuloeli2yd","time":1610414756,"event":{"mods":["BaseMod","Better Altar","Better Match","Better Note","Better Sensory Stone","Better Skull","Better Third Choice","Better Vampires","BetterRewards","Colored Map","Colored Powertips","DeckTracker","Minty Spire (QoL Compilation)","Permanent Neow","Quick Restart","Slay-I","StSLib","SuperFastMode"],"gold_per_floor":[116,129,179,197,207,207,227,262,262,295,308,341,341,9,9,86,86,97,114,134,58,74,101,121,121,175,209,209,209,209,235,235,235,235],"floor_reached":33,"playtime":1367,"items_purged":["Strike_G"],"score":914,"play_id":"70163186-c361-4a19-b56c-c09fca9929d3","local_time":"20210111202556","is_ascension_mode":true,"campfire_choices":[{"data":"Noxious Fumes","floor":6.0,"key":"SMITH"},{"floor":13.0,"key":"REST"},{"data":"Terror","floor":15.0,"key":"SMITH"},{"floor":28.0,"key":"REST"},{"data":"Calculated Gamble","floor":30.0,"key":"SMITH"},{"floor":32.0,"key":"REST"}],"circlet_count":0,"master_deck":["AscendersBane","Survivor","Neutralize","Metamorphosis","Finesse","Noxious Fumes+1","Poisoned Stab","Terror+1","Catalyst","Deadly Poison","Leg Sweep","Blur","Sucker Punch","Tactician","Endless Agony","Blur","Tactician","Venomology","Adrenaline","Poisoned Stab","Venomology","Prepared","Blade Dance","Die Die Die","Bane","Tactician","Choke","Noxious Fumes","Underhanded Strike","Footwork","Calculated Gamble+1","Endless Agony","Heel Hook","Tools of the Trade"],"relics":["Ring of the Snake","Gambling Chip","Pocketwatch","Ginger","CaptainsWheel","Kunai","Orrery","Pandora\u0027s Box","Question Card","Snake Skull","Red Mask","Art of War"],"acts_visited":["Exordium","TheCity"],"potions_floor_usage":[33],"damage_taken":[{"damage":2.0,"enemies":"Jaw Worm","floor":1.0,"turns":6.0},{"damage":1.0,"enemies":"Cultist","floor":2.0,"turns":3.0},{"damage":4.0,"enemies":"2 Louse","floor":4.0,"turns":3.0},{"damage":1.0,"enemies":"Looter","floor":5.0,"turns":3.0},{"damage":4.0,"enemies":"3 Louse","floor":7.0,"turns":4.0},{"damage":13.0,"enemies":"3 Sentries","floor":8.0,"turns":7.0},{"damage":0.0,"enemies":"Lagavulin","floor":10.0,"turns":3.0},{"damage":9.0,"enemies":"Exordium Wildlife","floor":11.0,"turns":5.0},{"damage":8.0,"enemies":"Gremlin Nob","floor":12.0,"turns":4.0},{"damage":11.0,"enemies":"Slime Boss","floor":16.0,"turns":6.0},{"damage":8.0,"enemies":"2 Thieves","floor":18.0,"turns":4.0},{"damage":1.0,"enemies":"3 Byrds","floor":19.0,"turns":3.0},{"damage":31.0,"enemies":"Centurion and Healer","floor":20.0,"turns":4.0},{"damage":1.0,"enemies":"Snecko","floor":22.0,"turns":5.0},{"damage":0.0,"enemies":"Gremlin Leader","floor":23.0,"turns":4.0},{"damage":6.0,"enemies":"Cultist and Chosen","floor":24.0,"turns":5.0},{"damage":2.0,"enemies":"Masked Bandits","floor":27.0,"turns":3.0},{"damage":19.0,"enemies":"Book of Stabbing","floor":31.0,"turns":6.0},{"damage":53,"enemies":"Automaton","floor":33,"turns":6}],"seed_played":"5252327539078240726","potions_obtained":[{"floor":2.0,"key":"Energy Potion"},{"floor":7.0,"key":"Block Potion"},{"floor":8.0,"key":"Swift Potion"},{"floor":12.0,"key":"LiquidMemories"},{"floor":23.0,"key":"Block Potion"},{"floor":24.0,"key":"LiquidBronze"},{"floor":27.0,"key":"Dexterity Potion"}],"is_trial":false,"path_per_floor":["M","M","?","M","M","R","M","E","T","E","M","E","R","$","R","B",null,"M","M","M","$","M","E","M","?","T","?","R","?","R","E","R","B"],"character_chosen":"THE_SILENT","items_purchased":["Metamorphosis","Finesse","AttackPotion","Tactician","Orrery","Footwork"],"campfire_rested":3,"item_purchase_floors":[0,0,0,14,14,21],"current_hp_per_floor":[50,49,49,45,44,44,40,27,27,27,18,10,29,29,29,18,54,46,45,14,14,13,13,7,7,7,5,24,24,24,5,24,0,0],"gold":235,"neow_bonus":"","is_daily":false,"chose_seed":false,"campfire_upgraded":3,"win_rate":0.0,"timestamp":1610414756,"path_taken":["M","M","?","M","M","R","?","E","T","E","M","E","R","?","R","BOSS","M","M","M","$","M","E","M","?","T","?","R","?","R","E","R","BOSS"],"items_purchased_type":["Card","Card","Potion","Card","Relic","Card"],"build_version":"2020-12-22","purchased_purges":1,"victory":false,"max_hp_per_floor":[66,66,66,66,66,66,66,66,66,66,66,66,66,66,66,66,66,66,66,66,66,66,66,66,66,66,66,66,66,66,66,66,66,66],"card_choices":[{"not_picked":["Quick Slash","Slice"],"picked":"Noxious Fumes","floor":1.0},{"not_picked":["Backflip","Caltrops"],"picked":"Poisoned Stab","floor":2.0},{"not_picked":["Dagger Spray","Dodge and Roll"],"picked":"Terror","floor":4.0},{"not_picked":["Flying Knee","Quick Slash"],"picked":"Catalyst","floor":5.0},{"not_picked":["PiercingWail","Concentrate","Terror"],"picked":"SKIP","floor":7.0},{"not_picked":["Deflect","Quick Slash"],"picked":"Deadly Poison","floor":8.0},{"not_picked":["Doppelganger","Dagger Throw"],"picked":"Leg Sweep","floor":10.0},{"not_picked":["Bane","Outmaneuver"],"picked":"Blur","floor":11.0},{"not_picked":["Acrobatics","Crippling Poison"],"picked":"Sucker Punch","floor":12.0},{"not_picked":["Well Laid Plans","Grand Finale"],"picked":"Endless Agony","floor":14.0},{"not_picked":["Poisoned Stab","PiercingWail"],"picked":"Blur","floor":14.0},{"not_picked":["Reflex","Flechettes"],"picked":"Tactician","floor":14.0},{"not_picked":["Calculated Gamble","Deflect"],"picked":"Venomology","floor":14.0},{"not_picked":["Grand Finale","Glass Knife"],"picked":"Adrenaline","floor":16.0},{"not_picked":["Accuracy","Blade Dance+1"],"picked":"Underhanded Strike","floor":18.0},{"not_picked":["Terror","Leg Sweep","Acrobatics+1"],"picked":"SKIP","floor":19.0},{"not_picked":["Blade Dance","Deadly Poison","Flying Knee"],"picked":"SKIP","floor":20.0},{"not_picked":["Poisoned Stab+1","Skewer","Underhanded Strike"],"picked":"SKIP","floor":22.0},{"not_picked":["Prepared","Escape Plan"],"picked":"Calculated Gamble","floor":23.0},{"not_picked":["Terror","Flying Knee","Outmaneuver"],"picked":"Endless Agony","floor":24.0},{"not_picked":["Footwork","Bane","Deflect"],"picked":"Heel Hook","floor":27.0},{"not_picked":["Acrobatics","Outmaneuver","Expertise"],"picked":"Tools of the Trade","floor":31.0}],"player_experience":1310758,"relics_obtained":[{"floor":8.0,"key":"Pocketwatch"},{"floor":9.0,"key":"Ginger"},{"floor":10.0,"key":"CaptainsWheel"},{"floor":12.0,"key":"Kunai"},{"floor":23.0,"key":"Question Card"},{"floor":26.0,"key":"Snake Skull"},{"floor":27.0,"key":"Red Mask"},{"floor":31.0,"key":"Art of War"}],"event_choices":[{"damage_healed":0.0,"max_hp_gain":0.0,"max_hp_loss":0.0,"gold_gain":50.0,"event_name":"Golden Shrine","player_choice":"Pray","floor":3.0,"gold_loss":0.0,"damage_taken":0.0},{"damage_healed":0.0,"max_hp_gain":0.0,"max_hp_loss":0.0,"gold_gain":0.0,"event_name":"Cursed Tome","player_choice":"Ignored","floor":25.0,"gold_loss":0.0,"damage_taken":0.0},{"damage_healed":0.0,"max_hp_gain":0.0,"max_hp_loss":0.0,"gold_gain":0.0,"event_name":"Masked Bandits","player_choice":"Fought Bandits","floor":27.0,"gold_loss":0.0,"damage_taken":0.0},{"damage_healed":0.0,"max_hp_gain":0.0,"max_hp_loss":0.0,"gold_gain":0.0,"event_name":"The Mausoleum","player_choice":"Ignored","floor":29.0,"gold_loss":0.0,"damage_taken":0.0}],"is_beta":false,"boss_relics":[{"not_picked":["Calling Bell","Runic Dome"],"picked":"Pandora\u0027s Box"}],"items_purged_floors":[14],"is_endless":false,"potions_floor_spawned":[2,7,8,12,16,19,22,23,24,27],"killed_by":"Automaton","ascension_level":20}}