{"host":"cny2hboix4qtzjgl","time":1610420326,"event":{"mods":["AchievementEnabler","BaseMod","Colored Map","Colored Powertips","Highlight Path","Minty Spire (QoL Compilation)","Relic Stats","Shop Mod","StSLib"],"gold_per_floor":[114,131,131,131,150,150,162,162,214,261,273,296,327,359,371,488,500,531,458,490,502,514,514],"floor_reached":22,"playtime":741,"items_purged":[],"score":213,"play_id":"32ea9f02-d7ad-48ab-b6dc-9b0ea35b4d6c","local_time":"20210112105846","is_ascension_mode":false,"campfire_choices":[{"data":"FollowUp","floor":6,"key":"SMITH"},{"data":"BowlingBash","floor":8,"key":"SMITH"},{"data":"InnerPeace","floor":15,"key":"SMITH"}],"circlet_count":0,"master_deck":["Defend_P","Defend_P","Defend_P","Defend_P","Eruption+1","Vigilance","EmptyFist","BowlingBash+1","FollowUp+1","FollowUp","InnerPeace+1","FlyingSleeves","FollowUp","Blasphemy","FlyingSleeves+1","Bite","Bite","Bite","Bite","Bite"],"relics":["VioletLotus","Bag of Preparation","MawBank","Happy Flower","Gambling Chip","Cursed Key","Art of War"],"acts_visited":["Exordium","TheCity"],"potions_floor_usage":[16,16,16],"damage_taken":[{"damage":0,"enemies":"Small Slimes","floor":1,"turns":2},{"damage":0,"enemies":"Jaw Worm","floor":2,"turns":3},{"damage":2,"enemies":"Cultist","floor":5,"turns":3},{"damage":0,"enemies":"Exordium Thugs","floor":7,"turns":3},{"damage":16,"enemies":"Lagavulin","floor":10,"turns":6},{"damage":0,"enemies":"3 Louse","floor":12,"turns":2},{"damage":0,"enemies":"Exordium Wildlife","floor":13,"turns":1},{"damage":0,"enemies":"Large Slime","floor":14,"turns":1},{"damage":26,"enemies":"Hexaghost","floor":16,"turns":8},{"damage":10,"enemies":"Shell Parasite","floor":18,"turns":3},{"damage":10,"enemies":"3 Byrds","floor":20,"turns":4},{"damage":100006,"enemies":"Centurion and Healer","floor":22,"turns":2}],"seed_played":"-7889457229207256668","potions_obtained":[{"floor":1,"key":"Block Potion"},{"floor":2,"key":"Block Potion"},{"floor":10,"key":"Weak Potion"},{"floor":12,"key":"SkillPotion"}],"is_trial":false,"path_per_floor":["M","M","?","?","M","R","M","R","T","E","T","M","M","M","R","B",null,"M","?","M","?","M"],"character_chosen":"WATCHER","items_purchased":[],"campfire_rested":0,"item_purchase_floors":[],"current_hp_per_floor":[72,72,58,58,56,56,56,56,56,40,40,40,40,40,40,14,72,62,62,52,50,0,0],"gold":514,"neow_bonus":"BOSS_RELIC","is_daily":false,"chose_seed":false,"campfire_upgraded":3,"win_rate":0.0,"timestamp":1610420326,"path_taken":["M","M","?","?","?","R","M","R","T","E","?","M","M","M","R","BOSS","M","?","M","?","M"],"items_purchased_type":[],"build_version":"2020-12-22","purchased_purges":0,"victory":false,"max_hp_per_floor":[72,72,72,72,72,72,72,72,72,72,72,72,72,72,72,72,72,72,72,72,50,50,50],"relic_stats":{"Happy Flower":[7],"counters":[12,37],"Gambling Chip":[12],"VioletLotus":[12],"Bag of Preparation":[20],"Art of War":[0],"MawBank":156,"Cursed Key":0,"obtain_stats":[{"Happy Flower":10,"Gambling Chip":11,"VioletLotus":0,"Bag of Preparation":4,"Art of War":19,"PureWater":0,"MawBank":9,"Cursed Key":17},{"Happy Flower":5,"Gambling Chip":5,"VioletLotus":0,"Bag of Preparation":2,"Art of War":10,"PureWater":0,"MawBank":4,"Cursed Key":9},{"Happy Flower":17,"Gambling Chip":17,"VioletLotus":0,"Bag of Preparation":5,"Art of War":32,"PureWater":0,"MawBank":11,"Cursed Key":29}]},"card_choices":[{"not_picked":["Tantrum","Halt"],"picked":"EmptyFist","floor":1},{"not_picked":["CrushJoints","WheelKick"],"picked":"BowlingBash","floor":2},{"not_picked":["Swivel","Crescendo"],"picked":"FollowUp","floor":5},{"not_picked":["FlurryOfBlows","JustLucky"],"picked":"FollowUp","floor":7},{"not_picked":["Vengeance","FlyingSleeves"],"picked":"InnerPeace","floor":10},{"not_picked":["Consecrate","Worship"],"picked":"FlyingSleeves","floor":12},{"not_picked":["Fasting2","Prostrate","EmptyBody"],"picked":"SKIP","floor":13},{"not_picked":["MentalFortress","SashWhip"],"picked":"FollowUp","floor":14},{"not_picked":["Brilliance","Establishment"],"picked":"Blasphemy","floor":16},{"not_picked":["WindmillStrike","CrushJoints"],"picked":"FlyingSleeves+1","floor":18},{"not_picked":["Nirvana","BowlingBash+1","Wireheading+1"],"picked":"SKIP","floor":20}],"player_experience":82380,"relics_obtained":[{"floor":9,"key":"MawBank"},{"floor":10,"key":"Happy Flower"},{"floor":11,"key":"Gambling Chip"}],"event_choices":[{"damage_healed":0,"gold_gain":0,"player_choice":"Entered Light","damage_taken":14,"max_hp_gain":0,"max_hp_loss":0,"event_name":"Shining Light","floor":3,"gold_loss":0,"cards_upgraded":["Eruption","Strike_P"]},{"damage_healed":0,"gold_gain":0,"player_choice":"Gave Potion","damage_taken":0,"relics_obtained":["Bag of Preparation"],"max_hp_gain":0,"max_hp_loss":0,"event_name":"WeMeetAgain","floor":4,"gold_loss":0},{"damage_healed":0,"gold_gain":0,"player_choice":"Obtained Relic","damage_taken":0,"relics_obtained":["Art of War"],"max_hp_gain":0,"max_hp_loss":0,"event_name":"Addict","floor":19,"gold_loss":85},{"damage_healed":0,"gold_gain":0,"player_choice":"Became a vampire","damage_taken":0,"max_hp_gain":0,"max_hp_loss":22,"event_name":"Vampires","floor":21,"gold_loss":0,"cards_obtained":["Bite","Bite","Bite","Bite","Bite"]}],"is_beta":false,"boss_relics":[{"not_picked":["Fusion Hammer","Snecko Eye"],"picked":"Cursed Key"}],"items_purged_floors":[],"is_endless":false,"potions_floor_spawned":[1,2,10,12],"killed_by":"Centurion and Healer","ascension_level":0}}