{"host":"dth8fvkfiulu86fi","time":1610451108,"event":{"mods":["2.2 Compatiblity","AchievementEnabler","BaseMod","Better Third Choice","Colored Map","Colored Powertips","Minty Spire (QoL Compilation)","Rare Cards Sparkle","StSLib","SuperFastMode","Synergy Search"],"gold_per_floor":[114,114,129,144,56,56,86,86,86,101,116,18,33,48,48,148,148,163,163,178,178,84,84,114,129,154,154,184,199,229,244,244,344,344,356,368,395,135,150,180,195,195,195,195,210,225,225,240,240,240],"floor_reached":51,"playtime":1165,"items_purged":[],"score":1118,"play_id":"9188113a-6c7a-4bb5-8422-2b9ddc3f77a9","local_time":"20210112123148","daily_mods":["Cursed Run","Hoarder","DeadlyEvents"],"is_ascension_mode":false,"campfire_choices":[{"data":"Jack Of All Trades","floor":6.0,"key":"SMITH"},{"floor":8.0,"key":"REST"},{"data":"Jack Of All Trades","floor":15.0,"key":"SMITH"},{"data":"Jack Of All Trades","floor":23,"key":"SMITH"},{"data":"Dramatic Entrance","floor":32,"key":"SMITH"},{"data":"Mind Blast","floor":42,"key":"SMITH"},{"data":"Mind Blast","floor":44,"key":"SMITH"},{"data":"Mind Blast","floor":47,"key":"SMITH"},{"floor":49,"key":"REST"}],"circlet_count":0,"master_deck":["Strike_P","Strike_P","Strike_P","Strike_P","Defend_P","Defend_P","Defend_P","Defend_P","Eruption","Vigilance","FlurryOfBlows","FlurryOfBlows","FlurryOfBlows","Jack Of All Trades+1","Jack Of All Trades+1","Jack Of All Trades+1","Clumsy","Clumsy","Clumsy","BattleHymn+1","BattleHymn+1","BattleHymn+1","Deep Breath+1","Deep Breath+1","Deep Breath","FlurryOfBlows","FlurryOfBlows","FlurryOfBlows","Pain","Pain","Pain","Consecrate+1","Consecrate+1","Consecrate+1","Dramatic Entrance+1","Dramatic Entrance","Dramatic Entrance","Regret","Regret","Regret","Parasite","Parasite","Parasite","BattleHymn+1","BattleHymn+1","BattleHymn+1","Shame","Shame","Shame","CurseOfTheBell","CurseOfTheBell","CurseOfTheBell","BattleHymn+1","BattleHymn+1","BattleHymn+1","BattleHymn+1","BattleHymn+1","BattleHymn+1","Mind Blast+1","Mind Blast+1","Mind Blast+1","FlurryOfBlows","FlurryOfBlows","FlurryOfBlows","Decay","Decay","Decay","Crescendo+1","Crescendo+1","Crescendo+1","BattleHymn+1","BattleHymn+1","BattleHymn+1","Writhe","Writhe","Writhe"],"relics":["Cursed Key","Darkstone Periapt","Du-Vu Doll","Frozen Egg 2","Orichalcum","Black Star","GoldenEye","Calipers","Pen Nib","Akabeko","War Paint","Ornamental Fan","Vajra","Centennial Puzzle","Calling Bell","MawBank","Pear","Lizard Tail","Sling","Strawberry","Damaru","Torii"],"acts_visited":["Exordium","TheCity","TheBeyond"],"potions_floor_usage":[28,28,30,30,30,36,50,50,50],"damage_taken":[{"damage":0.0,"enemies":"Cultist","floor":1.0,"turns":2.0},{"damage":0.0,"enemies":"2 Louse","floor":3.0,"turns":2.0},{"damage":3.0,"enemies":"Jaw Worm","floor":4.0,"turns":2.0},{"damage":26.0,"enemies":"Lagavulin","floor":7.0,"turns":6.0},{"damage":0.0,"enemies":"Looter","floor":10.0,"turns":2.0},{"damage":1.0,"enemies":"Gremlin Gang","floor":11.0,"turns":4.0},{"damage":0.0,"enemies":"Large Slime","floor":13.0,"turns":3.0},{"damage":7.0,"enemies":"Red Slaver","floor":14.0,"turns":2.0},{"damage":20.0,"enemies":"Hexaghost","floor":16.0,"turns":4.0},{"damage":23.0,"enemies":"2 Thieves","floor":18.0,"turns":3.0},{"damage":8.0,"enemies":"Chosen","floor":20.0,"turns":2.0},{"damage":5,"enemies":"Gremlin Leader","floor":24,"turns":3},{"damage":1,"enemies":"3 Cultists","floor":25,"turns":2},{"damage":14,"enemies":"Book of Stabbing","floor":28,"turns":3},{"damage":7,"enemies":"Cultist and Chosen","floor":29,"turns":2},{"damage":0,"enemies":"Slavers","floor":30,"turns":1},{"damage":0,"enemies":"Sentry and Sphere","floor":31,"turns":1},{"damage":14,"enemies":"Champ","floor":33,"turns":3},{"damage":0,"enemies":"3 Darklings","floor":35,"turns":1},{"damage":6,"enemies":"3 Shapes","floor":37,"turns":1},{"damage":0,"enemies":"Jaw Worm Horde","floor":39,"turns":2},{"damage":18,"enemies":"Giant Head","floor":40,"turns":3},{"damage":6,"enemies":"4 Shapes","floor":41,"turns":1},{"damage":0,"enemies":"3 Darklings","floor":45,"turns":1},{"damage":12,"enemies":"Sphere and 2 Shapes","floor":46,"turns":1},{"damage":0,"enemies":"Writhing Mass","floor":48,"turns":1},{"damage":20,"enemies":"Time Eater","floor":50,"turns":2}],"seed_played":"-5514344210177769252","potions_obtained":[{"floor":1.0,"key":"GamblersBrew"},{"floor":4.0,"key":"Weak Potion"},{"floor":10.0,"key":"EssenceOfSteel"},{"floor":14.0,"key":"BottledMiracle"},{"floor":18.0,"key":"EntropicBrew"},{"floor":24,"key":"EssenceOfSteel"},{"floor":25,"key":"ColorlessPotion"},{"floor":29,"key":"CultistPotion"},{"floor":36,"key":"Fruit Juice"},{"floor":36,"key":"Ancient Potion"}],"is_trial":false,"path_per_floor":["M","$","M","M","$","R","E","R","T","M","M","$","M","M","R","B",null,"M","?","M","$","$","R","E","M","T","T","E","M","E","M","R","B",null,"M","?","M","$","M","E","M","R","T","R","M","M","R","M","R","B",null],"character_chosen":"WATCHER","items_purchased":["Jack Of All Trades","Deep Breath","Dramatic Entrance","Mind Blast","FlurryOfBlows","Sling"],"campfire_rested":2,"item_purchase_floors":[5,12,22,38,38,38],"current_hp_per_floor":[72,72,72,69,69,69,43,64,82,82,81,81,81,74,74,72,108,85,108,100,100,100,100,95,94,112,130,116,109,109,109,109,113,190,190,195,189,189,189,178,172,172,190,190,190,178,178,178,220,218],"gold":240,"neow_bonus":"","is_daily":true,"chose_seed":false,"campfire_upgraded":7,"win_rate":0.0,"timestamp":1610451108,"path_taken":["M","$","M","M","$","R","E","R","T","?","M","$","M","M","R","BOSS","M","?","?","?","$","R","?","M","T","?","?","M","E","M","R","BOSS","M","?","M","$","M","E","M","R","T","R","M","?","R","M","R","BOSS"],"items_purchased_type":["Card","Card","Card","Card","Card","Relic"],"build_version":"2020-12-22","purchased_purges":0,"victory":true,"max_hp_per_floor":[72,72,72,72,72,72,72,72,90,90,90,90,90,90,90,108,108,108,108,108,108,108,108,108,108,126,144,144,144,144,144,144,162,190,190,195,195,195,195,202,202,202,220,220,220,220,220,220,220,238],"card_choices":[{"not_picked":["Evaluate","TalkToTheHand","DeceiveReality"],"picked":"SKIP","floor":1.0},{"not_picked":["PathToVictory","CutThroughFate"],"picked":"FlurryOfBlows","floor":3.0},{"not_picked":["PathToVictory","FlyingSleeves","SashWhip"],"picked":"SKIP","floor":4.0},{"not_picked":["CrushJoints","ThirdEye","Evaluate"],"picked":"SKIP","floor":7.0},{"not_picked":["Wallop","SandsOfTime"],"picked":"BattleHymn+1","floor":10.0},{"not_picked":["Prostrate","FollowUp","MasterReality+1"],"picked":"SKIP","floor":11.0},{"not_picked":["ClearTheMind","TalkToTheHand"],"picked":"FlurryOfBlows","floor":13.0},{"not_picked":["Vengeance","Sanctity","SandsOfTime"],"picked":"SKIP","floor":14.0},{"not_picked":["CutThroughFate","Prostrate"],"picked":"Consecrate+1","floor":18.0},{"not_picked":["Conclude","EmptyBody","Weave"],"picked":"SKIP","floor":20},{"not_picked":["FlyingSleeves","PathToVictory","FollowUp"],"picked":"SKIP","floor":24},{"not_picked":["CrushJoints+1","Nirvana+1","ForeignInfluence"],"picked":"SKIP","floor":25},{"not_picked":["JustLucky","Nirvana+1","Evaluate"],"picked":"SKIP","floor":28},{"not_picked":["Collect","Brilliance","FollowUp+1"],"picked":"SKIP","floor":29},{"not_picked":["Protect","EmptyFist","ClearTheMind"],"picked":"SKIP","floor":30},{"not_picked":["Perseverance+1","FlurryOfBlows"],"picked":"BattleHymn+1","floor":31},{"not_picked":["ClearTheMind+1","WheelKick+1"],"picked":"BattleHymn+1","floor":35},{"not_picked":["Evaluate","Adaptation+1"],"picked":"BattleHymn+1","floor":37},{"not_picked":["JustLucky","ThirdEye","FlyingSleeves+1"],"picked":"SKIP","floor":39},{"not_picked":["WheelKick+1","FollowUp","SashWhip+1"],"picked":"SKIP","floor":40},{"not_picked":["BowlingBash+1","PathToVictory","Crescendo"],"picked":"SKIP","floor":41},{"not_picked":["BowlingBash+1","PathToVictory","Crescendo"],"picked":"SKIP","floor":41},{"not_picked":["LikeWater+1","Prostrate+1"],"picked":"Crescendo+1","floor":45},{"not_picked":["Protect","LikeWater+1","Wish"],"picked":"SKIP","floor":46},{"not_picked":["WreathOfFlame+1","BowlingBash"],"picked":"BattleHymn+1","floor":48}],"player_experience":1140728,"relics_obtained":[{"floor":7.0,"key":"Frozen Egg 2"},{"floor":9.0,"key":"Orichalcum"},{"floor":24,"key":"GoldenEye"},{"floor":24,"key":"Calipers"},{"floor":26,"key":"Pen Nib"},{"floor":27,"key":"Akabeko"},{"floor":28,"key":"War Paint"},{"floor":28,"key":"Ornamental Fan"},{"floor":30,"key":"Vajra"},{"floor":30,"key":"Centennial Puzzle"},{"floor":34,"key":"MawBank"},{"floor":34,"key":"Pear"},{"floor":34,"key":"Lizard Tail"},{"floor":40,"key":"Strawberry"},{"floor":40,"key":"Damaru"},{"floor":43,"key":"Torii"}],"event_choices":[{"damage_healed":36.0,"max_hp_gain":0.0,"max_hp_loss":0.0,"gold_gain":0.0,"event_name":"The Library","player_choice":"Heal","floor":19.0,"gold_loss":0.0,"damage_taken":0.0},{"damage_healed":0,"gold_gain":0,"player_choice":"Got Potions","damage_taken":0,"max_hp_gain":0,"max_hp_loss":0,"event_name":"Lab","floor":36,"gold_loss":0}],"is_beta":false,"boss_relics":[{"not_picked":["Sozu","Tiny House"],"picked":"Black Star"},{"not_picked":["SacredBark","Pandora\u0027s Box"],"picked":"Calling Bell"}],"items_purged_floors":[],"is_endless":false,"potions_floor_spawned":[1,4,10,14,18,24,25,29,41,48],"ascension_level":0}}