{"host":"j9kxs091fhjybap3","time":1610416476,"event":{"mods":["100% Spire Juice","Act Like it!","BaseMod","Minty Spire (QoL Compilation)","StSLib"],"gold_per_floor":[112,112,67,84,100,100,100,100,100,100,100,111,126,136,136,240,120,139,64,64,75,75,75,100,114,114,114,114,114,133,147,147,243,243,260,260,260,277,277,37,52,52,52,52,64,64,16,32,32,32],"floor_reached":51,"playtime":1666,"items_purged":["Moonworks:CookingTime"],"score":739,"play_id":"b2cc8ba9-4197-4e07-ba2b-a939cfacaac3","local_time":"20210111205436","is_ascension_mode":true,"campfire_choices":[{"data":"Moonworks:EvilSpyWorkPreparation","floor":6,"key":"SMITH"},{"data":"Moonworks:EvilSpyWorkPreparation","floor":8,"key":"SMITH"},{"data":"Moonworks:MiracleRedBeanIceCream","floor":10,"key":"SMITH"},{"floor":15,"key":"REST"},{"data":"Moonworks:TacticalRetreat","floor":23,"key":"SMITH"},{"data":"Moonworks:LongDistanceShot","floor":27,"key":"SMITH"},{"floor":29,"key":"REST"},{"floor":32,"key":"REST"},{"floor":40,"key":"REST"},{"floor":42,"key":"REST"},{"floor":46,"key":"REST"},{"floor":49,"key":"REST"}],"circlet_count":0,"master_deck":["Moonworks:Defend+1","Moonworks:Defend+1","Moonworks:Defend+1","Moonworks:Defend+1","Moonworks:Ambush+1","Moonworks:LongDistanceShot+1","Moonworks:EvilSpyWorkPreparation+1","Moonworks:EvilSpyWorkPreparation+1","Moonworks:MiracleRedBeanIceCream+1","Moonworks:TacticalRetreat+1","Moonworks:GoAway+1","Moonworks:JonathanRush+1","Moonworks:SakisCookie+1","Moonworks:EvilSpyWorkPreparation","Moonworks:SakisCookie","Moonworks:EvilSpyWorkPreparation"],"relics":["Moonworks:BrokenBomb","Moonworks:Homemark","Boot","Astrolabe","Potion Belt","InkBottle","HornCleat"],"acts_visited":["Exordium","TheCity","TheBeyond"],"potions_floor_usage":[5,16,16,30,33,33,33,33,33,33,38,38,50,50,50,50],"damage_taken":[{"damage":0,"enemies":"Cultist","floor":1,"turns":4},{"damage":5,"enemies":"Jaw Worm","floor":4,"turns":3},{"damage":0,"enemies":"Small Slimes","floor":5,"turns":4},{"damage":0,"enemies":"3 Louse","floor":12,"turns":4},{"damage":20,"enemies":"Gremlin Gang","floor":13,"turns":2},{"damage":4,"enemies":"Large Slime","floor":14,"turns":4},{"damage":24,"enemies":"Hexaghost","floor":16,"turns":7},{"damage":20,"enemies":"2 Thieves","floor":18,"turns":4},{"damage":0,"enemies":"Chosen","floor":21,"turns":5},{"damage":27,"enemies":"Gremlin Leader","floor":24,"turns":7},{"damage":2,"enemies":"Centurion and Healer","floor":25,"turns":5},{"damage":26,"enemies":"Snecko","floor":30,"turns":7},{"damage":18,"enemies":"Snake Plant","floor":31,"turns":3},{"damage":22,"enemies":"Champ","floor":33,"turns":9},{"damage":27,"enemies":"3 Shapes","floor":35,"turns":3},{"damage":19,"enemies":"3 Darklings","floor":38,"turns":3},{"damage":50,"enemies":"Maw","floor":41,"turns":9},{"damage":13,"enemies":"Jaw Worm Horde","floor":45,"turns":3},{"damage":3,"enemies":"3 Darklings","floor":48,"turns":3},{"damage":61,"enemies":"Donu and Deca","floor":50,"turns":7}],"seed_played":"-8756272585383800069","potions_obtained":[{"floor":1,"key":"Fire Potion"},{"floor":4,"key":"BlessingOfTheForge"},{"floor":5,"key":"FearPotion"},{"floor":25,"key":"SkillPotion"},{"floor":30,"key":"LiquidMemories"},{"floor":31,"key":"EntropicBrew"},{"floor":33,"key":"Regen Potion"},{"floor":35,"key":"BlessingOfTheForge"},{"floor":41,"key":"Ancient Potion"},{"floor":45,"key":"PowerPotion"}],"is_trial":false,"path_per_floor":["M","$","?","M","M","R","?","R","T","R","?","M","M","M","R","B",null,"M","$","?","M","$","R","E","M","T","R","?","R","M","M","R","B",null,"M","?","?","M","$","R","M","R","T","$","M","R","$","M","R","B",null],"character_chosen":"THE_STARBREAKER","items_purchased":["Energy Potion"],"campfire_rested":7,"item_purchase_floors":[47],"current_hp_per_floor":[60,60,49,44,44,44,60,60,60,60,60,60,40,39,57,41,60,46,46,46,54,54,54,35,41,41,41,41,59,34,24,42,28,60,36,36,36,29,29,47,7,25,25,25,20,38,38,43,60,4],"gold":32,"neow_bonus":"UPGRADE_CARD","is_daily":false,"chose_seed":false,"campfire_upgraded":5,"win_rate":0.0,"timestamp":1610416476,"path_taken":["M","$","?","M","M","R","?","R","T","R","?","M","M","M","R","BOSS","M","$","?","?","$","R","E","?","T","R","?","R","M","M","R","BOSS","M","?","?","M","$","R","M","R","T","$","M","R","$","?","R","BOSS"],"items_purchased_type":["Potion"],"build_version":"2020-12-22","purchased_purges":1,"victory":true,"max_hp_per_floor":[60,60,60,60,60,60,60,60,60,60,60,60,60,60,60,60,60,60,60,60,60,60,60,60,60,60,60,60,60,60,60,60,60,60,60,60,60,60,60,60,60,60,60,60,60,60,60,60,60,60],"card_choices":[{"not_picked":["Moonworks:Bloodlust","Moonworks:ImOnFire"],"picked":"Moonworks:EvilSpyWorkPreparation","floor":1},{"not_picked":["Moonworks:ReproductionOfRecords","Moonworks:LulusLuckyEgg"],"picked":"Moonworks:EvilSpyWorkPreparation","floor":4},{"not_picked":["Moonworks:DevilHand","Moonworks:IndiscriminateFireSupport"],"picked":"Moonworks:MiracleRedBeanIceCream","floor":5},{"not_picked":["Moonworks:AnotherUltimateWeapon","Moonworks:Assault","Moonworks:BigMagnum"],"picked":"SKIP","floor":12},{"not_picked":["Moonworks:LulusLuckyEgg","Moonworks:CookingTime","Moonworks:StiffCrystal"],"picked":"SKIP","floor":13},{"not_picked":["Moonworks:UnpaidWork","Moonworks:ReproductionOfRecords"],"picked":"Moonworks:TacticalRetreat","floor":14},{"not_picked":["Moonworks:WeAreWaruda","Moonworks:Blazing"],"picked":"Moonworks:GoAway","floor":16},{"not_picked":["Moonworks:ScrambledEve+1","Moonworks:Assault","Moonworks:JonathanRush"],"picked":"SKIP","floor":18},{"not_picked":["Moonworks:ImOnFire+1","Moonworks:IntelligenceOfficer","Moonworks:FinalSurgery"],"picked":"SKIP","floor":21},{"not_picked":["Moonworks:BigMagnum","Moonworks:CloudOfSeagulls","Moonworks:ImOnFire"],"picked":"SKIP","floor":24},{"not_picked":["Moonworks:LuckyCharm","Moonworks:ExtendedPhotonRifle","Moonworks:CastOff+1"],"picked":"SKIP","floor":25},{"not_picked":["Moonworks:StiffCrystal+1","Moonworks:NicePresent"],"picked":"Moonworks:EvilSpyWorkPreparation","floor":30},{"not_picked":["Moonworks:ImOnFire+1","Moonworks:CloudOfSeagulls","Moonworks:BigMagnum"],"picked":"SKIP","floor":31},{"not_picked":["Moonworks:RedAndBlue","Moonworks:TacticalRetreat"],"picked":"Moonworks:SakisCookie","floor":35},{"not_picked":["Moonworks:DeployBits","Moonworks:AngelHand+1","Moonworks:FullSpeedAlicianrone+1"],"picked":"SKIP","floor":38},{"not_picked":["Moonworks:ImOnFire+1","Moonworks:BigMagnum+1","Moonworks:CloudOfSeagulls+1"],"picked":"SKIP","floor":41},{"not_picked":["Moonworks:EvilSpyWorkPreparation","Moonworks:DeployBits","Moonworks:JonathanRush"],"picked":"SKIP","floor":45},{"not_picked":["Moonworks:SakisCookie","Moonworks:MiracleWalker+1"],"picked":"Moonworks:EvilSpyWorkPreparation","floor":48}],"player_experience":948735,"relics_obtained":[{"floor":9,"key":"Boot"},{"floor":24,"key":"Potion Belt"},{"floor":26,"key":"InkBottle"},{"floor":43,"key":"HornCleat"}],"event_choices":[{"damage_healed":0,"gold_gain":75,"player_choice":"Gather Gold","damage_taken":11,"max_hp_gain":0,"max_hp_loss":0,"event_name":"World of Goop","floor":3,"gold_loss":0},{"damage_healed":20,"gold_gain":0,"player_choice":"Banana","damage_taken":0,"max_hp_gain":0,"max_hp_loss":0,"event_name":"Big Fish","floor":7,"gold_loss":0},{"damage_healed":0,"gold_gain":0,"cards_transformed":["Moonworks:Strike"],"player_choice":"Change","damage_taken":0,"max_hp_gain":0,"max_hp_loss":0,"event_name":"Living Wall","floor":11,"gold_loss":0,"cards_obtained":["Moonworks:CookingTime"]},{"damage_healed":0,"gold_gain":0,"player_choice":"Forge","damage_taken":0,"max_hp_gain":0,"max_hp_loss":0,"event_name":"Accursed Blacksmith","floor":20,"gold_loss":0,"cards_upgraded":["Moonworks:GoAway"]},{"damage_healed":0,"gold_gain":0,"player_choice":"Simplicity","damage_taken":0,"max_hp_gain":0,"max_hp_loss":0,"event_name":"Back to Basics","floor":28,"gold_loss":0,"cards_upgraded":["Moonworks:Defend","Moonworks:Defend","Moonworks:Defend","Moonworks:Defend"]},{"damage_healed":0,"gold_gain":0,"player_choice":"Ignored","damage_taken":0,"max_hp_gain":0,"max_hp_loss":0,"event_name":"Mysterious Sphere","floor":36,"gold_loss":0},{"cards_removed":["Moonworks:ImmovableObject"],"damage_healed":0,"gold_gain":0,"player_choice":"Purged","damage_taken":0,"max_hp_gain":0,"max_hp_loss":0,"event_name":"Purifier","floor":37,"gold_loss":0}],"is_beta":false,"boss_relics":[{"not_picked":["Runic Dome","Tiny House"],"picked":"Astrolabe"},{"not_picked":["Velvet Choker","Coffee Dripper","Philosopher\u0027s Stone"]}],"items_purged_floors":[19],"is_endless":false,"potions_floor_spawned":[1,4,5,25,30,31,33,35,41,45],"ascension_level":1}}