{"host":"2yhbarjh4s9lrrzt","time":1610433263,"event":{"mods":["BaseMod","Hubris","Minty Spire (QoL Compilation)","Replay The Spire","StSLib"],"gold_per_floor":[114,127,202,202,215,246,260,260,311,21,21,40,58,73,73,168,168,183,183,183,197,210,210,230,230,230,242,296,296,296,296],"floor_reached":30,"playtime":5229,"items_purged":[],"score":259,"play_id":"60f146d1-6e71-417f-81b5-af0928183900","local_time":"20210112013423","is_ascension_mode":false,"campfire_choices":[{"floor":8,"key":"REST"},{"floor":11,"key":"RECALL"},{"floor":15,"key":"REST"},{"floor":23,"key":"REST"}],"circlet_count":0,"master_deck":["Defend_P","Defend_P","Defend_P","Defend_P","Eruption","Vigilance","FollowUp","Replay:DivineShield","BattleHymn","SashWhip","Prostrate","SignatureMove+1","Protect","Replay:BluntJabs","Survey Options","Perseverance","TalkToTheHand","JustLucky","DeusExMachina","CrushJoints+1","Bite","Bite","Bite","Bite","Bite","FlyingSleeves","Replay:AtTheReady","Consecrate","LikeWater"],"relics":["PureWater","hubris:Towel","Replay:WaspNest","Black Star","hubris:Icosahedron","MealTicket","Gremlin Horn"],"acts_visited":["Exordium","TheCity"],"potions_floor_usage":[7,13,16,16,27,30],"damage_taken":[{"damage":0,"enemies":"2 Louse","floor":1,"turns":3},{"damage":0,"enemies":"Small Slimes","floor":2,"turns":2},{"damage":0,"enemies":"Jaw Worm","floor":5,"turns":3},{"damage":35,"enemies":"3 Sentries","floor":6,"turns":7},{"damage":21,"enemies":"Gremlin Gang","floor":7,"turns":5},{"damage":5,"enemies":"Red Slaver","floor":12,"turns":4},{"damage":4,"enemies":"Looter","floor":13,"turns":4},{"damage":5,"enemies":"2 Fungi Beasts","floor":14,"turns":4},{"damage":43,"enemies":"Fading Forest","floor":16,"turns":11},{"damage":36,"enemies":"Spheric Guardian","floor":18,"turns":5},{"damage":13,"enemies":"Chosen","floor":21,"turns":5},{"damage":26,"enemies":"Snake Plant","floor":22,"turns":5},{"damage":21,"enemies":"Snecko","floor":24,"turns":7},{"damage":24,"enemies":"Centurion and Healer","floor":27,"turns":5},{"damage":15,"enemies":"Shelled Parasite and Fungi","floor":30,"turns":3}],"seed_played":"-540226998938441163","potions_obtained":[{"floor":5,"key":"SteroidPotion"},{"floor":7,"key":"Dexterity Potion"},{"floor":12,"key":"LiquidMemories"},{"floor":16,"key":"Elixir"},{"floor":18,"key":"Languid Potion"},{"floor":24,"key":"Reflective Coating"}],"is_trial":false,"path_per_floor":["M","M","?","?","M","E","M","R","T","$","R","M","M","M","R","B",null,"M","?","?","M","M","R","M","PTL","PTL","M","T","T","M"],"character_chosen":"WATCHER","items_purchased":["SignatureMove+1","Protect","Replay:BluntJabs","Survey Options","Energy Potion"],"campfire_rested":3,"item_purchase_floors":[10,10,10,10,10],"current_hp_per_floor":[79,79,68,68,68,33,12,35,35,35,35,30,26,21,44,11,79,43,43,43,38,18,34,23,23,23,5,5,5,0,0],"gold":296,"neow_bonus":"TEN_PERCENT_HP_BONUS","is_daily":false,"chose_seed":false,"campfire_upgraded":0,"win_rate":0.0,"timestamp":1610433263,"path_taken":["M","M","?","?","M","E","M","R","T","$","R","M","M","M","R","BOSS","M","?","?","M","M","R","M","PTL","PTL","M","T","?","M"],"items_purchased_type":["Card","Card","Card","Card","Potion"],"build_version":"2020-12-22","purchased_purges":0,"victory":false,"max_hp_per_floor":[79,79,79,79,79,79,79,79,79,79,79,79,79,79,79,79,79,79,55,55,55,55,55,55,55,55,55,55,55,55,55],"card_choices":[{"not_picked":["Crescendo","Protect"],"picked":"FollowUp","floor":1},{"not_picked":["Replay:Anticipation","ClearTheMind"],"picked":"Replay:DivineShield","floor":2},{"not_picked":["Replay:Battleflow","PathToVictory"],"picked":"BattleHymn","floor":5},{"not_picked":["CutThroughFate","Blasphemy"],"picked":"SashWhip","floor":6},{"not_picked":["ReachHeaven","ClearTheMind"],"picked":"Prostrate","floor":7},{"not_picked":["BowlingBash","Prostrate"],"picked":"Perseverance","floor":12},{"not_picked":["Protect","FlyingSleeves"],"picked":"TalkToTheHand","floor":13},{"not_picked":["CrushJoints","ThirdEye"],"picked":"JustLucky","floor":14},{"not_picked":["LessonLearned","Brilliance"],"picked":"DeusExMachina","floor":16},{"not_picked":["FlyingSleeves","FollowUp"],"picked":"CrushJoints+1","floor":18},{"not_picked":["CrushJoints+1","Fasting2"],"picked":"FlyingSleeves","floor":21},{"not_picked":["Collect","Consecrate+1"],"picked":"Replay:AtTheReady","floor":22},{"not_picked":["SashWhip","BowlingBash"],"picked":"Consecrate","floor":24},{"not_picked":["Evaluate","CrushJoints+1"],"picked":"LikeWater","floor":27}],"player_experience":169859,"relics_obtained":[{"floor":6,"key":"Replay:WaspNest"},{"floor":28,"key":"MealTicket"},{"floor":29,"key":"Gremlin Horn"}],"event_choices":[{"damage_healed":0,"gold_gain":75,"player_choice":"Gather Gold","damage_taken":11,"max_hp_gain":0,"max_hp_loss":0,"event_name":"World of Goop","floor":3,"gold_loss":0},{"damage_healed":0,"gold_gain":0,"player_choice":"Became a vampire","damage_taken":0,"max_hp_gain":0,"max_hp_loss":24,"event_name":"Vampires","floor":19,"gold_loss":0,"cards_obtained":["Bite","Bite","Bite","Bite","Bite"]}],"is_beta":false,"boss_relics":[{"not_picked":["hubris:BlackHole","Astrolabe"],"picked":"Black Star"}],"items_purged_floors":[],"is_endless":false,"potions_floor_spawned":[5,7,12,16,18,24],"killed_by":"Shelled Parasite and Fungi","ascension_level":0}}