{"host":"sc0o2qwpf9j16a4i","time":1610475772,"event":{"mods":["AchievementEnabler","BaseMod","BetterRewards","Block Reminder","Colored Map","Colored Powertips","Custom Start","Highlight Path","Minty Spire (QoL Compilation)","Relic Stats"],"gold_per_floor":[113,133,148,148,32,63,74,74,121,152,152,163,163,173,173,247,247,265,265,23,73,84,114,130,149,202,202,152,186,0,0,0,76,76,87,87,87,100,153,153,181,193,259,304,316,353,394,426,438,450,462,474,486,45,76,76],"floor_reached":57,"playtime":2358,"items_purged":["Strike_R","Strike_R","Strike_R","Defend_R"],"score":3572,"play_id":"9ba73c86-fdc0-4910-ac0e-486d3502e1ee","local_time":"20210112202252","is_ascension_mode":true,"campfire_choices":[{"floor":8.0,"key":"REST"},{"data":"Feel No Pain","floor":11.0,"key":"SMITH"},{"data":"Spot Weakness","floor":13.0,"key":"SMITH"},{"data":"Shockwave","floor":15.0,"key":"SMITH"},{"floor":27.0,"key":"REST"},{"floor":32.0,"key":"REST"},{"floor":40.0,"key":"RECALL"},{"floor":45.0,"key":"REST"},{"floor":49,"key":"REST"},{"floor":53,"key":"REST"}],"circlet_count":0,"master_deck":["AscendersBane","Defend_R","Defend_R","Defend_R","Bash","Spot Weakness+1","Feel No Pain+1","Shockwave+1","Battle Trance","Burning Pact","Corruption+1","Demon Form+1","Clothesline","Metallicize+1","Impervious","Exhume","Reckless Charge","Shockwave","Heavy Blade","Fiend Fire","Body Slam","Dark Embrace+1","Impervious","Shrug It Off+1","Flame Barrier","Reaper","Spot Weakness","True Grit","Shrug It Off","Flame Barrier","Body Slam+1","Impervious","Exhume","Evolve+1","Disarm"],"relics":["Burning Blood","PreservedInsect","Question Card","Frozen Egg 2","Boot","Orichalcum","Philosopher\u0027s Stone","Membership Card","Bag of Preparation","Tiny Chest","Anchor","Lantern","ClockworkSouvenir","Fusion Hammer","Champion Belt","MawBank","Oddly Smooth Stone","Ice Cream","Calipers","Bag of Marbles","Bottled Tornado","Toolbox","Pen Nib"],"acts_visited":["Exordium","TheCity","TheBeyond","TheEnding"],"potions_floor_usage":[56,56],"damage_taken":[{"damage":13.0,"enemies":"Cultist","floor":1.0,"turns":5.0},{"damage":4.0,"enemies":"Jaw Worm","floor":2.0,"turns":4.0},{"damage":0.0,"enemies":"2 Louse","floor":3.0,"turns":1.0},{"damage":5.0,"enemies":"3 Sentries","floor":6.0,"turns":8.0},{"damage":18.0,"enemies":"Red Slaver","floor":7.0,"turns":6.0},{"damage":3.0,"enemies":"Lagavulin","floor":10.0,"turns":6.0},{"damage":13.0,"enemies":"Exordium Wildlife","floor":12.0,"turns":6.0},{"damage":0.0,"enemies":"2 Fungi Beasts","floor":14.0,"turns":4.0},{"damage":33.0,"enemies":"Slime Boss","floor":16.0,"turns":12.0},{"damage":14.0,"enemies":"Shell Parasite","floor":18.0,"turns":5.0},{"damage":6.0,"enemies":"Chosen","floor":22.0,"turns":6.0},{"damage":17.0,"enemies":"Gremlin Leader","floor":23.0,"turns":7.0},{"damage":22.0,"enemies":"Shelled Parasite and Fungi","floor":24.0,"turns":7.0},{"damage":8.0,"enemies":"Cultist and Chosen","floor":25.0,"turns":8.0},{"damage":21.0,"enemies":"Book of Stabbing","floor":29.0,"turns":5.0},{"damage":32.0,"enemies":"Collector","floor":33.0,"turns":11.0},{"damage":0.0,"enemies":"Orb Walker","floor":35.0,"turns":2.0},{"damage":14.0,"enemies":"3 Darklings","floor":38.0,"turns":5.0},{"damage":0.0,"enemies":"2 Orb Walkers","floor":39.0,"turns":4.0},{"damage":22.0,"enemies":"Reptomancer","floor":41.0,"turns":5.0},{"damage":0.0,"enemies":"Nemesis","floor":44.0,"turns":5.0},{"damage":0.0,"enemies":"Mind Bloom Boss Battle","floor":46.0,"turns":6.0},{"damage":54,"enemies":"Reptomancer","floor":47,"turns":5},{"damage":0,"enemies":"Sphere and 2 Shapes","floor":48,"turns":4},{"damage":18,"enemies":"Donu and Deca","floor":50,"turns":4},{"damage":76,"enemies":"Awakened One","floor":51,"turns":13},{"damage":38,"enemies":"Shield and Spear","floor":55,"turns":9},{"damage":0,"enemies":"The Heart","floor":56,"turns":10}],"seed_played":"-9119888964920980986","potions_obtained":[{"floor":1.0,"key":"Fire Potion"},{"floor":6.0,"key":"ColorlessPotion"},{"floor":16.0,"key":"Energy Potion"},{"floor":18.0,"key":"Fruit Juice"},{"floor":25.0,"key":"Fire Potion"},{"floor":29.0,"key":"SkillPotion"},{"floor":35.0,"key":"LiquidMemories"},{"floor":44.0,"key":"AttackPotion"},{"floor":47,"key":"Strength Potion"},{"floor":48,"key":"Regen Potion"},{"floor":55,"key":"CultistPotion"}],"is_trial":false,"path_per_floor":["M","M","M","?","$","E","M","R","T","E","R","M","R","M","R","B",null,"M","?","$","?","M","E","M","M","T","R","$","E","$","?","R","B",null,"M","T","?","M","?","R","E","$","T","E","R","?","E","M","R","B","B",null,"R","$","E","B",null],"character_chosen":"IRONCLAD","items_purchased":["PreservedInsect","Question Card","Spot Weakness","Explosive Potion","Battle Trance","Membership Card","Bag of Preparation","Dark Embrace+1","ClockworkSouvenir","Bottled Tornado","Impervious","Exhume","Evolve+1","Toolbox"],"campfire_rested":6,"item_purchase_floors":[0,0,0,0,5,20,20,30,30,54,54,54,54,54],"current_hp_per_floor":[31,33,39,39,39,40,28,50,50,53,53,46,46,52,52,25,63,55,55,55,48,48,37,26,24,24,48,48,33,33,33,57,31,68,74,74,74,66,72,72,80,80,80,80,80,80,48,70,80,80,55,74,80,80,80,80],"gold":76,"neow_bonus":"","is_daily":false,"chose_seed":false,"campfire_upgraded":3,"win_rate":0.0,"timestamp":1610475772,"path_taken":["M","?","M","?","?","E","M","R","T","E","R","M","R","?","R","BOSS","M","?","$","?","M","E","?","M","T","R","$","E","?","?","R","BOSS","M","?","?","M","?","R","E","$","T","E","R","?","E","M","R","BOSS","BOSS","R","$","E","BOSS"],"items_purchased_type":["Relic","Relic","Card","Potion","Card","Relic","Relic","Card","Relic","Relic","Card","Card","Card","Relic"],"build_version":"2020-12-22","purchased_purges":4,"victory":true,"max_hp_per_floor":[75,75,75,75,75,75,75,75,75,75,75,75,75,75,75,75,75,75,75,75,75,75,75,80,80,80,80,80,80,80,80,80,80,80,80,80,80,80,80,80,80,80,80,80,80,80,80,80,80,80,80,80,80,80,80,80],"relic_stats":{"counters":[57,324],"Tiny Chest":1,"PreservedInsect":405,"Pen Nib":[0],"Bag of Preparation":[36],"Champion Belt":[46],"Orichalcum":[192],"Question Card":25,"Boot":[23],"MawBank":156,"obtain_stats":[{"Ice Cream":44,"Regal Pillow":24,"Lantern":29,"Calipers":46,"Gremlin Horn":9,"Bag of Preparation":20,"Bottled Tornado":12,"Cursed Key":17,"Boot":9,"Burning Blood":0,"ClockworkSouvenir":21,"Blood Vial":23,"Dream Catcher":7,"Toolbox":54,"Philosopher\u0027s Stone":17,"Tiny Chest":23,"Fusion Hammer":34,"Potion Belt":10,"Oddly Smooth Stone":43,"PreservedInsect":9,"Pen Nib":55,"Frozen Egg 2":6,"Orichalcum":10,"Question Card":0,"MawBank":41,"White Beast Statue":0,"Mercury Hourglass":30,"Anchor":26,"Coffee Dripper":17,"Bag of Marbles":47,"Membership Card":20,"Champion Belt":39,"FossilizedHelix":7,"Meat on the Bone":3},{"Ice Cream":50,"Regal Pillow":25,"Lantern":44,"Calipers":51,"Gremlin Horn":19,"Bag of Preparation":39,"Bottled Tornado":20,"Cursed Key":22,"Boot":34,"Burning Blood":0,"ClockworkSouvenir":24,"Blood Vial":13,"Dream Catcher":4,"Toolbox":55,"Philosopher\u0027s Stone":38,"Tiny Chest":41,"Fusion Hammer":45,"Potion Belt":6,"Oddly Smooth Stone":49,"PreservedInsect":5,"Pen Nib":56,"Frozen Egg 2":33,"Orichalcum":35,"Question Card":29,"MawBank":49,"White Beast Statue":14,"Mercury Hourglass":27,"Anchor":43,"Coffee Dripper":9,"Bag of Marbles":52,"Membership Card":39,"Champion Belt":48,"FossilizedHelix":18,"Meat on the Bone":2},{"Ice Cream":273,"Regal Pillow":121,"Lantern":241,"Calipers":279,"Gremlin Horn":92,"Bag of Preparation":208,"Bottled Tornado":96,"Cursed Key":111,"Boot":175,"Burning Blood":0,"ClockworkSouvenir":117,"Blood Vial":62,"Dream Catcher":20,"Toolbox":305,"Philosopher\u0027s Stone":203,"Tiny Chest":221,"Fusion Hammer":252,"Potion Belt":26,"Oddly Smooth Stone":268,"PreservedInsect":24,"Pen Nib":314,"Frozen Egg 2":169,"Orichalcum":181,"Question Card":151,"MawBank":268,"White Beast Statue":66,"Mercury Hourglass":133,"Anchor":236,"Coffee Dripper":48,"Bag of Marbles":284,"Membership Card":208,"Champion Belt":263,"FossilizedHelix":88,"Meat on the Bone":9}],"Burning Blood":291},"card_choices":[{"not_picked":["Perfected Strike","Battle Trance","Wild Strike"],"picked":"Feel No Pain","floor":1.0},{"not_picked":["Intimidate","Sword Boomerang","Flex"],"picked":"Shockwave","floor":2.0},{"not_picked":["Dual Wield","Dark Embrace","Iron Wave","Rampage"],"picked":"SKIP","floor":3.0},{"not_picked":["Twin Strike","Iron Wave","Cleave"],"picked":"Burning Pact","floor":6.0},{"not_picked":["Burning Pact","True Grit","Feel No Pain+1"],"picked":"Corruption+1","floor":7.0},{"not_picked":["Flex","Pommel Strike","Pummel"],"picked":"Demon Form+1","floor":10.0},{"not_picked":["Flex","Headbutt","Twin Strike"],"picked":"Clothesline","floor":12.0},{"not_picked":["Havoc","Twin Strike","Power Through"],"picked":"Metallicize+1","floor":14.0},{"not_picked":["Feed","Corruption+1","Bludgeon"],"picked":"Impervious","floor":16.0},{"not_picked":["Seeing Red","Cleave","Burning Pact"],"picked":"Shockwave","floor":18.0},{"not_picked":["Armaments","Iron Wave","Thunderclap","Clothesline"],"picked":"SKIP","floor":22.0},{"not_picked":["Bloodletting","Heavy Blade","Hemokinesis"],"picked":"Shockwave","floor":23.0},{"not_picked":["Demon Form+1","Clothesline","Twin Strike"],"picked":"Heavy Blade","floor":24.0},{"not_picked":["Headbutt","Sword Boomerang","Warcry+1"],"picked":"Fiend Fire","floor":25.0},{"not_picked":["Anger","Havoc","Combust+1"],"picked":"Body Slam","floor":29.0},{"not_picked":["Brutality+1","Reaper","Berserk+1"],"picked":"Impervious","floor":33.0},{"not_picked":["Headbutt+1","Fire Breathing+1","Cleave"],"picked":"Shrug It Off+1","floor":35.0},{"not_picked":["Dropkick+1","Fire Breathing+1","Dark Embrace+1"],"picked":"Flame Barrier","floor":38.0},{"not_picked":["True Grit","Anger+1","Rampage"],"picked":"Reaper","floor":39.0},{"not_picked":["Battle Trance","Headbutt+1","Sword Boomerang"],"picked":"Spot Weakness","floor":41.0},{"not_picked":["Armaments+1","Dropkick","Headbutt"],"picked":"True Grit","floor":44.0},{"not_picked":["Hemokinesis+1","Metallicize+1","Body Slam"],"picked":"Shrug It Off","floor":46.0},{"not_picked":["Rampage","Anger","Metallicize+1"],"picked":"Flame Barrier","floor":47},{"not_picked":["Wild Strike+1","Clash","Rupture+1"],"picked":"Body Slam+1","floor":48},{"not_picked":["Berserk+1","Heavy Blade","Fiend Fire"],"picked":"Disarm","floor":55}],"player_experience":612032,"relics_obtained":[{"floor":6.0,"key":"Frozen Egg 2"},{"floor":9.0,"key":"Boot"},{"floor":10.0,"key":"Orichalcum"},{"floor":23.0,"key":"Tiny Chest"},{"floor":26.0,"key":"Anchor"},{"floor":29.0,"key":"Lantern"},{"floor":39.0,"key":"Champion Belt"},{"floor":41.0,"key":"MawBank"},{"floor":43.0,"key":"Oddly Smooth Stone"},{"floor":44.0,"key":"Ice Cream"},{"floor":46.0,"key":"Calipers"},{"floor":47,"key":"Bag of Marbles"},{"floor":55,"key":"Pen Nib"}],"event_choices":[{"damage_healed":0.0,"max_hp_gain":0.0,"max_hp_loss":0.0,"gold_gain":0.0,"event_name":"Match and Keep!","player_choice":"0 cards matched","floor":4.0,"gold_loss":0.0,"damage_taken":0.0,"cards_obtained":[]},{"damage_healed":0.0,"max_hp_gain":0.0,"max_hp_loss":0.0,"gold_gain":0.0,"cards_transformed":["Strike_R","Strike_R"],"event_name":"Drug Dealer","player_choice":"Became Test Subject","floor":19.0,"gold_loss":0.0,"damage_taken":0.0,"cards_obtained":["Exhume","Reckless Charge"]},{"damage_healed":0.0,"max_hp_gain":0.0,"max_hp_loss":0.0,"gold_gain":50.0,"event_name":"FaceTrader","player_choice":"Touch","floor":21.0,"gold_loss":0.0,"damage_taken":7.0},{"cards_removed":["Shockwave"],"damage_healed":0.0,"max_hp_gain":0.0,"max_hp_loss":0.0,"gold_gain":0.0,"event_name":"Falling","player_choice":"Removed Skill","floor":37.0,"gold_loss":0.0,"damage_taken":0.0},{"damage_healed":0.0,"max_hp_gain":0.0,"max_hp_loss":0.0,"gold_gain":0.0,"event_name":"Mysterious Sphere","player_choice":"Fight","floor":39.0,"gold_loss":0.0,"damage_taken":0.0},{"damage_healed":0.0,"max_hp_gain":0.0,"max_hp_loss":0.0,"gold_gain":0.0,"event_name":"MindBloom","player_choice":"Fight","floor":46.0,"gold_loss":0.0,"damage_taken":0.0}],"is_beta":false,"boss_relics":[{"not_picked":["Runic Pyramid","Pandora\u0027s Box"],"picked":"Philosopher\u0027s Stone"},{"not_picked":["Tiny House","SacredBark"],"picked":"Fusion Hammer"}],"items_purged_floors":[5,28,30,54],"is_endless":false,"potions_floor_spawned":[1,6,16,18,25,29,35,44,47,48,55],"ascension_level":20}}