{"host":"cjhtzh7tp54jdfyv","time":1610420679,"event":{"mods":["AchievementEnabler","BaseMod","Colored Map","Colored Powertips","Curses Come First","DeckTracker","Filter the Spire","Minty Spire (QoL Compilation)","RNG Fix","Relic Sorter","Relic Stats","StSLib","UnlockEverythingMod","ojb\u0027s Better Paths Mod","ojb\u0027s Info Mod"],"gold_per_floor":[163,179,80,93,111,111,111],"floor_reached":6,"playtime":257,"items_purged":["Strike_P"],"score":76,"play_id":"545ee7c3-c216-4fa0-8b53-4c67fc79ce65","local_time":"20210111220439","is_ascension_mode":true,"campfire_choices":[],"circlet_count":0,"master_deck":["AscendersBane","Strike_P","Strike_P+1","Strike_P","Defend_P","Defend_P","Defend_P","Defend_P","Eruption","Vigilance","SignatureMove","InnerPeace","CrushJoints","FlurryOfBlows"],"relics":["Tiny House"],"acts_visited":["Exordium"],"potions_floor_usage":[],"damage_taken":[{"damage":7,"enemies":"Cultist","floor":1,"turns":3},{"damage":2,"enemies":"2 Louse","floor":2,"turns":2},{"damage":2,"enemies":"Jaw Worm","floor":4,"turns":4},{"damage":0,"enemies":"Large Slime","floor":5,"turns":3},{"damage":0,"enemies":"Lagavulin","floor":6,"turns":2}],"seed_played":"-5978632148443505973","potions_obtained":[{"floor":0,"key":"Explosive Potion"},{"floor":1,"key":"Explosive Potion"}],"is_trial":false,"path_per_floor":["M","M","$","M","M","E"],"character_chosen":"WATCHER","items_purchased":["FlurryOfBlows"],"campfire_rested":0,"item_purchase_floors":[3],"current_hp_per_floor":[59,57,57,55,55,55,55],"gold":111,"neow_bonus":"BOSS_RELIC","is_daily":false,"chose_seed":false,"campfire_upgraded":0,"win_rate":0.0,"timestamp":1610420679,"path_taken":["M","M","$","M","M","E"],"items_purchased_type":["Card"],"build_version":"2020-12-22","purchased_purges":1,"victory":false,"max_hp_per_floor":[73,73,73,73,73,73,73],"relic_stats":{"counters":[5,14],"obtain_stats":[{"Tiny House":0,"PureWater":0},{"Tiny House":0,"PureWater":0},{"Tiny House":0,"PureWater":0}]},"card_choices":[{"not_picked":["Protect","BowlingBash"],"picked":"SignatureMove","floor":0},{"not_picked":["FlyingSleeves","ThirdEye"],"picked":"InnerPeace","floor":1},{"not_picked":["FlurryOfBlows","ThirdEye"],"picked":"CrushJoints","floor":2},{"not_picked":["SandsOfTime","CrushJoints","Alpha"],"picked":"SKIP","floor":4},{"not_picked":["FlyingSleeves","Study","Conclude"],"picked":"SKIP","floor":5}],"player_experience":4461253,"relics_obtained":[],"event_choices":[],"is_beta":false,"boss_relics":[],"items_purged_floors":[3],"is_endless":false,"potions_floor_spawned":[1,2],"killed_by":"Lagavulin","ascension_level":20}}