{"host":"vdpaduzlq0qlaikq","time":1610423695,"event":{"mods":["AchievementEnabler","BaseMod","Better Third Choice","BetterRewards","Colored Map","Downfall","Gold Saver","Hermit","Jorbs\u0027s Wanderer Trilogy","Minty Spire (QoL Compilation)","Relic Filter","Spicy Shops","StSLib","The Necromancer"],"gold_per_floor":[672,686,686,60,85,124,124,145,145,69,69,87,122,22,22,153,153,169,169,205,205,205,249,249,264,264,299,299,318,318,351,351,475,475,488,339,672,691,741,773,773,773,798,798,439,456,482,498,498,498,498,498,125,152,152],"floor_reached":56,"playtime":3193,"items_purged":["Writhe","Injury","Strike_G"],"score":2324,"play_id":"072dc3f1-41d4-475a-b344-1c39e366e64b","local_time":"20210112015455","is_ascension_mode":true,"campfire_choices":[{"data":"Apotheosis","floor":7,"key":"SMITH"},{"floor":11,"key":"RECALL"},{"data":"Footwork","floor":15,"key":"SMITH"},{"floor":24,"key":"REST"},{"data":"PiercingWail","floor":28,"key":"SMITH"},{"data":"Bouncing Flask","floor":32,"key":"SMITH"},{"data":"Corpse Explosion","floor":44,"key":"SMITH"},{"floor":49,"key":"REST"},{"floor":52,"key":"REST"}],"circlet_count":0,"master_deck":["Strike_G","Strike_G","Defend_G","Defend_G","Defend_G+1","Survivor","Neutralize","Malaise+1","Backstab","Terror","Poisoned Stab","Footwork","Apotheosis+1","Poisoned Stab","Footwork+1","Poisoned Stab","Blur","Corpse Explosion+1","Noxious Fumes+1","Bouncing Flask+1","Prepared","Backstab","PiercingWail+1","Backflip","Wraith Form v2+1","Deadly Poison+1","Blur","Envenom","Outmaneuver+1","Adrenaline","Backstab"],"relics":["Ring of the Snake","Letter Opener","Strawberry","StoneCalendar","Guardian:PocketSentry","Orrery","Ancient Tea Set","War Paint","Calipers","Bottled Lightning","Oddly Smooth Stone","Omamori","Medical Kit","White Beast Statue","Eternal Feather","Chemical X","Juzu Bracelet","Black Star","Red Mask","MealTicket","Bronze Scales","Singing Bowl","Happy Flower","InkBottle","Bag of Marbles","Empty Cage","Potion Belt","Turnip","Nunchaku","Anchor","Pen Nib","Snake Skull","Bag of Preparation","Lantern","Orichalcum","Toy Ornithopter","Pear","Bottled Tornado"],"acts_visited":["Exordium","TheCity","TheBeyond","TheEnding"],"potions_floor_usage":[6,20,23,27,29,29,55,55,55,55],"damage_taken":[{"damage":0,"enemies":"2 Louse","floor":1,"turns":3},{"damage":0,"enemies":"Jaw Worm","floor":2,"turns":2},{"damage":0,"enemies":"Small Slimes","floor":5,"turns":4},{"damage":0,"enemies":"Gremlin Nob","floor":6,"turns":4},{"damage":0,"enemies":"2 Fungi Beasts","floor":8,"turns":2},{"damage":0,"enemies":"Blue Slaver","floor":12,"turns":2},{"damage":0,"enemies":"Lagavulin","floor":13,"turns":5},{"damage":0,"enemies":"Hexaghost","floor":16,"turns":7},{"damage":0,"enemies":"Chosen","floor":18,"turns":3},{"damage":7,"enemies":"Masked Bandits","floor":20,"turns":4},{"damage":25,"enemies":"Gremlin Leader","floor":23,"turns":7},{"damage":0,"enemies":"Shell Parasite","floor":25,"turns":2},{"damage":15,"enemies":"Slavers","floor":27,"turns":3},{"damage":4,"enemies":"Cultist and Chosen","floor":29,"turns":5},{"damage":3,"enemies":"Book of Stabbing","floor":31,"turns":6},{"damage":12,"enemies":"Automaton","floor":33,"turns":6},{"damage":0,"enemies":"3 Shapes","floor":35,"turns":3},{"damage":3,"enemies":"3 Darklings","floor":38,"turns":3},{"damage":0,"enemies":"Mind Bloom Boss Battle","floor":39,"turns":7},{"damage":9,"enemies":"Nemesis","floor":40,"turns":6},{"damage":10,"enemies":"Sphere and 2 Shapes","floor":46,"turns":4},{"damage":19,"enemies":"Giant Head","floor":47,"turns":8},{"damage":4,"enemies":"4 Shapes","floor":48,"turns":4},{"damage":23,"enemies":"Time Eater","floor":50,"turns":10},{"damage":0,"enemies":"Shield and Spear","floor":54,"turns":3},{"damage":25,"enemies":"The Heart","floor":55,"turns":10}],"seed_played":"-8629384723708486465","potions_obtained":[{"floor":2,"key":"Fire Potion"},{"floor":6,"key":"Fire Potion"},{"floor":8,"key":"ColorlessPotion"},{"floor":13,"key":"LiquidMemories"},{"floor":20,"key":"FairyPotion"},{"floor":23,"key":"Block Potion"},{"floor":27,"key":"Weak Potion"},{"floor":29,"key":"GhostInAJar"},{"floor":31,"key":"Energy Potion"},{"floor":39,"key":"DistilledChaos"},{"floor":40,"key":"champ:CounterPotion"},{"floor":46,"key":"GhostInAJar"},{"floor":54,"key":"Dexterity Potion"}],"is_trial":false,"path_per_floor":["M","M","?","$","M","E","R","M","T","$","R","M","E","$","R","B",null,"M","?","?","?","?","E","R","M","T","E","R","M","?","E","R","B",null,"M","$","?","M","?","E","?","?","T","R","$","M","E","M","R","B",null,"R","$","E","B",null],"character_chosen":"THE_SILENT","items_purchased":["Letter Opener","Strawberry","StoneCalendar","Guardian:PocketSentry","Orrery","Footwork","Ancient Tea Set","War Paint","Apotheosis","Calipers","Poisoned Stab","AttackPotion","Bottled Lightning","Oddly Smooth Stone","Omamori","Medical Kit","Chemical X","Potion Belt","Snake Skull","Blur","Adrenaline","Backstab","Orichalcum","Toy Ornithopter"],"campfire_rested":3,"item_purchase_floors":[0,0,0,0,0,0,0,0,0,0,0,0,4,4,4,4,10,36,45,45,53,53,53,53],"current_hp_per_floor":[70,70,70,70,70,70,70,70,70,70,77,77,77,77,77,77,77,77,77,70,70,70,45,77,77,77,62,77,73,73,72,79,67,76,76,79,79,78,80,73,73,73,73,85,85,75,56,54,87,64,81,87,87,99,74],"gold":152,"neow_bonus":"","is_daily":false,"chose_seed":false,"campfire_upgraded":5,"win_rate":0.0,"timestamp":1610423695,"path_taken":["M","M","?","$","M","E","R","M","T","$","R","M","E","$","R","BOSS","M","?","?","?","?","E","R","M","T","E","R","M","?","E","R","BOSS","M","$","?","M","?","E","?","?","T","R","$","M","E","M","R","BOSS","R","$","E","BOSS"],"items_purchased_type":["Relic","Relic","Relic","Relic","Relic","Card","Relic","Relic","Card","Relic","Card","Potion","Relic","Relic","Relic","Relic","Relic","Relic","Relic","Card","Card","Card","Relic","Relic"],"build_version":"2020-12-22","purchased_purges":3,"victory":true,"max_hp_per_floor":[77,77,77,77,77,77,77,77,77,77,77,77,77,77,77,77,77,77,77,77,77,77,77,77,77,77,77,77,77,77,79,79,79,79,79,79,79,81,83,85,85,85,85,85,85,85,85,87,87,87,87,87,87,99,99],"card_choices":[{"not_picked":["Dodge and Roll","Prepared"],"picked":"Malaise","floor":0},{"not_picked":["Predator","Riddle With Holes"],"picked":"Backstab","floor":0},{"not_picked":["Deflect","Outmaneuver"],"picked":"Terror","floor":0},{"not_picked":["Dodge and Roll","Deflect"],"picked":"Poisoned Stab","floor":0},{"not_picked":["Cloak And Dagger","Dagger Spray","Noxious Fumes"],"picked":"SKIP","floor":1},{"not_picked":["Dodge and Roll","Bane"],"picked":"Footwork","floor":2},{"not_picked":["Flying Knee","Predator","Accuracy"],"picked":"SKIP","floor":5},{"not_picked":["Flying Knee","Phantasmal Killer"],"picked":"Poisoned Stab","floor":6},{"not_picked":["Blade Dance","Deflect","Dagger Throw"],"picked":"SKIP","floor":8},{"not_picked":["Accuracy","Slice"],"picked":"Blur","floor":12},{"not_picked":["Backflip","Outmaneuver","Acrobatics"],"picked":"SKIP","floor":13},{"not_picked":["Die Die Die","A Thousand Cuts"],"picked":"Corpse Explosion","floor":16},{"not_picked":["Masterful Stab","Acrobatics"],"picked":"Noxious Fumes+1","floor":18},{"not_picked":["Flying Knee","Choke+1"],"picked":"Backstab","floor":23},{"not_picked":["Cloak And Dagger+1","Dagger Throw","Prepared"],"picked":"SKIP","floor":25},{"not_picked":["Choke","Flechettes+1"],"picked":"PiercingWail","floor":27},{"not_picked":["Leg Sweep+1","PiercingWail+1"],"picked":"Backflip","floor":29},{"not_picked":["Dagger Throw+1","Distraction+1","Poisoned Stab"],"picked":"Singing Bowl","floor":31},{"not_picked":["A Thousand Cuts","Corpse Explosion"],"picked":"Wraith Form v2","floor":33},{"not_picked":["Dodge and Roll+1","Quick Slash"],"picked":"Deadly Poison+1","floor":35},{"not_picked":["Dagger Throw+1","Reflex+1","Prepared"],"picked":"Singing Bowl","floor":38},{"not_picked":["Outmaneuver","Blade Dance","Underhanded Strike+1"],"picked":"Singing Bowl","floor":39},{"not_picked":["Poisoned Stab","Dagger Spray","Deflect+1"],"picked":"Singing Bowl","floor":40},{"not_picked":["Backflip+1","Poisoned Stab+1"],"picked":"Envenom","floor":46},{"not_picked":["Prepared","Calculated Gamble+1"],"picked":"Outmaneuver+1","floor":47},{"not_picked":["Outmaneuver","Flying Knee+1","Reflex+1"],"picked":"Singing Bowl","floor":48},{"not_picked":["Doppelganger","Flechettes+1","Dodge and Roll+1"],"picked":"Singing Bowl","floor":54}],"player_experience":633411,"relics_obtained":[{"floor":6,"key":"White Beast Statue"},{"floor":9,"key":"Eternal Feather"},{"floor":13,"key":"Juzu Bracelet"},{"floor":20,"key":"Red Mask"},{"floor":23,"key":"MealTicket"},{"floor":23,"key":"Bronze Scales"},{"floor":27,"key":"Singing Bowl"},{"floor":27,"key":"Happy Flower"},{"floor":31,"key":"InkBottle"},{"floor":31,"key":"Bag of Marbles"},{"floor":39,"key":"Turnip"},{"floor":40,"key":"Nunchaku"},{"floor":40,"key":"Anchor"},{"floor":43,"key":"Pen Nib"},{"floor":47,"key":"Bag of Preparation"},{"floor":47,"key":"Lantern"},{"floor":54,"key":"Pear"},{"floor":54,"key":"Bottled Tornado"}],"event_choices":[{"damage_healed":0,"gold_gain":0,"player_choice":"Take Wound","damage_taken":0,"relics_obtained":["Golden Idol"],"max_hp_gain":0,"max_hp_loss":0,"event_name":"Golden Idol","floor":3,"gold_loss":0,"cards_obtained":["Injury"]},{"damage_healed":0,"gold_gain":0,"player_choice":"Fought Bandits","damage_taken":0,"max_hp_gain":0,"max_hp_loss":0,"event_name":"Masked Bandits","floor":20,"gold_loss":0},{"damage_healed":0,"gold_gain":0,"player_choice":"Read","damage_taken":0,"max_hp_gain":0,"max_hp_loss":0,"event_name":"The Library","floor":21,"gold_loss":0,"cards_obtained":["Bouncing Flask"]},{"damage_healed":0,"gold_gain":0,"cards_transformed":["Strike_G","Defend_G"],"player_choice":"Became Test Subject","damage_taken":0,"max_hp_gain":0,"max_hp_loss":0,"event_name":"Drug Dealer","floor":22,"gold_loss":0,"cards_obtained":["Prepared","Eviscerate"]},{"damage_healed":0,"gold_gain":0,"player_choice":"Ignored","damage_taken":0,"max_hp_gain":0,"max_hp_loss":0,"event_name":"Ghosts","floor":30,"gold_loss":0},{"damage_healed":0,"gold_gain":333,"player_choice":"Gave Idol","damage_taken":0,"max_hp_gain":0,"max_hp_loss":0,"event_name":"The Moai Head","floor":37,"relics_lost":["Golden Idol"],"gold_loss":0},{"damage_healed":0,"gold_gain":0,"player_choice":"Fight","damage_taken":0,"max_hp_gain":0,"max_hp_loss":0,"event_name":"MindBloom","floor":39,"gold_loss":0},{"cards_removed":["Eviscerate"],"damage_healed":0,"gold_gain":0,"player_choice":"Card Removal","damage_taken":0,"max_hp_gain":0,"max_hp_loss":0,"event_name":"Wheel of Change","floor":41,"gold_loss":0},{"damage_healed":0,"gold_gain":0,"player_choice":"Upgraded","damage_taken":0,"max_hp_gain":0,"max_hp_loss":0,"event_name":"Upgrade Shrine","floor":42,"gold_loss":0,"cards_upgraded":["Wraith Form v2"]}],"is_beta":false,"boss_relics":[{"not_picked":["Pandora\u0027s Box","Velvet Choker"],"picked":"Black Star"},{"not_picked":["SacredBark","Sozu"],"picked":"Empty Cage"}],"items_purged_floors":[0,14,45],"is_endless":false,"potions_floor_spawned":[2,6,8,12,13,16,18,20,23,25,27,29,31,33,35,38,39,40,46,47,48,54],"ascension_level":9}}