{"host":"yzi164syo8zv6plh","time":1610467180,"event":{"mods":["Arknights The Spire","BaseMod","Minty Spire (QoL Compilation)","StSLib"],"gold_per_floor":[111,111,36,36,136,163,176,176,176,202,202,231,51,129,129,226,226,246,258,258,173,187,187,220,231,254,267,142,162,162,173,173,276,276,293,309,329,278,278,278],"floor_reached":39,"playtime":1638,"items_purged":["ats:Strike C","ats:Strike G","ats:Strike V"],"score":469,"play_id":"f3392602-478d-4ec0-b821-25abd44f2bcc","local_time":"20210112235940","is_ascension_mode":false,"campfire_choices":[{"data":"ats:Emotion Absorption","floor":8.0,"key":"SMITH"},{"data":"ats:Armor Crushing Shot","floor":11.0,"key":"SMITH"},{"floor":15.0,"key":"RECALL"},{"data":"ats:Neurotoxin","floor":23.0,"key":"SMITH"},{"floor":30,"key":"REST"},{"data":"ats:Shadow Assault","floor":32,"key":"SMITH"}],"circlet_count":0,"master_deck":["ats:Strike S","ats:Armor Crushing Shot+1","ats:Defend","ats:Defend","ats:Defend","ats:Emotion Absorption+1","ats:Powerful Strike","ats:Magnetic Hammer","ats:Closed Bolt Burst Fire","ats:Leaping Hammer","ats:Curse Doll","ats:Composite Medical Shells","ats:Shadow Assault+1","ats:Overload+1","ats:Flexible Camouflage","ats:Neurotoxin+1","ats:Explosion Area Strengthen+1","ats:Rapid Magazine","ats:Hook Shot","ats:Calcification","ats:Part Time Job","ats:Hammer On"],"relics":["ats:Sanity","NeowsBlessing","Lizard Tail","ats:Originium","Calipers","CaptainsWheel","Vajra","Bottled Tornado","Velvet Choker","Dream Catcher","Ornamental Fan","Centennial Puzzle","SlaversCollar"],"acts_visited":["Exordium","TheCity","TheBeyond"],"potions_floor_usage":[24,37],"damage_taken":[{"damage":0.0,"enemies":"Cultist","floor":1.0,"turns":1.0},{"damage":0.0,"enemies":"Lagavulin","floor":6.0,"turns":1.0},{"damage":0.0,"enemies":"2 Louse","floor":7.0,"turns":1.0},{"damage":20.0,"enemies":"Gremlin Nob","floor":10.0,"turns":4.0},{"damage":0.0,"enemies":"Lagavulin","floor":12.0,"turns":4.0},{"damage":24.0,"enemies":"The Guardian","floor":16.0,"turns":12.0},{"damage":5.0,"enemies":"Spheric Guardian","floor":18.0,"turns":3.0},{"damage":10.0,"enemies":"3 Byrds","floor":19.0,"turns":3.0},{"damage":6.0,"enemies":"3 Cultists","floor":22.0,"turns":3.0},{"damage":45,"enemies":"Slavers","floor":24,"turns":6},{"damage":10,"enemies":"Cultist and Chosen","floor":25,"turns":3},{"damage":15,"enemies":"Snake Plant","floor":27,"turns":2},{"damage":4,"enemies":"Snecko","floor":29,"turns":4},{"damage":14,"enemies":"Centurion and Healer","floor":31,"turns":3},{"damage":59,"enemies":"Champ","floor":33,"turns":9},{"damage":6,"enemies":"3 Shapes","floor":35,"turns":3},{"damage":8,"enemies":"Orb Walker","floor":36,"turns":4},{"damage":38,"enemies":"Jaw Worm Horde","floor":37,"turns":2},{"damage":43,"enemies":"2 Orb Walkers","floor":39,"turns":4}],"seed_played":"2097068112941688733","potions_obtained":[{"floor":6.0,"key":"Swift Potion"},{"floor":7.0,"key":"BlessingOfTheForge"},{"floor":10.0,"key":"Energy Potion"},{"floor":18.0,"key":"Regen Potion"},{"floor":25,"key":"FairyPotion"},{"floor":35,"key":"ColorlessPotion"}],"is_trial":false,"path_per_floor":["M","?","$","?","?","E","M","R","T","E","R","E","$","T","R","B",null,"M","M","?","?","M","R","E","M","T","M","$","M","R","M","R","B",null,"M","M","M","$","?"],"character_chosen":"DOCTOR_CLASS","items_purchased":["ats:Composite Medical Shells","ats:Hammer On"],"campfire_rested":1,"item_purchase_floors":[13,38],"current_hp_per_floor":[72,54,54,47,47,47,47,47,47,27,27,27,27,27,27,3,72,67,57,44,44,38,38,8,38,38,23,23,19,42,28,28,18,77,72,65,27,27,0,0],"gold":278,"neow_bonus":"THREE_ENEMY_KILL","is_daily":false,"chose_seed":false,"campfire_upgraded":4,"win_rate":0.0,"timestamp":1610467180,"path_taken":["M","?","$","?","?","E","?","R","T","E","R","E","$","?","R","BOSS","M","M","?","?","M","R","E","M","T","M","$","M","R","M","R","BOSS","M","M","M","$","?"],"items_purchased_type":["Card","Card"],"build_version":"2020-12-22","purchased_purges":3,"victory":false,"max_hp_per_floor":[72,72,72,72,72,72,72,72,72,72,72,72,72,72,72,72,72,72,72,77,77,77,77,77,77,77,77,77,77,77,77,77,77,77,77,77,77,77,77,77],"card_choices":[{"not_picked":["ats:Revitalization","ats:Explosion Area Strengthen"],"picked":"ats:Powerful Strike","floor":1.0},{"not_picked":["ats:Encircling Forest","ats:True Silver Slash"],"picked":"ats:Magnetic Hammer","floor":6.0},{"not_picked":["ats:Collapsing Strike","ats:Very Hot Blade"],"picked":"ats:Closed Bolt Burst Fire","floor":7.0},{"not_picked":["ats:Shell Defense","ats:Mental Burst"],"picked":"ats:Leaping Hammer","floor":10.0},{"not_picked":["ats:Consecutive Shot Auto","ats:Automatic Cover"],"picked":"ats:Curse Doll","floor":12.0},{"not_picked":["ats:Dogmatic Field","ats:Volcano"],"picked":"ats:Shadow Assault","floor":16.0},{"not_picked":["ats:Poison Spread","ats:Powerful Strike"],"picked":"ats:Overload+1","floor":18.0},{"not_picked":["ats:Curse Doll","ats:Leaping Hammer"],"picked":"ats:Flexible Camouflage","floor":19.0},{"not_picked":["ats:Childhood Dance","ats:Composite Medical Shells+1"],"picked":"ats:Neurotoxin","floor":22.0},{"not_picked":["ats:Ignite","ats:Collapsing Strike","ats:Soul Rend"],"picked":"SKIP","floor":24},{"not_picked":["ats:Closed Bolt Burst Fire","ats:Revitalization"],"picked":"ats:Explosion Area Strengthen+1","floor":25},{"not_picked":["ats:Shell Defense","ats:Revitalization"],"picked":"ats:Rapid Magazine","floor":27},{"not_picked":["ats:Shell Defense+1","ats:Poison Spread","ats:Very Hot Blade"],"picked":"SKIP","floor":29},{"not_picked":["ats:Thorns","ats:Flame Of Heaven+1"],"picked":"ats:Hook Shot","floor":30},{"not_picked":["ats:Thorns","ats:Powerful Strike","ats:Red Shift"],"picked":"SKIP","floor":31},{"not_picked":["ats:Rat Pack","ats:Soul Rend"],"picked":"ats:Calcification","floor":33},{"not_picked":["ats:Leaping Hammer+1","ats:Collapsing Strike","ats:Very Hot Blade"],"picked":"SKIP","floor":35},{"not_picked":["ats:Hook Shot","ats:Guardian Obelisk"],"picked":"ats:Part Time Job","floor":36},{"not_picked":["ats:Flexible Camouflage+1","ats:Poison Spread+1","ats:Explosion Area Strengthen+1"],"picked":"SKIP","floor":37}],"player_experience":265485,"relics_obtained":[{"floor":6.0,"key":"ats:Originium"},{"floor":6.0,"key":"Calipers"},{"floor":10.0,"key":"ats:Originium"},{"floor":10.0,"key":"CaptainsWheel"},{"floor":12.0,"key":"ats:Originium"},{"floor":12.0,"key":"Vajra"},{"floor":14.0,"key":"Bottled Tornado"},{"floor":24,"key":"Ornamental Fan"},{"floor":26,"key":"Centennial Puzzle"}],"event_choices":[{"damage_healed":0.0,"max_hp_gain":0.0,"max_hp_loss":0.0,"gold_gain":0.0,"event_name":"Scrap Ooze","player_choice":"Success","floor":2.0,"gold_loss":0.0,"damage_taken":18.0,"relics_obtained":["Lizard Tail"]},{"cards_removed":["ats:Defend"],"damage_healed":0.0,"max_hp_gain":0.0,"max_hp_loss":0.0,"gold_gain":0.0,"event_name":"Golden Wing","player_choice":"Card Removal","floor":4.0,"gold_loss":0.0,"damage_taken":7.0},{"damage_healed":0.0,"max_hp_gain":0.0,"max_hp_loss":0.0,"gold_gain":100.0,"event_name":"Golden Shrine","player_choice":"Pray","floor":5.0,"gold_loss":0.0,"damage_taken":0.0},{"damage_healed":0.0,"max_hp_gain":5.0,"max_hp_loss":0.0,"gold_gain":0.0,"event_name":"Forgotten Altar","player_choice":"Shed Blood","floor":20.0,"gold_loss":0.0,"damage_taken":18.0},{"damage_healed":0.0,"max_hp_gain":0.0,"max_hp_loss":0.0,"gold_gain":0.0,"event_name":"Addict","player_choice":"Obtained Relic","floor":21.0,"gold_loss":85.0,"damage_taken":0.0,"relics_obtained":["Dream Catcher"]},{"damage_healed":0,"gold_gain":0,"player_choice":"Fight","damage_taken":0,"max_hp_gain":0,"max_hp_loss":0,"event_name":"Mysterious Sphere","floor":39,"gold_loss":0}],"is_beta":false,"boss_relics":[{"not_picked":["Fusion Hammer","ats:Tactical Delivery"],"picked":"Velvet Choker"},{"not_picked":["Snecko Eye","Philosopher\u0027s Stone"],"picked":"SlaversCollar"}],"items_purged_floors":[3,13,28],"is_endless":false,"potions_floor_spawned":[6,7,10,18,25,27,35],"killed_by":"2 Orb Walkers","ascension_level":0}}