{"host":"4np54w3ai1r5lqo1","time":1610470403,"event":{"mods":["BaseMod","Colored Map","Minty Spire (QoL Compilation)","Quick Restart"],"gold_per_floor":[117,135,135,155,155,155,185,217,255,267,292,321,333,333],"floor_reached":13,"playtime":457,"items_purged":[],"score":113,"play_id":"1c026179-5d32-40ed-8360-56cf63ec4085","local_time":"20210112145323","is_ascension_mode":true,"campfire_choices":[{"data":"Streamline","floor":6,"key":"SMITH"},{"data":"Redo","floor":10,"key":"SMITH"}],"circlet_count":0,"master_deck":["Strike_B","Strike_B","Strike_B","Strike_B","Defend_B+1","Defend_B+1","Defend_B","Defend_B","Zap","Dualcast","CurseOfTheBell","Defragment","Streamline+1","Redo+1","Loop","Gash+1","Conserve Battery"],"relics":["Calling Bell","DataDisk","Question Card","Torii","Molten Egg 2","The Courier","MawBank","War Paint"],"acts_visited":["Exordium"],"potions_floor_usage":[7,8,12],"damage_taken":[{"damage":1,"enemies":"Cultist","floor":1,"turns":4},{"damage":8,"enemies":"2 Louse","floor":2,"turns":4},{"damage":2,"enemies":"Jaw Worm","floor":4,"turns":4},{"damage":26,"enemies":"3 Sentries","floor":7,"turns":9},{"damage":2,"enemies":"Gremlin Gang","floor":8,"turns":4},{"damage":17,"enemies":"Looter","floor":11,"turns":4},{"damage":0,"enemies":"Exordium Thugs","floor":12,"turns":6},{"damage":15,"enemies":"Lagavulin","floor":13,"turns":4}],"seed_played":"5468235639195080076","potions_obtained":[{"floor":2,"key":"Energy Potion"},{"floor":7,"key":"Fire Potion"},{"floor":11,"key":"SkillPotion"}],"is_trial":false,"path_per_floor":["M","M","T","M","?","R","E","M","T","R","M","M","E"],"character_chosen":"DEFECT","items_purchased":[],"campfire_rested":0,"item_purchase_floors":[],"current_hp_per_floor":[67,59,59,57,50,50,24,22,22,22,5,5,0,0],"gold":333,"neow_bonus":"BOSS_RELIC","is_daily":false,"chose_seed":false,"campfire_upgraded":2,"win_rate":0.0,"timestamp":1610470403,"path_taken":["M","M","?","M","?","R","E","?","T","R","?","M","E"],"items_purchased_type":[],"build_version":"2020-12-22","purchased_purges":0,"victory":false,"max_hp_per_floor":[75,75,75,75,75,75,75,75,75,75,75,75,75,75],"card_choices":[{"not_picked":["Barrage","Force Field","Heatsinks"],"picked":"Defragment","floor":1},{"not_picked":["FTL","Force Field","Sweeping Beam"],"picked":"Streamline","floor":2},{"not_picked":["Defragment","Steam","Hello World"],"picked":"Redo","floor":4},{"not_picked":["Blizzard+1","Creative AI","Rebound+1"],"picked":"Loop","floor":7},{"not_picked":["Chill","Storm","Rebound+1"],"picked":"Gash+1","floor":8},{"not_picked":["Hologram","Redo","Double Energy"],"picked":"Conserve Battery","floor":11},{"not_picked":["Redo","Static Discharge","Double Energy","Defragment"],"picked":"SKIP","floor":12}],"player_experience":486186,"relics_obtained":[{"floor":0,"key":"DataDisk"},{"floor":0,"key":"Question Card"},{"floor":0,"key":"Torii"},{"floor":3,"key":"Molten Egg 2"},{"floor":7,"key":"MawBank"},{"floor":9,"key":"War Paint"}],"event_choices":[{"damage_healed":0,"gold_gain":0,"player_choice":"Success","damage_taken":7,"relics_obtained":["The Courier"],"max_hp_gain":0,"max_hp_loss":0,"event_name":"Scrap Ooze","floor":5,"gold_loss":0}],"is_beta":false,"boss_relics":[],"items_purged_floors":[],"is_endless":false,"potions_floor_spawned":[2,7,11],"killed_by":"Lagavulin","ascension_level":6}}