{"host":"bxdue9bkfm2khp2x","time":1610448677,"event":{"mods":["ATMod(阿瑾Mod)","Aspiration","BaseMod","Better Vampires","Challenge The Spire","Colored Map","Colored Powertips","Conspire","Decade(王小明)","Dota2Spire","Highlight Path","Minty Spire (QoL Compilation)","MostiFishMod","Remilia（蕾米莉亚）","Replay The Spire","RumiaBox-露米娅的神秘盒子","Ryuuou龙王","Spicy Shops","StSLib","Td1madao Mod","The Alterego","The Bug Knight","The Cursed","The Servant 0.9.4","WarShipGirlsR/战舰少女R mod","noobMod","vexMod","【功能Mod】混沌之环修复补丁","【遗物卡牌】REMEMod","篝火指南"],"gold_per_floor":[118,133,208,218,143,143,43,54,54,72,72,98,98,98,98,176,176,187,187,198,73,123,123,153,153,180,30,101,114,128,163,163,237,237,257,282,296,296,311,311,346,362,435,470,470,72,86,101,101,101,101],"floor_reached":52,"playtime":11901,"items_purged":["alterego_mod:Impale","alterego_mod:BigMeatyClaws","AT_ShrugMaster","alterego_mod:Defend","alterego_mod:Strike"],"score":1990,"play_id":"51f49c3d-d3eb-4c0d-92bf-fddf4a605da0","local_time":"20210112185117","is_ascension_mode":true,"campfire_choices":[{"data":"Echo Form","floor":6.0,"key":"SMITH"},{"data":"alterego_mod:ChallengeComplete","floor":11.0,"key":"SMITH"},{"data":"alterego_mod:ChallengeComplete","floor":13.0,"key":"SMITH"},{"data":"alterego_mod:BrynhildrsRune","floor":15.0,"key":"SMITH"},{"data":"alterego_mod:Nekomimi","floor":23.0,"key":"SMITH"},{"data":"alterego_mod:Rake","floor":25.0,"key":"SMITH"},{"data":"alterego_mod:MagicResistance","floor":32.0,"key":"SMITH"},{"data":"alterego_mod:BiFurious","floor":40,"key":"SMITH"},{"data":"alterego_mod:Mirror","floor":45,"key":"SMITH"},{"data":"alterego_mod:Rip","floor":49,"key":"SMITH"}],"circlet_count":0,"master_deck":["AscendersBane","alterego_mod:Strike","alterego_mod:Strike","alterego_mod:Strike","alterego_mod:Defend","alterego_mod:Defend","alterego_mod:Defend","alterego_mod:BrynhildrsRune+1","Echo Form+1","alterego_mod:Undulate","alterego_mod:ChallengeComplete+1","alterego_mod:ChallengeComplete+1","alterego_mod:Rake+1","alterego_mod:ClassAdvantage+1","alterego_mod:Nekomimi+1","alterego_mod:MagicResistance+1","alterego_mod:Valkyrie","alterego_mod:Pet+1","alterego_mod:Mirror+1","Echo Form+1","alterego_mod:BiFurious+1","alterego_mod:Rip+1","alterego_mod:MagicResistance+1"],"relics":["alterego_mod:MasochisticConstitution","DaveBox","REME_ComplimentaryCards","ice","AT_ATBox","EGODaCapo","SynthV:TestCard","WingedGreaves","Turnip","RhineSuit","Pen Nib","PreservedInsect","CaptainsWheel","Dream Catcher","conspire:Boomerang","Replay:Rubber Ducky","Replay:WaspNest","Calipers","MoreBug","vexMod:MemoryStick"],"acts_visited":["Exordium","TheCity","TheBeyond"],"potions_floor_usage":[42,50],"damage_taken":[{"damage":4.0,"enemies":"2 Louse","floor":1.0,"turns":8.0},{"damage":0.0,"enemies":"Jaw Worm","floor":2.0,"turns":9.0},{"damage":2.0,"enemies":"Cultist","floor":4.0,"turns":5.0},{"damage":6.0,"enemies":"2 Fungi Beasts","floor":8.0,"turns":5.0},{"damage":9.0,"enemies":"Red Slaver","floor":10.0,"turns":10.0},{"damage":6.0,"enemies":"HollowMod:MossKnight","floor":12.0,"turns":23.0},{"damage":0.0,"enemies":"Hexaghost","floor":16.0,"turns":8.0},{"damage":0.0,"enemies":"Chosen","floor":18.0,"turns":6.0},{"damage":0.0,"enemies":"Snake Plant","floor":20.0,"turns":8.0},{"damage":0.0,"enemies":"REME_1_Revenger","floor":24.0,"turns":9.0},{"damage":11.0,"enemies":"Slavers","floor":28.0,"turns":7.0},{"damage":2.0,"enemies":"Centurion and Healer","floor":29.0,"turns":7.0},{"damage":0.0,"enemies":"conspire:HollyBat","floor":30.0,"turns":8.0},{"damage":3.0,"enemies":"REME_1_Revenger","floor":31.0,"turns":6.0},{"damage":6.0,"enemies":"conspire:MysteriousRune","floor":33.0,"turns":15.0},{"damage":0.0,"enemies":"3 Shapes","floor":35.0,"turns":8.0},{"damage":15.0,"enemies":"Mind Bloom Boss Battle","floor":36.0,"turns":9.0},{"damage":8.0,"enemies":"3 Darklings","floor":37.0,"turns":10.0},{"damage":5,"enemies":"Writhing Mass","floor":39,"turns":5},{"damage":12,"enemies":"Giant Head","floor":41,"turns":8},{"damage":6,"enemies":"4 Shapes","floor":42,"turns":7},{"damage":5,"enemies":"Nemesis","floor":44,"turns":7},{"damage":1,"enemies":"Maw","floor":47,"turns":6},{"damage":12,"enemies":"3 Darklings","floor":48,"turns":5},{"damage":22,"enemies":"conspire:OrnateMirror","floor":50,"turns":10},{"damage":17,"enemies":"Awakened One","floor":51,"turns":12}],"seed_played":"-620110490927252630","potions_obtained":[{"floor":4.0,"key":"Elixir"},{"floor":12.0,"key":"ColorlessPotion"},{"floor":18.0,"key":"ColorlessPotion"},{"floor":30.0,"key":"Explosive Potion"},{"floor":33.0,"key":"LifebloodPotion"},{"floor":36.0,"key":"Flashbang"},{"floor":39,"key":"Explosive Potion"},{"floor":41,"key":"Energy Potion"},{"floor":48,"key":"Flashbang"}],"is_trial":false,"path_per_floor":["M","M","?","M","$","R","$","M","T","M","R","E","R","$","R","B",null,"M","?","M","$","?","R","E","R","T","$","E","M","M","E","R","B",null,"M","?","M","?","M","R","E","M","T","E","R","$","M","M","R","B","B",null],"character_chosen":"The_Alterego","items_purchased":["MoreBug","vexMod:MemoryStick"],"campfire_rested":0,"item_purchase_floors":[46,46],"current_hp_per_floor":[63,66,55,54,54,54,54,63,63,62,62,70,70,70,70,70,70,70,70,70,70,63,63,70,70,70,70,67,72,72,73,73,74,74,74,67,76,76,72,72,68,79,79,80,80,80,81,82,82,83,84],"gold":101,"neow_bonus":"THREE_CARDS","is_daily":false,"chose_seed":false,"campfire_upgraded":10,"win_rate":0.0,"timestamp":1610448677,"path_taken":["M","M","?","M","?","R","?","?","T","M","R","E","R","$","R","BOSS","M","?","?","$","?","R","E","R","T","$","E","M","?","E","R","BOSS","M","?","M","?","M","R","E","?","T","E","R","$","M","M","R","BOSS","BOSS"],"items_purchased_type":["Relic","Relic"],"build_version":"2020-12-22","purchased_purges":5,"victory":true,"max_hp_per_floor":[66,66,66,67,67,67,67,68,68,69,69,70,70,70,70,70,70,70,70,70,70,70,70,70,70,70,70,71,72,72,73,73,74,74,74,75,76,76,77,77,78,79,79,80,80,80,81,82,82,83,84],"card_choices":[{"not_picked":["alterego_mod:Maid","alterego_mod:Jiggle","alterego_mod:RidiculouslyBig"],"picked":"SKIP","floor":1.0},{"not_picked":["alterego_mod:HighServant","alterego_mod:BusterCard","alterego_mod:Jiggle","alterego_mod:TrashNCrash","alterego_mod:Maid"],"picked":"SKIP","floor":2.0},{"not_picked":["alterego_mod:PerceptionDisorder","alterego_mod:Nekomimi","alterego_mod:GoddessCore","alterego_mod:VirginLaserPalladion"],"picked":"alterego_mod:Undulate","floor":4.0},{"not_picked":["alterego_mod:DiscoLights","alterego_mod:Lingerie","alterego_mod:SakuraPetals","alterego_mod:Jiggle"],"picked":"alterego_mod:ChallengeComplete","floor":8.0},{"not_picked":["alterego_mod:SuperDuperMasochism","alterego_mod:Clones","alterego_mod:BiFurious","alterego_mod:BustOut"],"picked":"alterego_mod:ChallengeComplete","floor":10.0},{"not_picked":["alterego_mod:Lift","alterego_mod:BiFurious","alterego_mod:Complex","alterego_mod:SuperDuperMasochism"],"picked":"alterego_mod:Rake","floor":12.0},{"not_picked":["alterego_mod:Palingenesis","alterego_mod:RingBreak","alterego_mod:Lift","alterego_mod:Alter"],"picked":"alterego_mod:ClassAdvantage","floor":16.0},{"not_picked":["alterego_mod:Swimsuit","alterego_mod:Birthday","alterego_mod:Crossover","alterego_mod:Pet","alterego_mod:HighServant"],"picked":"SKIP","floor":18.0},{"not_picked":["alterego_mod:Complex","alterego_mod:GoddessCore+1","alterego_mod:Punishment","alterego_mod:Clones"],"picked":"alterego_mod:Nekomimi","floor":20.0},{"not_picked":["alterego_mod:SakuraFive","alterego_mod:GachaTicket","alterego_mod:Undulate","alterego_mod:Bunnysuit+1","alterego_mod:Cooking"],"picked":"SKIP","floor":24.0},{"not_picked":["alterego_mod:BeGentle","alterego_mod:Bunnysuit","alterego_mod:HighServant","alterego_mod:Punishment","alterego_mod:Collar"],"picked":"SKIP","floor":28.0},{"not_picked":["alterego_mod:Bloomers","alterego_mod:Birthday","alterego_mod:Pet","alterego_mod:Rip"],"picked":"alterego_mod:MagicResistance","floor":29.0},{"not_picked":["alterego_mod:Vow","alterego_mod:Swimsuit","alterego_mod:BiFurious","alterego_mod:Exercise","alterego_mod:Maid+1"],"picked":"SKIP","floor":30.0},{"not_picked":["alterego_mod:Clap","alterego_mod:MagicResistance","alterego_mod:Maid","alterego_mod:SuperDuperMasochism","alterego_mod:Santa"],"picked":"SKIP","floor":31.0},{"not_picked":["alterego_mod:Antipathy","alterego_mod:Vow","alterego_mod:GIGAMILK","alterego_mod:STier"],"picked":"alterego_mod:Valkyrie","floor":33.0},{"not_picked":["alterego_mod:BoobPocket","alterego_mod:BreastValley+1","alterego_mod:RocketPunch","alterego_mod:Skirt","alterego_mod:Crossover+1"],"picked":"SKIP","floor":35.0},{"not_picked":["alterego_mod:Cooking+1","alterego_mod:Clap","alterego_mod:SakuraPetals","alterego_mod:MagicResistance+1"],"picked":"alterego_mod:Pet+1","floor":36.0},{"not_picked":["alterego_mod:Nekomimi","alterego_mod:DiscoLights","alterego_mod:BiFurious+1","alterego_mod:DeftHands"],"picked":"alterego_mod:Mirror","floor":37.0},{"not_picked":["alterego_mod:Undulate","alterego_mod:Skirt+1","alterego_mod:Pet+1","alterego_mod:Complex"],"picked":"alterego_mod:BiFurious","floor":39},{"not_picked":["alterego_mod:Mirror+1","alterego_mod:Tantrum","alterego_mod:MaintainEyeContact","alterego_mod:GoddessCore"],"picked":"alterego_mod:Rip","floor":41},{"not_picked":["alterego_mod:Undulate","alterego_mod:Birthday+1","alterego_mod:PurpleHair","alterego_mod:BreastValley","alterego_mod:MaintainEyeContact"],"picked":"SKIP","floor":42},{"not_picked":["alterego_mod:Cooking+1","alterego_mod:Skirt+1","alterego_mod:BeGentle","alterego_mod:Smother","alterego_mod:Punishment"],"picked":"SKIP","floor":44},{"not_picked":["alterego_mod:Rip","alterego_mod:MaintainEyeContact+1","alterego_mod:GoddessCore","alterego_mod:BiFurious"],"picked":"alterego_mod:MagicResistance+1","floor":47},{"not_picked":["alterego_mod:1TonWallop","alterego_mod:InsideBaseball","alterego_mod:HighServant+1","alterego_mod:Clones","alterego_mod:Birthday"],"picked":"SKIP","floor":48}],"player_experience":1216410,"relics_obtained":[{"floor":1.0,"key":"SynthV:TestCard"},{"floor":9.0,"key":"WingedGreaves"},{"floor":12.0,"key":"Turnip"},{"floor":24.0,"key":"Pen Nib"},{"floor":26.0,"key":"PreservedInsect"},{"floor":28.0,"key":"CaptainsWheel"},{"floor":31.0,"key":"Dream Catcher"},{"floor":36.0,"key":"conspire:Boomerang"},{"floor":41,"key":"Replay:Rubber Ducky"},{"floor":43,"key":"Replay:WaspNest"},{"floor":44,"key":"Calipers"}],"event_choices":[{"damage_healed":0.0,"max_hp_gain":0.0,"max_hp_loss":0.0,"gold_gain":75.0,"event_name":"World of Goop","player_choice":"Gather Gold","floor":3.0,"gold_loss":0.0,"damage_taken":11.0},{"damage_healed":0.0,"max_hp_gain":0.0,"max_hp_loss":0.0,"gold_gain":0.0,"event_name":"Upgrade Shrine","player_choice":"Upgraded","floor":19.0,"gold_loss":0.0,"damage_taken":0.0,"cards_upgraded":["alterego_mod:ClassAdvantage"]},{"damage_healed":0.0,"max_hp_gain":0.0,"max_hp_loss":0.0,"gold_gain":50.0,"event_name":"FaceTrader","player_choice":"Touch","floor":22.0,"gold_loss":0.0,"damage_taken":7.0},{"damage_healed":0.0,"max_hp_gain":0.0,"max_hp_loss":0.0,"gold_gain":0.0,"event_name":"MindBloom","player_choice":"Fight","floor":36.0,"gold_loss":0.0,"damage_taken":0.0},{"damage_healed":0.0,"max_hp_gain":0.0,"max_hp_loss":0.0,"gold_gain":0.0,"event_name":"Duplicator","player_choice":"Copied","floor":38.0,"gold_loss":0.0,"damage_taken":0.0,"cards_obtained":["Echo Form"]}],"is_beta":false,"boss_relics":[{"not_picked":["Tiny House","Fusion Hammer"],"picked":"RhineSuit"},{"not_picked":["vexMod:MysteryBossChallenge","Replay:Bronze Core","Busted Crown"]}],"items_purged_floors":[5,7,21,27,46],"is_endless":false,"potions_floor_spawned":[4,12,18,20,30,31,33,36,39,41,48],"ascension_level":20}}