{"host":"llhd11jd6h92zheo","time":1610451172,"event":{"mods":["Act Like it!","BaseMod","Chen","Friendly Minions","Mari Mod (Legacy)","Mari\u0027s V1 Patch","Marisa£®ÏF”Í°°ƒß¿Ì…≥£©","Minty Spire (QoL Compilation)","Quick Restart","Reimu£®≤©¿ˆ¡È√Œ£©","Relic Stats","Replay The Spire","StSLib","The Alterego","The Bug Knight","The Marked","The Servant 0.9.4","UnlockEverythingMod","Yohane!","Yuri Mod","vexMod","°æ“≈ŒÔø®≈∆°øREMEMod"],"gold_per_floor":[119,8367,8367,8377,8077,8077,7646,7680,7680,6742,6742,6742,6742,6773,6773,6868,6868,6868,6868,6432,5792,5033,5033,5033,5033,5033,5033,5033,5033,5033,5033,5033,5033,5033,5033,4723,4723,4723,4723,4723,4220,4220,4220,3913,3913,3913,3913,3913,3913,3913,3913,3913],"floor_reached":51,"playtime":3954,"items_purged":["HollowMod:PerfectDash","HollowMod:CornifersMapStart","HollowMod:ChannelNail"],"score":768,"play_id":"86bc2210-148c-4713-8e48-ec5b61bc71eb","local_time":"20210112193252","daily_mods":["SealedDeck","Heirloom","Flight"],"is_ascension_mode":true,"campfire_choices":[{"data":"Limit Break","floor":6.0,"key":"SMITH"},{"data":"REME_AllRoundStrike","floor":11.0,"key":"SMITH"},{"data":"HollowMod:NewLastStag","floor":12.0,"key":"SMITH"},{"data":"alterego_mod:Nekomimi","floor":13.0,"key":"SMITH"},{"data":"HollowMod:Hiveblood","floor":15.0,"key":"SMITH"},{"data":"HollowMod:LifebloodCore","floor":24,"key":"SMITH"},{"data":"Madness","floor":27,"key":"SMITH"},{"data":"1","floor":30,"key":"LIFT"},{"data":"2","floor":32,"key":"LIFT"},{"data":"HollowMod:PureVessel","floor":45,"key":"SMITH"},{"floor":46,"key":"REST"},{"data":"3","floor":49,"key":"LIFT"}],"circlet_count":0,"master_deck":["alterego_mod:Nekomimi+1","alterego_mod:BiFurious","HollowMod:DashSlash","alterego_mod:Clones+1","HollowMod:CycloneSlash+1","alterego_mod:ChallengeComplete","HollowMod:CloakDash","Limit Break+1","alterego_mod:Birthday","Flash of Steel","HollowMod:NewLastStag+1","HollowMod:Hiveblood+1","REME_AllRoundStrike+1","alterego_mod:TrickOrTreatment+1","Madness+1","HollowMod:LifebloodCore+1","HollowMod:Weaversong","alterego_mod:Rip+1","alterego_mod:Rip","alterego_mod:ChallengeComplete+1","HollowMod:PureVessel+1","alterego_mod:BusterCard+1"],"relics":["HollowMod:VesselMask","REME_ComplimentaryCards","Prayer Wheel","Happy Flower","Replay:Wax Seal","Chemical X","vexMod:HeadHunter","Toolbox","ReplayTheSpireMod:Shallot","Girya","Torii","Sling","Pantograph","Ectoplasm","Pear","Ornamental Fan","Garlic","Guide Book","Durian","Tiny Chest","Frozen Eye","HollowMod:LifeEnderRelic","PreservedInsect","TentaclePot:ReiMu","Pen Nib","Divine Protection","vexMod:PlasmaPancake","ReplayFunnel","Vajra","Bronze Scales","Anchor","vexMod:RetaliationKit","Gremlin Food","REME_CardOfGreed","Golden Egg"],"acts_visited":["Exordium","TheCity","TheBeyond","Exordium"],"potions_floor_usage":[16,39],"damage_taken":[{"damage":0.0,"enemies":"Small Slimes","floor":1.0,"turns":3.0},{"damage":0.0,"enemies":"Cultist","floor":4.0,"turns":3.0},{"damage":4.0,"enemies":"3 Sentries","floor":8.0,"turns":4.0},{"damage":10.0,"enemies":"Lagavulin","floor":14.0,"turns":3.0},{"damage":36,"enemies":"Hexaghost","floor":16,"turns":7},{"damage":0,"enemies":"Spheric Guardian","floor":18,"turns":3},{"damage":1,"enemies":"Chosen","floor":19,"turns":4},{"damage":15,"enemies":"Book of Stabbing","floor":23,"turns":4},{"damage":1,"enemies":"Slavers","floor":25,"turns":4},{"damage":13,"enemies":"Automaton","floor":33,"turns":5},{"damage":0,"enemies":"3 Shapes","floor":35,"turns":4},{"damage":0,"enemies":"Mind Bloom Boss Battle","floor":39,"turns":4},{"damage":0,"enemies":"Giant Head","floor":40,"turns":4},{"damage":0,"enemies":"R_Hoarder","floor":42,"turns":4},{"damage":7,"enemies":"Replay:Hell Engine","floor":50,"turns":7}],"seed_played":"4064800613179534026","potions_obtained":[{"floor":4.0,"key":"Strength Potion"},{"floor":8.0,"key":"Adrenaline Potion"},{"floor":18,"key":"ColorlessPotion"},{"floor":33,"key":"Adrenaline Potion"},{"floor":39,"key":"Fruit Juice"},{"floor":50,"key":"LiquidMemories"}],"is_trial":true,"path_per_floor":["M","$","?","M","?","R","$","E","T","$","R","R","R","E","R","B",null,"M","M","$","$","$","E","R","E","T","R","?","?","R","?","R","B",null,"M","$","T","?","?","E","$","E","T","$","R","R","?","T","R","B",null],"character_chosen":"THE_BUGKNIGHT","items_purchased":["alterego_mod:Birthday","Flash of Steel","Happy Flower","Replay:Wax Seal","Chemical X","vexMod:HeadHunter","Toolbox","REME_AllRoundStrike","Girya","Torii","Sling","Madness","Pear","Ornamental Fan","Garlic","Guide Book","Durian","Tiny Chest","Frozen Eye","HollowMod:LifebloodCore","TentaclePot:ReiMu","Pen Nib","Vajra","Bronze Scales","alterego_mod:BusterCard","Gremlin Food","REME_CardOfGreed"],"campfire_rested":1,"item_purchase_floors":[2,2,2,2,2,7,7,10,10,10,10,20,20,21,21,21,22,22,22,22,36,36,41,41,41,44,44],"current_hp_per_floor":[75,75,75,75,75,75,75,71,71,71,71,71,71,72,72,68,75,75,75,85,85,90,86,86,87,87,87,87,87,87,87,87,90,90,90,90,90,90,101,101,101,101,101,101,101,101,101,101,101,101,101,101],"gold":3913,"neow_bonus":"","is_daily":false,"chose_seed":false,"campfire_upgraded":8,"win_rate":0.0,"timestamp":1610451172,"path_taken":["M","$","?","?","?","R","$","E","T","?","R","R","R","E","R","BOSS","M","?","$","$","$","E","R","E","T","R","?","?","R","?","R","BOSS","M","$","?","?","?","E","$","E","T","$","R","R","?","?","R","BOSS"],"items_purchased_type":["Card","Card","Relic","Relic","Relic","Relic","Relic","Card","Relic","Relic","Relic","Card","Relic","Relic","Relic","Relic","Relic","Relic","Relic","Card","Relic","Relic","Relic","Relic","Card","Relic","Relic"],"build_version":"2020-12-22","purchased_purges":3,"victory":false,"max_hp_per_floor":[75,75,75,75,75,75,75,75,75,75,75,75,75,75,75,75,75,75,75,85,85,90,90,90,90,90,90,90,90,90,90,90,90,90,90,90,90,90,101,101,101,101,101,101,101,101,101,101,101,101,101,101],"relic_stats":{"Happy Flower":[20],"Torii":5,"counters":[15,63],"PreservedInsect":200,"Pen Nib":[3],"Ornamental Fan":[36],"Pantograph":6,"Bronze Scales":[19],"Prayer Wheel":5,"Tiny Chest":2,"Ectoplasm":412,"Chemical X":[1],"obtain_stats":[{"ReplayFunnel":40,"Divine Protection":37,"vexMod:PlasmaPancake":39,"Golden Egg":48,"Torii":10,"Vajra":41,"HollowMod:VesselMask":0,"Sling":10,"Frozen Eye":22,"Pantograph":14,"Toolbox":7,"Prayer Wheel":0,"Tiny Chest":22,"Chemical X":2,"Replay:Wax Seal":2,"vexMod:RetaliationKit":43,"Gremlin Food":44,"Girya":10,"Pear":20,"HollowMod:LifeEnderRelic":23,"Happy Flower":2,"Guide Book":21,"TentaclePot:ReiMu":36,"PreservedInsect":25,"Pen Nib":36,"Anchor":42,"ReplayTheSpireMod:Shallot":9,"Ornamental Fan":21,"vexMod:HeadHunter":7,"Bronze Scales":41,"Ectoplasm":17,"Garlic":21,"Durian":22,"REME_CardOfGreed":44,"REME_ComplimentaryCards":0},{"ReplayFunnel":13,"Divine Protection":11,"vexMod:PlasmaPancake":12,"Golden Egg":14,"Torii":3,"Vajra":13,"HollowMod:VesselMask":0,"Sling":3,"Frozen Eye":7,"Pantograph":4,"Toolbox":2,"Prayer Wheel":0,"Tiny Chest":7,"Chemical X":1,"Replay:Wax Seal":1,"vexMod:RetaliationKit":14,"Gremlin Food":14,"Girya":3,"Pear":7,"HollowMod:LifeEnderRelic":8,"Happy Flower":1,"Guide Book":7,"TentaclePot:ReiMu":11,"PreservedInsect":9,"Pen Nib":11,"Anchor":14,"ReplayTheSpireMod:Shallot":3,"Ornamental Fan":7,"vexMod:HeadHunter":2,"Bronze Scales":13,"Ectoplasm":5,"Garlic":7,"Durian":7,"REME_CardOfGreed":14,"REME_ComplimentaryCards":0},{"ReplayFunnel":52,"Divine Protection":44,"vexMod:PlasmaPancake":48,"Golden Egg":56,"Torii":10,"Vajra":52,"HollowMod:VesselMask":0,"Sling":10,"Frozen Eye":27,"Pantograph":13,"Toolbox":6,"Prayer Wheel":0,"Tiny Chest":27,"Chemical X":3,"Replay:Wax Seal":3,"vexMod:RetaliationKit":56,"Gremlin Food":56,"Girya":10,"Pear":27,"HollowMod:LifeEnderRelic":31,"Happy Flower":3,"Guide Book":27,"TentaclePot:ReiMu":44,"PreservedInsect":35,"Pen Nib":44,"Anchor":56,"ReplayTheSpireMod:Shallot":10,"Ornamental Fan":27,"vexMod:HeadHunter":6,"Bronze Scales":52,"Ectoplasm":20,"Garlic":27,"Durian":27,"REME_CardOfGreed":56,"REME_ComplimentaryCards":0}]},"card_choices":[{"not_picked":["alterego_mod:Bunnysuit","alterego_mod:Punishment","HollowMod:SoulStrike"],"picked":"SKIP","floor":1.0},{"not_picked":["HollowMod:LifebloodCocoon","alterego_mod:Mirror","HollowMod:SoulShaman"],"picked":"SKIP","floor":1.0},{"not_picked":["alterego_mod:TrashNCrash","HollowMod:DescendingDark","alterego_mod:DiscoLights"],"picked":"SKIP","floor":4.0},{"not_picked":["alterego_mod:Cooking","HollowMod:ElderbugsWisdom","HollowMod:GrimmsGift"],"picked":"SKIP","floor":4.0},{"not_picked":["HollowMod:AwokenDreamNail","HollowMod:ElderbugsWisdom"],"picked":"HollowMod:Hiveblood","floor":8.0},{"not_picked":["HollowMod:InfectionAssault","alterego_mod:Punishment","HollowMod:DesolateDive"],"picked":"SKIP","floor":8.0},{"not_picked":["HollowMod:theNailsmith","HollowMod:HerrahsAnger","HollowMod:ZotesMagnificence"],"picked":"SKIP","floor":14.0},{"not_picked":["HollowMod:InfectionAssault","HollowMod:VengefulSpirit","HollowMod:DoubleDash"],"picked":"SKIP","floor":14.0},{"not_picked":["alterego_mod:InsideBaseball","alterego_mod:RingBreak"],"picked":"alterego_mod:TrickOrTreatment","floor":16},{"not_picked":["alterego_mod:Cycle","HollowMod:QuirrelsAssistance+1","alterego_mod:HighServant+1"],"picked":"SKIP","floor":18},{"not_picked":["HollowMod:HeavyBlow","alterego_mod:MagicResistance","alterego_mod:DustData"],"picked":"SKIP","floor":18},{"not_picked":["HollowMod:NewLittleFool","HollowMod:BlackTendrils","alterego_mod:Collar"],"picked":"SKIP","floor":19},{"not_picked":["HollowMod:NewLittleFool","alterego_mod:Swimsuit","HollowMod:CloakDash+1"],"picked":"SKIP","floor":19},{"not_picked":["HollowMod:WhiteLadysBlessing","HollowMod:ZotesMagnificence"],"picked":"HollowMod:Weaversong","floor":23},{"not_picked":["HollowMod:GoodIntentions","HollowMod:CoiledNail"],"picked":"alterego_mod:Rip+1","floor":23},{"not_picked":["HollowMod:LordofShades","HollowMod:RadiancesLament","HollowMod:HerrahsAnger"],"picked":"SKIP","floor":25},{"not_picked":["HollowMod:LifebloodCore","HollowMod:CycloneSlash+1","HollowMod:TaintedHusks"],"picked":"SKIP","floor":25},{"not_picked":["HollowMod:MothsMistake+1","alterego_mod:Schoolgirl+1"],"picked":"alterego_mod:ChallengeComplete+1","floor":35},{"not_picked":["alterego_mod:MagicResistance+1","HollowMod:SiblingsSouls+1","HollowMod:SharpenedShadows+1"],"picked":"SKIP","floor":35},{"not_picked":["HollowMod:PaleKingsBlessing","HollowMod:ElderbugsWisdom"],"picked":"HollowMod:PureVessel","floor":40},{"not_picked":["alterego_mod:Antipathy","HollowMod:SoulSplash","HollowMod:DashSlash+1"],"picked":"SKIP","floor":40},{"not_picked":["HollowMod:PaleKingsBlessing","HollowMod:AwokenDreamNail","HollowMod:LordofShades"],"picked":"SKIP","floor":42},{"not_picked":["HollowMod:CycloneSlash+1","HollowMod:SoulVessel+1","alterego_mod:RocketPunch+1"],"picked":"SKIP","floor":42}],"player_experience":317486,"relics_obtained":[{"floor":9.0,"key":"ReplayTheSpireMod:Shallot"},{"floor":14.0,"key":"Pantograph"},{"floor":23,"key":"HollowMod:LifeEnderRelic"},{"floor":25,"key":"PreservedInsect"},{"floor":37,"key":"Divine Protection"},{"floor":39,"key":"vexMod:PlasmaPancake"},{"floor":40,"key":"ReplayFunnel"},{"floor":42,"key":"Anchor"},{"floor":43,"key":"vexMod:RetaliationKit"},{"floor":48,"key":"Golden Egg"}],"event_choices":[{"damage_healed":0.0,"max_hp_gain":0.0,"max_hp_loss":0.0,"gold_gain":0.0,"event_name":"Transmorgrifier","player_choice":"Ignored","floor":3.0,"gold_loss":0.0,"damage_taken":0.0},{"damage_healed":0,"gold_gain":0,"player_choice":"Ignored","damage_taken":0,"max_hp_gain":0,"max_hp_loss":0,"event_name":"Cursed Tome","floor":28,"gold_loss":0},{"damage_healed":0,"gold_gain":0,"player_choice":"Read","damage_taken":0,"max_hp_gain":0,"max_hp_loss":0,"event_name":"The Library","floor":31,"gold_loss":0,"cards_obtained":["alterego_mod:Rip"]},{"damage_healed":0,"gold_gain":0,"player_choice":"Fight","damage_taken":0,"max_hp_gain":0,"max_hp_loss":0,"event_name":"MindBloom","floor":39,"gold_loss":0},{"damage_healed":0,"gold_gain":0,"player_choice":"Forge","damage_taken":0,"max_hp_gain":0,"max_hp_loss":0,"event_name":"Accursed Blacksmith","floor":47,"gold_loss":0,"cards_upgraded":["alterego_mod:BusterCard"]}],"is_beta":false,"boss_relics":[{"not_picked":["vexMod:DeviousBotling","ReplayTheSpireMod:DimensionalGlitch"],"picked":"Ectoplasm"},{"not_picked":["Cursed Key","Calling Bell","Ring of Chaos"]},{"not_picked":["Empty Cage","Snecko Eye","REME_DuelDisc"]}],"items_purged_floors":[2,20,41],"is_endless":true,"potions_floor_spawned":[4,8,18,33,39,50],"ascension_level":1}}