{"host":"Vert","time":1610463376,"event":{"mods":["BaseMod","Better Note","Colored Powertips","Hermit","Marisa????????","Minty Spire (QoL Compilation)","Replay The Spire","StSLib","Td1madao Mod","The Gatherer","The Marked","The Servant 0.9.4"],"gold_per_floor":[114,127,24,41,57,82,82,104,104,134,158,63,63,85,85,97,97],"floor_reached":16,"playtime":779,"items_purged":["Regret"],"score":106,"play_id":"b75a7570-9d9b-410f-b941-1ce586246bc6","local_time":"20210112175616","is_ascension_mode":false,"campfire_choices":[{"data":"True Grit","floor":7,"key":"SMITH"},{"floor":15,"key":"REST"}],"circlet_count":0,"master_deck":["Strike_R","Strike_R","Strike_R","Strike_R","Defend_R","Defend_R","Defend_R","Defend_R","Bash","True Grit","True Grit+1","Wild Strike","ReplayTheSpireMod:Strike From Hell","Power Through","Evolve","Abandon","Havoc","Dark Embrace"],"relics":["Burning Blood","The Courier","Replay:Bandana","Darkstone Periapt"],"acts_visited":["Exordium"],"potions_floor_usage":[6,14,16],"damage_taken":[{"damage":2,"enemies":"2 Louse","floor":1,"turns":4},{"damage":4,"enemies":"Cultist","floor":2,"turns":4},{"damage":2,"enemies":"Small Slimes","floor":4,"turns":5},{"damage":4,"enemies":"2 Fungi Beasts","floor":5,"turns":4},{"damage":26,"enemies":"Replay:BlueRogue","floor":6,"turns":5},{"damage":2,"enemies":"Exordium Wildlife","floor":8,"turns":5},{"damage":5,"enemies":"Large Slime","floor":10,"turns":7},{"damage":18,"enemies":"Lots of Slimes","floor":11,"turns":6},{"damage":35,"enemies":"Gremlin Gang","floor":14,"turns":6},{"damage":52,"enemies":"The Guardian","floor":16,"turns":18}],"seed_played":"-7704787312341504074","potions_obtained":[{"floor":4,"key":"Strength Potion"},{"floor":5,"key":"BlessingOfTheForge"},{"floor":6,"key":"SmokeBomb"},{"floor":10,"key":"PowerPotion"}],"is_trial":false,"path_per_floor":["M","M","$","M","M","E","R","M","T","M","M","$","?","M","R","B"],"character_chosen":"IRONCLAD","items_purchased":["True Grit","Abandon","Havoc"],"campfire_rested":1,"item_purchase_floors":[3,12,12],"current_hp_per_floor":[80,80,80,80,80,60,60,64,64,65,53,53,53,24,48,0,0],"gold":97,"neow_bonus":"RANDOM_EVENT","is_daily":false,"chose_seed":false,"campfire_upgraded":1,"win_rate":0.0,"timestamp":1610463376,"path_taken":["M","M","$","M","M","E","R","M","T","M","M","$","?","M","R","BOSS"],"items_purchased_type":["Card","Card","Card"],"build_version":"2020-12-18","purchased_purges":1,"victory":false,"max_hp_per_floor":[80,80,80,80,80,80,80,80,80,80,80,80,80,80,80,80,80],"card_choices":[{"not_picked":["Armaments","Blood for Blood"],"picked":"True Grit","floor":1},{"not_picked":["Dropkick","Anger","ReplayTheSpireMod:Muscle Training"],"picked":"SKIP","floor":2},{"not_picked":["Replay:Undeath\u0027s Touch","Heavy Blade"],"picked":"Wild Strike","floor":4},{"not_picked":["Pummel","Sword Boomerang"],"picked":"ReplayTheSpireMod:Strike From Hell","floor":5},{"not_picked":["Whirlwind","Armaments","Clash"],"picked":"SKIP","floor":6},{"not_picked":["Cleave","Armaments","Intimidate"],"picked":"SKIP","floor":8},{"not_picked":["ReplayTheSpireMod:Limb From Limb","Clash"],"picked":"Power Through","floor":10},{"not_picked":["Cleave","Searing Blow"],"picked":"Evolve","floor":11},{"not_picked":["Perfected Strike","Bloodletting","Sword Boomerang"],"picked":"SKIP","floor":14}],"player_experience":534750,"relics_obtained":[{"floor":6,"key":"Replay:Bandana"},{"floor":9,"key":"Darkstone Periapt"}],"event_choices":[{"damage_healed":0,"gold_gain":0,"player_choice":"Box","damage_taken":0,"relics_obtained":["The Courier"],"max_hp_gain":0,"max_hp_loss":0,"event_name":"Big Fish","floor":0,"gold_loss":0,"cards_obtained":["Regret"]},{"damage_healed":0,"gold_gain":0,"cards_transformed":["Strike_R"],"player_choice":"Transformed","damage_taken":0,"max_hp_gain":0,"max_hp_loss":0,"event_name":"Transmorgrifier","floor":13,"gold_loss":0,"cards_obtained":["Dark Embrace"]}],"is_beta":true,"boss_relics":[],"items_purged_floors":[3],"is_endless":false,"potions_floor_spawned":[4,5,6,10],"killed_by":"The Guardian","ascension_level":0}}