{"host":"Leo","time":1610440186,"event":{"mods":["Act Like it!","BaseMod","BetterRewards","Challenge The Spire","Colored Map","Colored Powertips","Downfall","Energized Spire","Gensokyo","Hubris","Infinite Spire","MarisaÅiñ∂âJÅ@ñÇóùçπÅj","Minty Spire (QoL Compilation)","Pale of the Ancients","Prisma Mod","Quick Restart","Rare Cards Sparkle","Remove Card Discount Mod","Replay The Spire","StSLib","The Jungle","Waifu the Spire"],"gold_per_floor":[117,137,197,197,227,254,254,254,282,282,314,327,344,344,448,448,460,100,116,116,132,132,158,158,158,169,169,169,169,199,199,402,402,421,421,432,432,442,525,575,303,303,314,342,342,423,437,437,582,582,582],"floor_reached":51,"playtime":5063,"items_purged":[],"score":1026,"play_id":"5aab4679-ffc2-4206-9e89-8ce699cb0db8","local_time":"20210112032946","daily_mods":["Draft","Vintage","Heirloom","Flight","downfall:Lament"],"is_ascension_mode":false,"campfire_choices":[{"data":"PrismaMod:MiyuCheapDefend1","floor":8,"key":"SMITH"},{"data":"PrismaMod:MiyuDefenseAbsorbMinor","floor":11,"key":"SMITH"},{"data":"PrismaMod:MiyuCheapPlate","floor":15,"key":"SMITH"},{"data":"PrismaMod:MiyuUncommonDexBuff","floor":23,"key":"SMITH"},{"data":"PrismaMod:MiyuDefenseRemoval","floor":23,"key":"SMITH"},{"data":"PrismaMod:MiyuUncommonStrBuff","floor":25,"key":"SMITH"},{"data":"PrismaMod:MiyuUncommonDexBuff","floor":25,"key":"SMITH"},{"data":"PrismaMod:MiyuCheapDexBuff","floor":28,"key":"SMITH"},{"data":"PrismaMod:MiyuCheapPlate","floor":28,"key":"SMITH"},{"data":"PrismaMod:MiyuUberAOEAttack","floor":30,"key":"SMITH"},{"data":"PrismaMod:MiyuDefenseExplosion","floor":30,"key":"SMITH"},{"data":"infinitespire:Execution","floor":32,"key":"SMITH"},{"data":"PrismaMod:MiyuCheapEvoke","floor":32,"key":"SMITH"},{"data":"PrismaMod:MiyuUncommonDexBuff","floor":41,"key":"SMITH"},{"data":"PrismaMod:MiyuCheapDefend2","floor":41,"key":"SMITH"},{"data":"PrismaMod:MiyuCheapEvoke","floor":46,"key":"SMITH"},{"data":"PrismaMod:MiyuUncommonAttack","floor":46,"key":"SMITH"},{"data":"PrismaMod:MiyuUncommonAttack","floor":49,"key":"SMITH"},{"data":"PrismaMod:MiyuUberAOEAttack","floor":49,"key":"SMITH"}],"circlet_count":0,"master_deck":["PrismaMod:MiyuDefenseExplosion+1","PrismaMod:MiyuUberAttack","PrismaMod:MiyuUncommonAttack+1","PrismaMod:MiyuCarnivalAttack","PrismaMod:MiyuUncommonDexBuff+1","PrismaMod:MiyuUncommonAttack+1","PrismaMod:MiyuCheapPlate+1","PrismaMod:MiyuUberAttack","PrismaMod:MiyuCommonAOEAttack","PrismaMod:MiyuUncommonAOEAttack","PrismaMod:MiyuUncommonDefend+1","PrismaMod:MiyuCheapEvoke+1","PrismaMod:MiyuCarnivalAttack","PrismaMod:MiyuCheapAttack1","PrismaMod:MiyuCheapDefend1+1","PrismaMod:MiyuCheapDefend1+1","PrismaMod:MiyuUberAOEAttack+1","PrismaMod:MiyuDefenseAbsorbMinor+1","PrismaMod:MiyuCheapPlate+1","PrismaMod:MiyuCheapDexBuff+1","PrismaMod:MiyuUncommonDexBuff+1","PrismaMod:MiyuCheapEvoke+1","PrismaMod:MiyuDefenseRemoval+1","PrismaMod:MiyuUncommonStrBuff+1","PrismaMod:MiyuCheapChannelDefend+1","infinitespire:Execution+1","PrismaMod:MiyuCheapDefend2+1","PrismaMod:MiyuChannelAttackEvoke","PrismaMod:MiyuCheapStrBuff+1","PrismaMod:MiyuUncommonDexBuff+1","PrismaMod:MiyuDevil","PrismaMod:MiyuUberAOEAttack+1","PrismaMod:MiyuUncommonDexBuff+1","PrismaMod:MiyuOrbIncreasePerm+1","PrismaMod:MiyuCheapDefend2"],"relics":["PrismaMod:PrismaSapphire","NeowsBlessing","replay:Trail_Library","hubris:Teleporter","Replay:Mystery Machine","ReplayTheSpireMod:TigerMarble","Mango","Replay:WaspNest","Shuriken","hexamod:BolsterEngine","War Paint","Replay:Rubber Ducky","champ:DuelingGlove","Ancient Tea Set","energizedSpire:RedRose","MealTicket","BargainBundle","Guardian:PocketSentry","hubris:Spice","hubris:Backtick","Replay:Arrowhead","infinitespire:Broken Mirror","Tiny Chest","hubris:MobiusCoin","MutagenicStrength","Art of War","Replay:Wax Seal","Lantern","energizedSpire:NeverEndingSparkler","paleoftheancients:Timepiece","Mercury Hourglass","CultistMask"],"acts_visited":["Exordium","TheCity","TheBeyond","paleoftheancients:PaleOfTheAncients"],"potions_floor_usage":[],"damage_taken":[{"damage":0,"enemies":"2 Louse","floor":1,"turns":1},{"damage":0,"enemies":"Small Slimes","floor":2,"turns":1},{"damage":0,"enemies":"Replay:BlueRogue","floor":6,"turns":1},{"damage":0,"enemies":"3 Sentries","floor":7,"turns":2},{"damage":13,"enemies":"Lagavulin","floor":10,"turns":4},{"damage":14,"enemies":"Gremlin Nob","floor":12,"turns":3},{"damage":0,"enemies":"Cultist","floor":13,"turns":3},{"damage":0,"enemies":"Exordium Wildlife","floor":14,"turns":1},{"damage":13,"enemies":"Slime Boss","floor":16,"turns":7},{"damage":12,"enemies":"2 Thieves","floor":18,"turns":3},{"damage":0,"enemies":"3 Byrds","floor":20,"turns":2},{"damage":0,"enemies":"Snake Plant","floor":22,"turns":4},{"damage":2,"enemies":"Book of Stabbing","floor":24,"turns":4},{"damage":1,"enemies":"Snecko","floor":27,"turns":3},{"damage":17,"enemies":"Nightmare","floor":31,"turns":5},{"damage":0,"enemies":"Automaton","floor":33,"turns":5},{"damage":0,"enemies":"3 Shapes","floor":35,"turns":3},{"damage":3,"enemies":"Orb Walker","floor":37,"turns":2},{"damage":1,"enemies":"Writhing Mass","floor":39,"turns":3},{"damage":0,"enemies":"R_Hoarder","floor":40,"turns":6},{"damage":0,"enemies":"Spire Growth","floor":44,"turns":3},{"damage":3,"enemies":"Nightmare","floor":45,"turns":4},{"damage":7,"enemies":"Giant Head","floor":47,"turns":4},{"damage":10,"enemies":"4 Shapes","floor":48,"turns":2},{"damage":43,"enemies":"infinitespire:MassOfShapes","floor":50,"turns":8}],"seed_played":"6646452066902255064","potions_obtained":[{"floor":2,"key":"Swift Potion"},{"floor":10,"key":"Guardian:BlockOnCardUsePotion"},{"floor":14,"key":"Regen Potion"},{"floor":16,"key":"FairyPotion"},{"floor":27,"key":"Block Potion"}],"is_trial":true,"path_per_floor":["M","M","?","?","E","E","R","T","E","R","E","M","M","R","B",null,"M","$","M","AVR","M","R","E","R","T","M","R","?","R","NM","R","B",null,"M","?","M","T","M","E","R","$","T","M","NM","R","E","M","R","B",null],"character_chosen":"MIYU","items_purchased":["BargainBundle","PrismaMod:MiyuUncommonDexBuff","PrismaMod:MiyuCheapEvoke","Guardian:PocketSentry","PrismaMod:MiyuDefenseRemoval","PrismaMod:MiyuDevil","Art of War","PrismaMod:MiyuUberAOEAttack"],"campfire_rested":0,"item_purchase_floors":[19,19,19,19,19,42,42,42],"current_hp_per_floor":[75,75,75,89,89,89,89,89,80,80,70,74,78,78,73,89,77,89,89,97,97,97,95,95,95,104,104,104,104,88,88,96,89,81,91,83,75,75,75,75,75,75,75,72,72,72,62,62,27,75,75],"gold":582,"neow_bonus":"","is_daily":false,"chose_seed":false,"campfire_upgraded":19,"win_rate":0.0,"timestamp":1610440186,"path_taken":["M","M","?","?","E","E","R","T","E","R","E","M","M","R","BOSS","M","$","M","AVR","M","R","E","R","T","M","R","?","R","NM","R","BOSS","M","?","?","?","M","E","R","$","T","M","NM","R","E","M","R","BOSS"],"items_purchased_type":["Relic","Card","Card","Relic","Card","Card","Relic","Card"],"build_version":"2020-11-17","purchased_purges":0,"victory":false,"max_hp_per_floor":[75,75,75,89,89,89,89,89,89,89,89,89,89,89,89,89,89,89,89,97,97,97,97,97,97,105,105,105,105,97,97,97,89,81,91,83,75,75,75,75,75,75,75,75,75,75,75,75,75,75,75],"card_choices":[{"not_picked":["PrismaMod:MiyuMaid","PrismaMod:MiyuCheapStrBuff"],"picked":"PrismaMod:MiyuDefenseExplosion","floor":0},{"not_picked":["PrismaMod:MiyuCheapAttack1","PrismaMod:MiyuAttackChannelAttack"],"picked":"PrismaMod:MiyuUberAttack","floor":0},{"not_picked":["PrismaMod:MiyuDefenseRemoval","PrismaMod:MiyuCheapChannelWeak"],"picked":"PrismaMod:MiyuUncommonAttack","floor":0},{"not_picked":["PrismaMod:MiyuCheapChannelAttack","PrismaMod:MiyuEvokeAll"],"picked":"PrismaMod:MiyuCarnivalAttack","floor":0},{"not_picked":["PrismaMod:MiyuEvokeBuffStr","PrismaMod:MiyuEvokeCheapAttack"],"picked":"PrismaMod:MiyuUncommonDexBuff","floor":0},{"not_picked":["PrismaMod:MiyuCheapChannelHeal","PrismaMod:MiyuEvokeCheapDefend"],"picked":"PrismaMod:MiyuUncommonAttack","floor":0},{"not_picked":["PrismaMod:MiyuAttackChannelAttack","PrismaMod:MiyuCheapAttack1"],"picked":"PrismaMod:MiyuCheapPlate","floor":0},{"not_picked":["PrismaMod:MiyuCheapDexBuff","PrismaMod:MiyuAttackChannelAttack"],"picked":"PrismaMod:MiyuUberAttack","floor":0},{"not_picked":["PrismaMod:MiyuDevil","PrismaMod:MiyuCheapChannelWeak"],"picked":"PrismaMod:MiyuCommonAOEAttack","floor":0},{"not_picked":["PrismaMod:MiyuCheapDefend1","PrismaMod:MiyuUberAttack"],"picked":"PrismaMod:MiyuUncommonAOEAttack","floor":0},{"not_picked":["PrismaMod:MiyuCheapEvoke","PrismaMod:MiyuCheapChannelVul"],"picked":"PrismaMod:MiyuUncommonDefend","floor":0},{"not_picked":["PrismaMod:MiyuUncommonAttack","PrismaMod:MiyuEvokeBuffStr"],"picked":"PrismaMod:MiyuCheapEvoke","floor":0},{"not_picked":["PrismaMod:MiyuEvokeBuffDex","PrismaMod:MiyuMaid"],"picked":"PrismaMod:MiyuCarnivalAttack","floor":0},{"not_picked":["PrismaMod:MiyuCheapChannelHeal","PrismaMod:MiyuAttackChannelWeak"],"picked":"PrismaMod:MiyuCheapAttack1","floor":0},{"not_picked":["PrismaMod:MiyuCheapChannelAttack","PrismaMod:MiyuUncommonAOEAttack"],"picked":"PrismaMod:MiyuCheapDefend1","floor":0},{"not_picked":["PrismaMod:MiyuCheapChannelHeal","PrismaMod:MiyuUberAttack"],"picked":"PrismaMod:MiyuCheapDefend1","floor":6},{"not_picked":["PrismaMod:MiyuAttackChannelAttack","PrismaMod:MiyuChannelDefendEvoke"],"picked":"PrismaMod:MiyuUberAOEAttack","floor":7},{"not_picked":["PrismaMod:MiyuUberAOEAttack","PrismaMod:MiyuCheapChannelWeak"],"picked":"PrismaMod:MiyuDefenseAbsorbMinor","floor":10},{"not_picked":["PrismaMod:MiyuAttackChannelAttack","PrismaMod:MiyuCarnivalAttack"],"picked":"PrismaMod:MiyuCheapDexBuff","floor":12},{"not_picked":["PrismaMod:MiyuUberDefend","PrismaMod:MiyuDefenseAbsorbMinor"],"picked":"PrismaMod:MiyuChannelAttackEvoke","floor":16},{"not_picked":["PrismaMod:MiyuCommonAOEAttack+1","PrismaMod:MiyuCheapChannelVul"],"picked":"PrismaMod:MiyuUncommonStrBuff","floor":24},{"not_picked":["PrismaMod:MiyuCheapChannelRandom+1","PrismaMod:MiyuBride"],"picked":"PrismaMod:MiyuCheapChannelDefend+1","floor":31},{"not_picked":["hubris:Rewind","infinitespire:TheBestDefense"],"picked":"infinitespire:Execution","floor":31},{"not_picked":["PrismaMod:MiyuChannelDefendEvoke","PrismaMod:MiyuChannelAttackEvoke"],"picked":"PrismaMod:MiyuCheapDefend2","floor":33},{"not_picked":["PrismaMod:MiyuAttackChannelAttack+1","hubris:SpiceAddiction"],"picked":"PrismaMod:MiyuCheapStrBuff+1","floor":40},{"not_picked":["PrismaMod:MiyuCarnivalAttack+1","hubris:SpiceAddiction"],"picked":"PrismaMod:MiyuUncommonDexBuff+1","floor":45},{"not_picked":["hubris:SpiceAddiction","PrismaMod:MiyuEvokeBuffDex"],"picked":"PrismaMod:MiyuOrbIncreasePerm+1","floor":47},{"not_picked":["hubris:SpiceAddiction","hubris:SpiceAddiction"],"picked":"PrismaMod:MiyuCheapDefend2","floor":50}],"player_experience":28758,"relics_obtained":[{"floor":1,"key":"Replay:Mystery Machine"},{"floor":2,"key":"ReplayTheSpireMod:TigerMarble"},{"floor":5,"key":"Mango"},{"floor":6,"key":"Replay:WaspNest"},{"floor":7,"key":"Shuriken"},{"floor":9,"key":"hexamod:BolsterEngine"},{"floor":10,"key":"War Paint"},{"floor":12,"key":"Replay:Rubber Ducky"},{"floor":13,"key":"champ:DuelingGlove"},{"floor":14,"key":"Ancient Tea Set"},{"floor":18,"key":"MealTicket"},{"floor":22,"key":"infinitespire:Broken Mirror"},{"floor":24,"key":"Tiny Chest"},{"floor":26,"key":"hubris:MobiusCoin"},{"floor":27,"key":"hubris:Spice"},{"floor":31,"key":"hubris:Spice"},{"floor":35,"key":"hubris:Spice"},{"floor":37,"key":"hubris:Spice"},{"floor":38,"key":"hubris:Spice"},{"floor":44,"key":"Replay:Wax Seal"},{"floor":47,"key":"Lantern"}],"event_choices":[{"damage_healed":0,"gold_gain":60,"player_choice":"Gained Gold","damage_taken":0,"max_hp_gain":0,"max_hp_loss":0,"event_name":"Golden Wing","floor":4,"gold_loss":0},{"damage_healed":0,"gold_gain":0,"player_choice":"Relic","damage_taken":0,"max_hp_gain":0,"max_hp_loss":0,"event_name":"Wheel of Change","floor":5,"gold_loss":0},{"damage_healed":0,"gold_gain":0,"player_choice":"Inject Mutagens","damage_taken":0,"relics_obtained":["MutagenicStrength"],"max_hp_gain":0,"max_hp_loss":0,"event_name":"Drug Dealer","floor":29,"gold_loss":0},{"cards_removed":["PrismaMod:MiyuChannelAttackEvoke"],"damage_healed":0,"gold_gain":0,"player_choice":"Offered Rare","damage_taken":0,"max_hp_gain":10,"max_hp_loss":0,"event_name":"Bonfire Elementals","floor":36,"gold_loss":0}],"is_beta":true,"boss_relics":[{"not_picked":["hubris:GrandSneckoEye","Runic Pyramid"],"picked":"energizedSpire:RedRose"},{"not_picked":["hubris:Spice","Fusion Hammer"],"picked":"hubris:Spice"},{"not_picked":["hubris:Spice","hubris:Spice"],"picked":"energizedSpire:NeverEndingSparkler"}],"items_purged_floors":[],"is_endless":true,"potions_floor_spawned":[2,10,14,16,18,20,24,27,37,40,44,48,50],"ascension_level":0}}