{"host":"j3h0p3l2xgzxhnx7","time":1610465974,"event":{"mods":["BaseMod","Luminous","Marisa????????","Minty Spire (QoL Compilation)","Remilia??????","StSLib","The Bug Knight","The Cursed","The Servant 0.9.4"],"gold_per_floor":[113,113,288,300,173,206,206,206,206,206,206],"floor_reached":10,"playtime":406,"items_purged":["Regret"],"score":67,"play_id":"33cd058c-4f35-418d-b960-922beddf48da","local_time":"20210112233934","is_ascension_mode":true,"campfire_choices":[{"floor":7,"key":"REST"}],"circlet_count":0,"master_deck":["Strike_P","Strike_P","Strike_P","Strike_P","Defend_P","Defend_P","Defend_P","Defend_P","Eruption","Vigilance","FlurryOfBlows","Doubt","ThirdEye","Consecrate","ThirdEye","Regret","Shame"],"relics":["Cursed Key","Toy Ornithopter","Frozen Egg 2","Vajra","Sundial"],"acts_visited":["Exordium"],"potions_floor_usage":[],"damage_taken":[{"damage":0,"enemies":"Cultist","floor":1,"turns":2},{"damage":10,"enemies":"2 Louse","floor":4,"turns":4},{"damage":34,"enemies":"HollowMod:MossKnight","floor":6,"turns":11},{"damage":50,"enemies":"3 Sentries","floor":10,"turns":12}],"seed_played":"2302705600030564548","potions_obtained":[],"is_trial":false,"path_per_floor":["M","?","?","M","$","E","R","T","T","E"],"character_chosen":"WATCHER","items_purchased":["Consecrate"],"campfire_rested":1,"item_purchase_floors":[5],"current_hp_per_floor":[72,72,72,62,62,28,49,49,49,0,0],"gold":206,"neow_bonus":"BOSS_RELIC","is_daily":false,"chose_seed":false,"campfire_upgraded":0,"win_rate":0.0,"timestamp":1610465974,"path_taken":["M","?","?","M","$","E","R","?","T","E"],"items_purchased_type":["Card"],"build_version":"2020-12-22","purchased_purges":1,"victory":false,"max_hp_per_floor":[72,72,72,72,72,72,72,72,72,72,72],"card_choices":[{"not_picked":["EmptyBody","Prostrate"],"picked":"FlurryOfBlows","floor":1},{"not_picked":["Crescendo","BattleHymn"],"picked":"ThirdEye","floor":4},{"not_picked":["SignatureMove","EmptyFist"],"picked":"ThirdEye","floor":6}],"player_experience":121465,"relics_obtained":[{"floor":6,"key":"Frozen Egg 2"},{"floor":8,"key":"Vajra"},{"floor":9,"key":"Sundial"}],"event_choices":[{"damage_healed":0,"gold_gain":0,"player_choice":"Box","damage_taken":0,"relics_obtained":["Toy Ornithopter"],"max_hp_gain":0,"max_hp_loss":0,"event_name":"Big Fish","floor":2,"gold_loss":0,"cards_obtained":["Regret"]},{"damage_healed":0,"gold_gain":175,"player_choice":"AGREE","damage_taken":0,"max_hp_gain":0,"max_hp_loss":0,"event_name":"Liars Game","floor":3,"gold_loss":0,"cards_obtained":["Doubt"]}],"is_beta":false,"boss_relics":[],"items_purged_floors":[5],"is_endless":false,"potions_floor_spawned":[],"killed_by":"3 Sentries","ascension_level":1}}