{"host":"49c2zf0lajbcs427","time":1610428495,"event":{"mods":["AchievementEnabler","BaseMod","Colored Map","Colored Powertips","Highlight Path","Key Reminder","Minty Spire (QoL Compilation)","Relic Stats","StSLib"],"gold_per_floor":[111,128,128,146,163,163,183,183,207,207,207],"floor_reached":10,"playtime":442,"items_purged":[],"score":108,"play_id":"095e7eec-13c9-48d8-9bcf-c9c314d63148","local_time":"20210112181455","is_ascension_mode":true,"campfire_choices":[{"data":"Skewer","floor":6,"key":"SMITH"},{"data":"Flechettes","floor":8,"key":"SMITH"}],"circlet_count":0,"master_deck":["AscendersBane","Strike_G","Strike_G","Strike_G","Strike_G","Strike_G","Defend_G","Defend_G","Defend_G+1","Defend_G","Defend_G","Survivor+1","Neutralize","Sucker Punch","Distraction","Skewer+1","Flechettes+1"],"relics":["Runic Dome","Oddly Smooth Stone"],"acts_visited":["Exordium"],"potions_floor_usage":[7,10],"damage_taken":[{"damage":0,"enemies":"Cultist","floor":1,"turns":4},{"damage":7,"enemies":"2 Louse","floor":2,"turns":4},{"damage":6,"enemies":"Jaw Worm","floor":4,"turns":4},{"damage":0,"enemies":"Exordium Wildlife","floor":5,"turns":4},{"damage":6,"enemies":"Gremlin Gang","floor":7,"turns":4},{"damage":22,"enemies":"Gremlin Nob","floor":10,"turns":4}],"seed_played":"-6694825521842404881","potions_obtained":[{"floor":2,"key":"SneckoOil"},{"floor":5,"key":"PowerPotion"}],"is_trial":false,"path_per_floor":["M","M","?","M","M","R","M","R","T","E"],"character_chosen":"THE_SILENT","items_purchased":[],"campfire_rested":0,"item_purchase_floors":[],"current_hp_per_floor":[59,52,32,26,26,26,20,20,20,0,0],"gold":207,"neow_bonus":"BOSS_RELIC","is_daily":false,"chose_seed":false,"campfire_upgraded":2,"win_rate":0.0,"timestamp":1610428495,"path_taken":["M","?","?","M","M","R","M","R","T","E"],"items_purchased_type":[],"build_version":"2020-12-22","purchased_purges":0,"victory":false,"max_hp_per_floor":[66,66,66,66,66,66,66,66,66,66,66],"relic_stats":{"counters":[6,24],"obtain_stats":[{"Runic Dome":0,"Oddly Smooth Stone":9,"Ring of the Snake":0},{"Runic Dome":0,"Oddly Smooth Stone":5,"Ring of the Snake":0},{"Runic Dome":0,"Oddly Smooth Stone":20,"Ring of the Snake":0}]},"card_choices":[{"not_picked":["Outmaneuver","Underhanded Strike"],"picked":"Sucker Punch","floor":1},{"not_picked":["Acrobatics","Backstab"],"picked":"Distraction","floor":2},{"not_picked":["Acrobatics","Deadly Poison"],"picked":"Skewer","floor":4},{"not_picked":["Quick Slash","Dagger Spray"],"picked":"Flechettes","floor":5},{"not_picked":["Reflex","Riddle With Holes","Bane"],"picked":"SKIP","floor":7}],"player_experience":2307910,"relics_obtained":[{"floor":9,"key":"Oddly Smooth Stone"}],"event_choices":[{"damage_healed":0,"gold_gain":0,"player_choice":"Entered Light","damage_taken":20,"max_hp_gain":0,"max_hp_loss":0,"event_name":"Shining Light","floor":3,"gold_loss":0,"cards_upgraded":["Defend_G","Survivor"]}],"is_beta":false,"boss_relics":[],"items_purged_floors":[],"is_endless":false,"potions_floor_spawned":[2,5],"killed_by":"Gremlin Nob","ascension_level":16}}