{"host":"tnsigirk6wurdark","time":1610420503,"event":{"mods":["BaseMod","Colored Map","Colored Powertips","DeckTracker","Highlight Path","Minty Spire (QoL Compilation)","Quick Restart","Relic Sorter","StSLib","SuperFastMode","Synergy Search"],"gold_per_floor":[114,114,64,64,78,78,114,16,16,16,40,73,92,105,105,201,201,226,250,271,286,286,326,326,80,80,103,103,103,103,126,126,222,222,243,267,283,283,303,303,303,303],"floor_reached":41,"playtime":4684,"items_purged":["Strike_G"],"score":773,"play_id":"f3fdf6fc-6153-4776-8e74-7ae3fec49843","local_time":"20210112030143","is_ascension_mode":true,"campfire_choices":[{"data":"Backflip","floor":6,"key":"SMITH"},{"floor":15,"key":"REST"},{"floor":24,"key":"DIG"},{"floor":28,"key":"DIG"},{"floor":32,"key":"REST"},{"floor":40,"key":"REST"}],"circlet_count":0,"master_deck":["AscendersBane","Defend_G","Defend_G+1","Defend_G+1","Defend_G","Defend_G","Survivor","Neutralize","Poisoned Stab+1","Quick Slash+1","Concentrate+1","Quick Slash","Backflip+1","Adrenaline","Dagger Spray","Acrobatics","Burst","Quick Slash","Escape Plan","Phantasmal Killer","CurseOfTheBell","Underhanded Strike","Infinite Blades","Slice","Quick Slash","Dagger Throw","PiercingWail","Master of Strategy","Quick Slash","RitualDagger","Flying Knee","Flying Knee","Venomology","PiercingWail","Prepared+1","Acrobatics","Parasite","Deflect"],"relics":["Astrolabe","Pear","Golden Idol","Calling Bell","War Paint","Strawberry","The Specimen","Shovel","HornCleat","Letter Opener","Shuriken","Kunai","Incense Burner","SlaversCollar"],"acts_visited":["Exordium","TheCity","TheBeyond"],"potions_floor_usage":[7,14,16,16,18,21,27,27,33,36,37,37,37,39],"damage_taken":[{"damage":2,"enemies":"Jaw Worm","floor":1,"turns":6},{"damage":0,"enemies":"2 Louse","floor":5,"turns":2},{"damage":17,"enemies":"3 Sentries","floor":7,"turns":9},{"damage":0,"enemies":"Small Slimes","floor":11,"turns":2},{"damage":27,"enemies":"Lagavulin","floor":12,"turns":9},{"damage":0,"enemies":"2 Fungi Beasts","floor":13,"turns":2},{"damage":4,"enemies":"Exordium Wildlife","floor":14,"turns":2},{"damage":17,"enemies":"Hexaghost","floor":16,"turns":12},{"damage":0,"enemies":"3 Byrds","floor":18,"turns":3},{"damage":0,"enemies":"Shell Parasite","floor":19,"turns":3},{"damage":12,"enemies":"Centurion and Healer","floor":20,"turns":8},{"damage":2,"enemies":"Shelled Parasite and Fungi","floor":21,"turns":4},{"damage":19,"enemies":"Gremlin Leader","floor":23,"turns":5},{"damage":0,"enemies":"Snake Plant","floor":27,"turns":4},{"damage":0,"enemies":"Centurion and Healer","floor":31,"turns":4},{"damage":23,"enemies":"Champ","floor":33,"turns":9},{"damage":3,"enemies":"3 Shapes","floor":35,"turns":3},{"damage":6,"enemies":"3 Darklings","floor":36,"turns":3},{"damage":4,"enemies":"Jaw Worm Horde","floor":37,"turns":3},{"damage":61,"enemies":"Writhing Mass","floor":39,"turns":12},{"damage":36,"enemies":"Nemesis","floor":41,"turns":5}],"seed_played":"-1289573899621223565","potions_obtained":[{"floor":1,"key":"SteroidPotion"},{"floor":13,"key":"EntropicBrew"},{"floor":14,"key":"SpeedPotion"},{"floor":16,"key":"DuplicationPotion"},{"floor":18,"key":"Ancient Potion"},{"floor":20,"key":"GhostInAJar"},{"floor":23,"key":"ColorlessPotion"},{"floor":27,"key":"LiquidMemories"},{"floor":35,"key":"Strength Potion"},{"floor":36,"key":"BlessingOfTheForge"}],"is_trial":false,"path_per_floor":["M","?","?","?","M","R","E","$","T","?","M","E","M","M","R","B",null,"M","M","M","M","?","E","R","$","T","M","R","?","?","M","R","B",null,"M","M","M","?","M","R","E"],"character_chosen":"THE_SILENT","items_purchased":["Dagger Spray","PiercingWail","Master of Strategy"],"campfire_rested":3,"item_purchase_floors":[8,25,25],"current_hp_per_floor":[57,57,57,57,57,57,50,50,50,43,43,16,16,12,34,17,61,61,61,49,47,47,35,35,35,35,35,35,29,29,29,53,30,70,67,61,57,57,11,35,0,0],"gold":303,"neow_bonus":"BOSS_RELIC","is_daily":false,"chose_seed":false,"campfire_upgraded":1,"win_rate":0.0,"timestamp":1610420503,"path_taken":["M","?","?","?","M","R","E","$","T","?","M","E","M","?","R","BOSS","M","M","M","M","?","E","R","$","T","M","R","?","?","M","R","BOSS","M","M","M","?","M","R","E"],"items_purchased_type":["Card","Card","Card"],"build_version":"2020-12-22","purchased_purges":1,"victory":false,"max_hp_per_floor":[66,66,66,66,66,66,76,76,76,76,76,76,76,76,76,76,76,76,76,76,76,76,83,83,83,83,83,83,83,83,83,83,83,83,83,83,83,83,83,83,83,83],"card_choices":[{"not_picked":["Backstab","Terror"],"picked":"Quick Slash","floor":1},{"not_picked":["Dagger Spray","Distraction"],"picked":"Backflip","floor":5},{"not_picked":["Storm of Steel","Endless Agony"],"picked":"Adrenaline","floor":7},{"not_picked":["Concentrate","Prepared"],"picked":"Acrobatics","floor":11},{"not_picked":["Backstab","Sucker Punch"],"picked":"Burst","floor":12},{"not_picked":["Sucker Punch","Underhanded Strike"],"picked":"Quick Slash","floor":13},{"not_picked":["Flechettes","Flying Knee"],"picked":"Escape Plan","floor":14},{"not_picked":["Bullet Time","Glass Knife"],"picked":"Phantasmal Killer","floor":16},{"not_picked":["Predator","Bane"],"picked":"Underhanded Strike","floor":18},{"not_picked":["Dagger Spray","Catalyst"],"picked":"Infinite Blades","floor":19},{"not_picked":["Dodge and Roll","Dagger Spray+1"],"picked":"Slice","floor":20},{"not_picked":["Endless Agony","Choke"],"picked":"Quick Slash","floor":21},{"not_picked":["Quick Slash","Calculated Gamble"],"picked":"Dagger Throw","floor":23},{"not_picked":["Sucker Punch","Phantasmal Killer"],"picked":"Quick Slash","floor":27},{"not_picked":["Bane","Crippling Poison"],"picked":"Flying Knee","floor":31},{"not_picked":["Malaise","Night Terror"],"picked":"Venomology","floor":33},{"not_picked":["Prepared","Backflip"],"picked":"PiercingWail","floor":35},{"not_picked":["Underhanded Strike","Dagger Spray+1"],"picked":"Prepared+1","floor":36},{"not_picked":["Eviscerate+1","Choke"],"picked":"Acrobatics","floor":37},{"not_picked":["Deadly Poison","Skewer"],"picked":"Deflect","floor":39}],"player_experience":674886,"relics_obtained":[{"floor":7,"key":"Pear"},{"floor":9,"key":"HornCleat"},{"floor":12,"key":"Letter Opener"},{"floor":17,"key":"War Paint"},{"floor":17,"key":"Shuriken"},{"floor":17,"key":"Shovel"},{"floor":23,"key":"Strawberry"},{"floor":24,"key":"Kunai"},{"floor":26,"key":"The Specimen"},{"floor":28,"key":"Incense Burner"}],"event_choices":[{"damage_healed":0,"gold_gain":0,"player_choice":"Ignored","damage_taken":0,"max_hp_gain":0,"max_hp_loss":0,"event_name":"Liars Game","floor":2,"gold_loss":0},{"damage_healed":0,"gold_gain":0,"player_choice":"Left Gold","damage_taken":0,"max_hp_gain":0,"max_hp_loss":0,"event_name":"World of Goop","floor":3,"gold_loss":50},{"damage_healed":0,"gold_gain":0,"player_choice":"Take Wound","damage_taken":0,"relics_obtained":["Golden Idol"],"max_hp_gain":0,"max_hp_loss":0,"event_name":"Golden Idol","floor":4,"gold_loss":0,"cards_obtained":["Injury"]},{"damage_healed":0,"gold_gain":0,"player_choice":"Damaged","damage_taken":7,"max_hp_gain":0,"max_hp_loss":0,"event_name":"Wheel of Change","floor":10,"gold_loss":0},{"cards_removed":["Injury"],"damage_healed":0,"gold_gain":0,"player_choice":"Elegance","damage_taken":0,"max_hp_gain":0,"max_hp_loss":0,"event_name":"Back to Basics","floor":22,"gold_loss":0},{"damage_healed":0,"gold_gain":0,"player_choice":"Joined the Cult","damage_taken":6,"max_hp_gain":0,"max_hp_loss":0,"event_name":"Nest","floor":29,"gold_loss":0,"cards_obtained":["RitualDagger"]},{"damage_healed":0,"gold_gain":0,"cards_transformed":["Strike_G"],"player_choice":"Transformed","damage_taken":0,"max_hp_gain":0,"max_hp_loss":0,"event_name":"Transmorgrifier","floor":30,"gold_loss":0,"cards_obtained":["Flying Knee"]},{"damage_healed":0,"gold_gain":0,"player_choice":"Ignored","damage_taken":0,"max_hp_gain":0,"max_hp_loss":0,"event_name":"Tomb of Lord Red Mask","floor":38,"gold_loss":0}],"is_beta":false,"boss_relics":[{"not_picked":["Coffee Dripper","SacredBark"],"picked":"Calling Bell"},{"not_picked":["Philosopher\u0027s Stone","HoveringKite"],"picked":"SlaversCollar"}],"items_purged_floors":[8],"is_endless":false,"potions_floor_spawned":[1,13,14,16,18,20,23,27,35,36],"killed_by":"Nemesis","ascension_level":14}}