{"host":"puf131q5awx2h4uh","time":1610465855,"event":{"mods":["BaseMod","Minty Spire (QoL Compilation)","Quick Restart","Shop Mod","StSLib"],"gold_per_floor":[118,268,268,278,278,278,313,388,457,200,231,156,156,176,176,253,253,273,273,291,148,173,173,173,173],"floor_reached":24,"playtime":520,"items_purged":["Doubt","Dual Wield"],"score":450,"play_id":"359b7ba5-c311-412e-a5b4-7c6cb2d0993b","local_time":"20210112233735","is_ascension_mode":true,"campfire_choices":[{"data":"Inflame","floor":6,"key":"SMITH"},{"data":"Uppercut","floor":13,"key":"SMITH"},{"data":"Sword Boomerang","floor":15,"key":"SMITH"},{"data":"Armaments","floor":23,"key":"SMITH"}],"circlet_count":0,"master_deck":["AscendersBane","Disarm","Inflame+1","Sword Boomerang+1","Flex","Uppercut+1","Iron Wave","Inflame","Infernal Blade","Feel No Pain","Bloodletting","Flame Barrier","Hemokinesis","Dropkick","True Grit+1","Second Wind","Armaments+1"],"relics":["Burning Blood","NeowsBlessing","Mercury Hourglass","Blood Vial","Gambling Chip","Nloth\u0027s Gift","MerchantsRug","Pen Nib"],"acts_visited":["Exordium","TheCity"],"potions_floor_usage":[11,16],"damage_taken":[{"damage":0,"enemies":"Small Slimes","floor":1,"turns":1},{"damage":0,"enemies":"2 Louse","floor":4,"turns":1},{"damage":0,"enemies":"Lagavulin","floor":7,"turns":1},{"damage":30,"enemies":"3 Sentries","floor":11,"turns":6},{"damage":9,"enemies":"Jaw Worm","floor":14,"turns":2},{"damage":33,"enemies":"Slime Boss","floor":16,"turns":8},{"damage":29,"enemies":"Spheric Guardian","floor":18,"turns":4},{"damage":18,"enemies":"Shell Parasite","floor":20,"turns":4},{"damage":47,"enemies":"Book of Stabbing","floor":24,"turns":5}],"seed_played":"-2362311582908013627","potions_obtained":[{"floor":1,"key":"AttackPotion"},{"floor":11,"key":"SkillPotion"},{"floor":14,"key":"Dexterity Potion"}],"is_trial":false,"path_per_floor":["M","?","?","M","?","R","E","T","T","$","E","?","R","M","R","B",null,"M","?","M","$","T","R","E"],"character_chosen":"IRONCLAD","items_purchased":["Flex","Blood Vial","Armaments","MerchantsRug"],"campfire_rested":0,"item_purchase_floors":[10,10,21,21],"current_hp_per_floor":[74,74,79,80,56,56,72,72,72,72,50,50,50,49,49,24,74,53,53,43,43,43,43,0,0],"gold":173,"neow_bonus":"THREE_ENEMY_KILL","is_daily":false,"chose_seed":false,"campfire_upgraded":4,"win_rate":0.0,"timestamp":1610465855,"path_taken":["M","?","?","?","?","R","E","?","T","$","E","?","R","M","R","BOSS","M","?","?","$","?","R","E"],"items_purchased_type":["Card","Relic","Card","Relic"],"build_version":"2020-12-22","purchased_purges":2,"victory":false,"max_hp_per_floor":[75,75,80,80,80,80,90,90,90,90,90,90,90,90,90,90,90,90,90,90,90,90,90,90,90],"card_choices":[{"not_picked":["Clothesline","Armaments"],"picked":"Disarm","floor":1},{"not_picked":["Blood for Blood","Shrug It Off"],"picked":"Inflame","floor":4},{"not_picked":["Infernal Blade","Wild Strike"],"picked":"Sword Boomerang","floor":7},{"not_picked":["Rage","Power Through"],"picked":"Uppercut","floor":11},{"not_picked":["Headbutt","Cleave","Bludgeon"],"picked":"SKIP","floor":14},{"not_picked":["Disarm","Anger"],"picked":"True Grit+1","floor":18},{"not_picked":["Sentinel","Flame Barrier"],"picked":"Second Wind","floor":20}],"player_experience":310808,"relics_obtained":[{"floor":7,"key":"Pear"},{"floor":8,"key":"Mercury Hourglass"},{"floor":11,"key":"Gambling Chip"},{"floor":22,"key":"Pen Nib"}],"event_choices":[{"damage_healed":0,"gold_gain":150,"player_choice":"AGREE","damage_taken":0,"max_hp_gain":0,"max_hp_loss":0,"event_name":"Liars Game","floor":2,"gold_loss":0,"cards_obtained":["Doubt"]},{"damage_healed":0,"gold_gain":0,"player_choice":"Donut","damage_taken":0,"max_hp_gain":5,"max_hp_loss":0,"event_name":"Big Fish","floor":3,"gold_loss":0},{"damage_healed":0,"gold_gain":0,"player_choice":"Entered Light","damage_taken":24,"max_hp_gain":0,"max_hp_loss":0,"event_name":"Shining Light","floor":5,"gold_loss":0,"cards_upgraded":["Bash","Defend_R"]},{"cards_removed":["Bash"],"damage_healed":0,"gold_gain":0,"player_choice":"Card Removal","damage_taken":0,"max_hp_gain":0,"max_hp_loss":0,"event_name":"The Cleric","floor":12,"gold_loss":75},{"damage_healed":0,"gold_gain":0,"player_choice":"Traded Relic","damage_taken":0,"relics_obtained":["Nloth\u0027s Gift"],"max_hp_gain":0,"max_hp_loss":0,"event_name":"N\u0027loth","floor":19,"relics_lost":["Pear"],"gold_loss":0}],"is_beta":false,"boss_relics":[{"not_picked":["Ectoplasm","Philosopher\u0027s Stone"],"picked":"Pandora\u0027s Box"}],"items_purged_floors":[10,21],"is_endless":false,"potions_floor_spawned":[1,11,14],"killed_by":"Book of Stabbing","ascension_level":20}}