{"host":"dtvgc7uk609653br","time":1610423769,"event":{"mods":["BaseMod","Minty Spire (QoL Compilation)","Shade Mod","StSLib","The Druid"],"gold_per_floor":[109,59,74,74,92,126,53,53,77,95,95,120,120,137,137,234,234,252,271,271,290,308,308,338,350,350,370,395,296,311,325,325,425,725,737,754,771,784,799,799,833,635,660,660,670,44,62,62,62,62],"floor_reached":51,"playtime":2602,"items_purged":["Shade:Strike_Shade","Shade:Strike_Shade","Shade:Strike_Shade+1"],"score":1010,"play_id":"3462d1c7-f1e9-41f4-ac5f-4671967168d4","local_time":"20210111225609","is_ascension_mode":false,"campfire_choices":[{"floor":11,"key":"REST"},{"data":"Shade:FleshToFlesh","floor":13,"key":"SMITH"},{"data":"Shade:Brains","floor":15,"key":"SMITH"},{"data":"Shade:OpenGraves","floor":23,"key":"SMITH"},{"data":"Shade:SensePrey","floor":32,"key":"SMITH"},{"data":"Shade:Putrefaction","floor":40,"key":"SMITH"},{"data":"Shade:Carnophage","floor":44,"key":"SMITH"},{"data":"Shade:FreshBones","floor":49,"key":"SMITH"}],"circlet_count":0,"master_deck":["Shade:Defend_Shade","Shade:Defend_Shade+1","Shade:Defend_Shade+1","Shade:Defend_Shade","Shade:AnimateDead+1","Shade:CarefulCut+1","Shade:FleshToFlesh+1","Shade:Trample","Shade:Trample","Shade:Brains+1","Shade:OpenGraves","Shade:OpenGraves+1","Shade:LoseControl","Shade:SensePrey+1","Shade:Bonestorm+1","Shade:Brains","Shade:SensePrey+1","Shade:FreshBones+1","Shade:UnbarTheGrave","Shade:FleshToFlesh","Shade:Carnophage+1","Shade:Putrefaction+1","CurseOfTheBell","Shade:GraveStillness","Shade:CloudOfShrapnel","Shade:CloudOfShrapnel+1","Shade:Carnophage+1","Shade:FreshBones+1","Shade:FuneraryJewels+1"],"relics":["Shade:YorickSkull","NeowsBlessing","Happy Flower","Oddly Smooth Stone","Akabeko","Ornamental Fan","SlaversCollar","Potion Belt","The Courier","Pen Nib","Calling Bell","Smiling Mask","Kunai","Old Coin","Whetstone","War Paint","Dream Catcher","Bottled Tornado","Lee\u0027s Waffle","Ancient Tea Set","Art of War"],"acts_visited":["Exordium","TheCity","TheBeyond"],"potions_floor_usage":[50],"damage_taken":[{"damage":0,"enemies":"Jaw Worm","floor":1,"turns":1},{"damage":0,"enemies":"Cultist","floor":3,"turns":1},{"damage":0,"enemies":"2 Louse","floor":5,"turns":2},{"damage":14,"enemies":"3 Sentries","floor":6,"turns":12},{"damage":5,"enemies":"Lots of Slimes","floor":10,"turns":4},{"damage":6,"enemies":"Gremlin Nob","floor":12,"turns":5},{"damage":0,"enemies":"Large Slime","floor":14,"turns":3},{"damage":0,"enemies":"Hexaghost","floor":16,"turns":9},{"damage":0,"enemies":"Spheric Guardian","floor":18,"turns":5},{"damage":0,"enemies":"Chosen","floor":19,"turns":5},{"damage":0,"enemies":"Centurion and Healer","floor":21,"turns":6},{"damage":0,"enemies":"Snecko","floor":22,"turns":5},{"damage":5,"enemies":"Slavers","floor":24,"turns":4},{"damage":0,"enemies":"3 Cultists","floor":25,"turns":4},{"damage":0,"enemies":"Centurion and Healer","floor":27,"turns":4},{"damage":0,"enemies":"Book of Stabbing","floor":28,"turns":4},{"damage":1,"enemies":"Snake Plant","floor":30,"turns":4},{"damage":6,"enemies":"Snecko","floor":31,"turns":5},{"damage":0,"enemies":"Automaton","floor":33,"turns":8},{"damage":0,"enemies":"3 Darklings","floor":35,"turns":4},{"damage":0,"enemies":"3 Shapes","floor":36,"turns":3},{"damage":0,"enemies":"3 Darklings","floor":37,"turns":5},{"damage":0,"enemies":"Jaw Worm Horde","floor":38,"turns":3},{"damage":8,"enemies":"Writhing Mass","floor":39,"turns":6},{"damage":0,"enemies":"Reptomancer","floor":41,"turns":6},{"damage":0,"enemies":"Sphere and 2 Shapes","floor":45,"turns":5},{"damage":0,"enemies":"4 Shapes","floor":47,"turns":2},{"damage":0,"enemies":"Awakened One","floor":50,"turns":15}],"seed_played":"-3181554913465047453","potions_obtained":[{"floor":6,"key":"DuplicationPotion"},{"floor":10,"key":"SmokeBomb"},{"floor":12,"key":"Ancient Potion"},{"floor":27,"key":"LiquidBronze"},{"floor":28,"key":"SteroidPotion"}],"is_trial":false,"path_per_floor":["M","?","M","$","M","E","$","?","T","M","R","E","R","M","R","B",null,"M","M","?","M","M","R","E","M","T","M","E","$","M","M","R","B",null,"M","M","M","M","M","R","E","$","T","R","M","$","M","?","R","B",null],"character_chosen":"SHADE","items_purchased":["Shade:OpenGraves","Shade:FleshToFlesh","Shade:Carnophage","War Paint","Bottled Tornado","Shade:FreshBones","Lee\u0027s Waffle","Ancient Tea Set","Art of War"],"campfire_rested":1,"item_purchase_floors":[7,29,42,42,46,46,46,46,46],"current_hp_per_floor":[65,65,65,65,65,51,51,39,39,34,53,47,47,47,47,47,65,65,65,65,65,65,65,60,60,60,60,60,60,59,53,53,53,65,65,65,65,65,57,57,57,57,57,57,57,72,72,68,68,68],"gold":62,"neow_bonus":"THREE_ENEMY_KILL","is_daily":false,"chose_seed":false,"campfire_upgraded":7,"win_rate":0.0,"timestamp":1610423769,"path_taken":["M","?","M","$","M","E","$","?","T","M","R","E","R","M","R","BOSS","M","M","?","M","M","R","E","M","T","M","E","$","?","?","R","BOSS","M","M","M","M","M","R","E","$","T","R","M","$","M","?","R","BOSS"],"items_purchased_type":["Card","Card","Card","Relic","Relic","Card","Relic","Relic","Relic"],"build_version":"2020-12-22","purchased_purges":3,"victory":true,"max_hp_per_floor":[65,65,65,65,65,65,65,65,65,65,65,65,65,65,65,65,65,65,65,65,65,65,65,65,65,65,65,65,65,65,65,65,65,65,65,65,65,65,65,65,65,65,65,65,65,72,72,68,68,68],"card_choices":[{"not_picked":["Shade:GraveStillness","Shade:SkeletonArmy"],"picked":"Shade:FleshToFlesh","floor":1},{"not_picked":["Shade:BoneShards","Shade:ExtraLimbs"],"picked":"Shade:Trample","floor":3},{"not_picked":["Shade:BoneShards","Shade:Frenzy"],"picked":"Shade:Trample","floor":5},{"not_picked":["Shade:PressTheAttack","Shade:FuneraryArmor"],"picked":"Shade:Brains","floor":6},{"not_picked":["Shade:SkeletonHug","Shade:FleshOffering","Shade:DangerousRitual"],"picked":"SKIP","floor":10},{"not_picked":["Shade:FleshLikeOak","Shade:Bonestorm"],"picked":"Shade:OpenGraves","floor":12},{"not_picked":["Shade:AncientSpear","Shade:FreshBones","Shade:GreyBargain"],"picked":"SKIP","floor":14},{"not_picked":["Shade:OfferingToTheBeyond","Shade:SelfBurial"],"picked":"Shade:LoseControl","floor":16},{"not_picked":["Shade:StitchTogether+1","Shade:CoffinDance"],"picked":"Shade:SensePrey+1","floor":18},{"not_picked":["Shade:FingerOfDeath","Shade:ClawBack+1","Shade:AncientSpear"],"picked":"SKIP","floor":19},{"not_picked":["Shade:ClawBack","Shade:FeralStrike+1"],"picked":"Shade:Bonestorm+1","floor":21},{"not_picked":["Shade:Trample+1","Shade:OpenGraves+1"],"picked":"Shade:Brains","floor":22},{"not_picked":["Shade:Brains","Shade:GreyBargain","Shade:Doomsay"],"picked":"SKIP","floor":24},{"not_picked":["Shade:FleshOffering","Shade:Trample+1"],"picked":"Shade:SensePrey","floor":25},{"not_picked":["Shade:FeralStrike","Shade:SkeletonHug"],"picked":"Shade:FreshBones+1","floor":27},{"not_picked":["Shade:GraveStillness","Shade:CoffinDance"],"picked":"Shade:UnbarTheGrave","floor":28},{"not_picked":["Shade:Trample","Shade:DangerousRitual","Shade:WallOfFlesh+1"],"picked":"SKIP","floor":30},{"not_picked":["Shade:CoffinDance","Shade:Frenzy"],"picked":"Shade:Carnophage+1","floor":31},{"not_picked":["Shade:SelfBurial","Shade:LoseControl"],"picked":"Shade:Putrefaction","floor":33},{"not_picked":["Shade:RavenousHorde+1","Shade:BoneShards"],"picked":"Shade:GraveStillness","floor":35},{"not_picked":["Shade:CloudOfShrapnel","Shade:FuneraryArmor+1","Shade:Brains+1"],"picked":"SKIP","floor":36},{"not_picked":["Shade:FuneraryArmor+1","Shade:Brains+1"],"picked":"Shade:CloudOfShrapnel","floor":36},{"not_picked":["Shade:FleshOffering","Shade:GreyBargain","Shade:SoulToxin"],"picked":"SKIP","floor":37},{"not_picked":["Shade:CommandSoldier","Shade:FeralStrike"],"picked":"Shade:CloudOfShrapnel+1","floor":38},{"not_picked":["Shade:RitualOffering+1","Shade:DangerousRitual+1","Shade:LyeBath"],"picked":"SKIP","floor":39},{"not_picked":["Shade:Premonition+1","Shade:ClawBack","Shade:ScuttlingHand"],"picked":"SKIP","floor":41},{"not_picked":["Shade:CommandSoldier","Shade:GraveStillness+1","Shade:Bonestorm+1"],"picked":"SKIP","floor":45},{"not_picked":["Shade:AncientSpear+1","Shade:WallOfFlesh+1"],"picked":"Shade:FuneraryJewels+1","floor":47}],"player_experience":520524,"relics_obtained":[{"floor":6,"key":"Happy Flower"},{"floor":9,"key":"Akabeko"},{"floor":12,"key":"Ornamental Fan"},{"floor":24,"key":"Potion Belt"},{"floor":26,"key":"The Courier"},{"floor":28,"key":"Pen Nib"},{"floor":34,"key":"Smiling Mask"},{"floor":34,"key":"Kunai"},{"floor":34,"key":"Old Coin"},{"floor":41,"key":"Whetstone"},{"floor":43,"key":"Dream Catcher"}],"event_choices":[{"cards_removed":["Shade:Strike_Shade"],"damage_healed":0,"gold_gain":0,"player_choice":"Card Removal","damage_taken":0,"max_hp_gain":0,"max_hp_loss":0,"event_name":"The Cleric","floor":2,"gold_loss":50},{"damage_healed":0,"gold_gain":0,"player_choice":"Success","damage_taken":12,"relics_obtained":["Oddly Smooth Stone"],"max_hp_gain":0,"max_hp_loss":0,"event_name":"Scrap Ooze","floor":8,"gold_loss":0},{"damage_healed":0,"gold_gain":0,"player_choice":"Forge","damage_taken":0,"max_hp_gain":0,"max_hp_loss":0,"event_name":"Accursed Blacksmith","floor":20,"gold_loss":0,"cards_upgraded":["Shade:AnimateDead"]},{"damage_healed":0,"gold_gain":0,"player_choice":"Max HP","damage_taken":0,"max_hp_gain":0,"max_hp_loss":4,"event_name":"Winding Halls","floor":48,"gold_loss":0}],"is_beta":false,"boss_relics":[{"not_picked":["Snecko Eye","Velvet Choker"],"picked":"SlaversCollar"},{"not_picked":["Runic Pyramid","Philosopher\u0027s Stone"],"picked":"Calling Bell"}],"items_purged_floors":[29,42,46],"is_endless":false,"potions_floor_spawned":[6,10,12,18,19,21,27,28,33,36,39,41,45],"ascension_level":0}}