{"host":"x000krxjblg8jdg4","time":1610485950,"event":{"mods":["BaseMod","Downfall","Hermit","Minty Spire (QoL Compilation)","StSLib","The Runesmith","The Servant 0.9.4"],"gold_per_floor":[99,113,132,151,166,166,214,214,214,234,246,246,246,267,291,291,291],"floor_reached":16,"language":"ENG","playtime":1564,"items_purged":[],"score":96,"play_id":"499ce78b-07ea-4d26-8ce5-955dbe7b0d33","local_time":"20210112191230","is_ascension_mode":false,"campfire_choices":[{"floor":1,"key":"RECALL"},{"data":"Exchange","floor":6,"key":"SMITH"},{"floor":13,"key":"REST"}],"circlet_count":0,"master_deck":["Strike_S","Strike_S","Strike_S","Strike_S","Defend_S","Defend_S","Defend_S","Defend_S","KidneyShot","Exchange+1","Starlight","BottledTime","TimeWarp","MurderousAura+1","BottledTime","Ricochet","Starlight"],"relics":["Uniform","Toy Ornithopter","Nunchaku","Golden Idol"],"acts_visited":["Exordium"],"potions_floor_usage":[16,16,16],"damage_taken":[{"damage":9,"enemies":"Cultist","floor":2,"turns":5},{"damage":1,"enemies":"Jaw Worm","floor":3,"turns":3},{"damage":0,"enemies":"2 Louse","floor":4,"turns":2},{"damage":1,"enemies":"Exordium Wildlife","floor":5,"turns":2},{"damage":7,"enemies":"Blue Slaver","floor":10,"turns":3},{"damage":7,"enemies":"3 Louse","floor":11,"turns":4},{"damage":13,"enemies":"Exordium Thugs","floor":14,"turns":5},{"damage":2,"enemies":"2 Fungi Beasts","floor":15,"turns":3},{"damage":48,"enemies":"Slime Boss","floor":16,"turns":10}],"seed_played":"3633511098901690851","potions_obtained":[{"floor":2,"key":"SmokeBomb"},{"floor":4,"key":"BlessingOfTheForge"},{"floor":5,"key":"Guardian:BlockOnCardUsePotion"},{"floor":11,"key":"hexamod:EctoCoolerPotion"}],"is_trial":false,"path_per_floor":["R","M","M","M","M","R","T","?","?","M","M","?","R","M","M","B"],"character_chosen":"THE_SERVANT","items_purchased":[],"campfire_rested":1,"item_purchase_floors":[],"current_hp_per_floor":[71,62,61,61,60,60,60,53,53,46,39,22,43,30,28,0,0],"gold":291,"neow_bonus":"TEN_PERCENT_HP_BONUS","is_daily":false,"chose_seed":false,"campfire_upgraded":1,"win_rate":0.0,"timestamp":1610485950,"path_taken":["R","M","M","M","M","R","T","?","?","M","?","?","R","M","M","BOSS"],"items_purchased_type":[],"build_version":"2020-12-22","purchased_purges":0,"victory":false,"max_hp_per_floor":[71,71,71,71,71,71,71,71,71,71,71,71,71,71,71,71,71],"card_choices":[{"not_picked":["DualDimension","Ricochet"],"picked":"Starlight","floor":2},{"not_picked":["MoonPhase","Potential"],"picked":"BottledTime","floor":3},{"not_picked":["Read","Reset"],"picked":"TimeWarp","floor":4},{"not_picked":["Potential","TimeWarp"],"picked":"MurderousAura","floor":5},{"not_picked":["Potential","Read","MoonPhase"],"picked":"SKIP","floor":10},{"not_picked":["Replace","DoubleEdge"],"picked":"BottledTime","floor":11},{"not_picked":["Collapse","Misdirection"],"picked":"Ricochet","floor":14},{"not_picked":["ShatteredReality","Revamp"],"picked":"Starlight","floor":15}],"player_experience":13527,"relics_obtained":[{"floor":7,"key":"Toy Ornithopter"}],"event_choices":[{"damage_healed":0,"gold_gain":0,"player_choice":"Success","damage_taken":7,"relics_obtained":["Nunchaku"],"max_hp_gain":0,"max_hp_loss":0,"event_name":"Scrap Ooze","floor":8,"gold_loss":0},{"damage_healed":0,"gold_gain":0,"player_choice":"Upgraded","damage_taken":0,"max_hp_gain":0,"max_hp_loss":0,"event_name":"Upgrade Shrine","floor":9,"gold_loss":0,"cards_upgraded":["MurderousAura"]},{"damage_healed":0,"gold_gain":0,"player_choice":"Take Damage","damage_taken":17,"relics_obtained":["Golden Idol"],"max_hp_gain":0,"max_hp_loss":0,"event_name":"Golden Idol","floor":12,"gold_loss":0}],"is_beta":false,"boss_relics":[],"items_purged_floors":[],"is_endless":false,"potions_floor_spawned":[2,4,5,11],"killed_by":"Slime Boss","ascension_level":0}}