{"host":"ab7pxspaffl0aqg0","time":1610439634,"event":{"mods":["BaseMod","BetterRewards","Colored Map","Downfall","Hubris","Infinite Spire","Minty Spire (QoL Compilation)","Prisma Mod","Relic Sorter","Replay The Spire","Shop Mod","StSLib"],"gold_per_floor":[115,125,49,66,81,81,97,97,120,120,136,136,154,185,185,285,285,297,308,10,10,28,28,28,28,28,28,54,64,89,100,100,201,201,218,65,76,95,108,141,141,161,161,187,187,42,42,69,69,166,166,173,177,177,183,185,185,194,194,194,213,161,161,162,176,176,187,187,197,189,252,251,249,249,249,252,304,102,102,125,5,44,44,159,159,173,173,192,215,215,237,279,279,279,279,333,337,372,394,394,492,492,509,509,533,533,227,264,284,284,284,284,298,298,298,298,298,409,409,433,433,456,482,501,501,546,546,614,636,680,695,695,695,695,862,862,936,936,386,390,390],"floor_reached":140,"playtime":16608,"items_purged":["hubris:DuctTapeCard","PrismaMod:ChloeMordred","infinitespire:Gouge+1"],"score":3557,"play_id":"ae7450ab-0cb9-4eda-ad84-729c1fca178f","local_time":"20210112002034","is_ascension_mode":false,"campfire_choices":[{"data":"PrismaMod:ChloeCheapDefend","floor":6.0,"key":"SMITH"},{"data":"PrismaMod:ChloeBetterTracePools","floor":8.0,"key":"SMITH"},{"data":"PrismaMod:ChloeExhaustOne","floor":10.0,"key":"SMITH"},{"floor":15.0,"key":"REST"},{"floor":23.0,"key":"REST"},{"data":"PrismaMod:ChloeCarnivalAOEAttack","floor":25.0,"key":"SMITH"},{"data":"ReplayTheSpireMod:Book of Names","floor":27.0,"key":"SMITH"},{"floor":32.0,"key":"REST"},{"floor":41.0,"key":"REST"},{"floor":49.0,"key":"REST"},{"data":"1","floor":57.0,"key":"LIFT"},{"data":"2","floor":59.0,"key":"LIFT"},{"data":"3","floor":63.0,"key":"LIFT"},{"data":"hubris:DuctTapeCard","floor":66.0,"key":"SMITH"},{"data":"PrismaMod:ChloeMordred","floor":74.0,"key":"SMITH"},{"data":"PrismaMod:ChloeGreatTracePools","floor":79.0,"key":"SMITH"},{"data":"PrismaMod:ChloeExhaustOne","floor":83.0,"key":"SMITH"},{"data":"infinitespire:FutureSight","floor":93.0,"key":"SMITH"},{"data":"PrismaMod:ChloeExhaustOne","floor":95.0,"key":"SMITH"},{"data":"PrismaMod:ChloeCarnivalAttack","floor":100.0,"key":"SMITH"},{"data":"PrismaMod:ChloeExhaustOne","floor":112.0,"key":"SMITH"},{"data":"PrismaMod:ChloeCarnivalAOEAttack","floor":125.0,"key":"SMITH"},{"floor":127.0,"key":"REST"},{"floor":134.0,"key":"REST"}],"circlet_count":1,"master_deck":["PrismaMod:ChloeCommonAttack+1","PrismaMod:ChloeCommonAttack+1","PrismaMod:ChloeCommonAttack","PrismaMod:ChloeCommonDefend","PrismaMod:ChloeCommonDefend","PrismaMod:ChloeCommonDefend","PrismaMod:ChloeCheapAttack","PrismaMod:ChloeCheapDefend+1","PrismaMod:ChloeUncommonAOEAttack","PrismaMod:ChloeCommonAOEAttack","PrismaMod:ChloeExhaustOne+1","PrismaMod:ChloeCheapAttackTwo","PrismaMod:ChloeCarnivalAOEAttack+1","PrismaMod:ChloeAnyAttackTrace","PrismaMod:ChloeExhaustTwo","PrismaMod:ChloeCheapDefend+1","PrismaMod:ChloeMordred+1","PrismaMod:ChloeCheapDefend+1","PrismaMod:ChloeUnlimitedBladeWorks+1","PrismaMod:ChloeGreatTracePools+1","PrismaMod:ChloeCheapDefend","PrismaMod:ChloeChristmas","PrismaMod:ChloeExhaustOne+1","PrismaMod:ChloeDemonicTutor","PrismaMod:ChloeReshuffleDiscard","PrismaMod:ChloeGaeBolg","PrismaMod:ChloeExhaustOne+1","PrismaMod:ChloeHalloween","PrismaMod:ChloeCarnivalAttack+1","PrismaMod:ChloeMordred+1","ReplayTheSpireMod:Splinters","PrismaMod:ChloeCheapDefendTwo+1","PrismaMod:ChloeCommonAOEAttack","PrismaMod:ChloeExhaustOne+1","PrismaMod:ChloeCheapDefendTwo+1","infinitespire:Gouge","PrismaMod:ChloeDiscardRecovery+1","PrismaMod:ChloeExhaustOne+1","PrismaMod:ChloeCheapDefend+1","PrismaMod:ChloeExhaustThree","infinitespire:FutureSight+1","PrismaMod:ChloeExhaustOne+1","PrismaMod:ChloeCheapAttack+1","PrismaMod:ChloeEyeOfTheEuryale+1","PrismaMod:ChloeRhongomyniad+1","PrismaMod:ChloeExhaustOne+1","PrismaMod:ChloeEyeOfTheEuryale","hubris:Lust","Decay","hubris:Fate","PrismaMod:ChloeCarnivalAOEAttack+1","Pain","hubris:DuctTapeCard"],"relics":["PrismaMod:PrismaTraceOn","Iron Hammer","hubris:Reverence","NeowsBlessing","Blue Doll","Incense Burner","infinitespire:FocusingShard","SacredBark","Circlet","Shuriken","Bottled Lightning","Smiling Mask","Replay:Towering Pillar of Hats","Painkiller Herb","MerchantsRug","PrismaMod:AliceRelic","Girya","Blood Vial","Nunchaku","Gambling Chip","Honey Jar","hubris:EmptyBottle","hubris:DuctTape","Boot","hubris:ScarierMask","Calipers","Replay:Bandana","Chemical X","Oddly Smooth Stone","PreservedInsect","ChewingGum","Bottled Flame","Chameleon Ring","Matryoshka","StoneCalendar","Juzu Bracelet","Empty Cage","Replay:Kaleidoscope","hubris:CuriousFeather","ReplayTheSpireMod:Ninjato","Potion Belt","infinitespire:Satchel","Toy Ornithopter","Ornamental Fan","Busted Crown","WarpedTongs","Replay:Wax Seal","hubris:MysteriousPyramids","infinitespire:Bottled Soul","infinitespire:EvilPickle","hubris:Backtick","Dead Branch","hubris:Towel","HandDrill","Strawberry","Replay:Bottled Eggs"],"acts_visited":["Exordium","TheCity","TheBeyond","Exordium","TheCity","TheBeyond","Exordium","TheCity","TheBeyond"],"potions_floor_usage":[],"damage_taken":[{"damage":0.0,"enemies":"infinitespire:Voidling","floor":1.0,"turns":1.0},{"damage":0.0,"enemies":"Jaw Worm","floor":2.0,"turns":1.0},{"damage":0.0,"enemies":"Cultist","floor":4.0,"turns":1.0},{"damage":17.0,"enemies":"Red Slaver","floor":5.0,"turns":5.0},{"damage":4.0,"enemies":"Looter","floor":7.0,"turns":3.0},{"damage":4.0,"enemies":"3 Louse","floor":11.0,"turns":2.0},{"damage":0.0,"enemies":"Exordium Wildlife","floor":13.0,"turns":3.0},{"damage":2.0,"enemies":"Gremlin Nob","floor":14.0,"turns":4.0},{"damage":39.0,"enemies":"Slime Boss","floor":16.0,"turns":10.0},{"damage":8.0,"enemies":"Shell Parasite","floor":18.0,"turns":4.0},{"damage":6.0,"enemies":"3 Byrds","floor":19.0,"turns":3.0},{"damage":26.0,"enemies":"Snake Plant","floor":22.0,"turns":5.0},{"damage":11.0,"enemies":"Book of Stabbing","floor":28.0,"turns":4.0},{"damage":2.0,"enemies":"Centurion and Healer","floor":29.0,"turns":3.0},{"damage":17.0,"enemies":"Gremlin Leader","floor":30.0,"turns":3.0},{"damage":0.0,"enemies":"Snecko","floor":31.0,"turns":2.0},{"damage":0.0,"enemies":"Champ","floor":33.0,"turns":7.0},{"damage":30.0,"enemies":"3 Darklings","floor":35.0,"turns":3.0},{"damage":0.0,"enemies":"Orb Walker","floor":37.0,"turns":2.0},{"damage":11.0,"enemies":"Writhing Mass","floor":38.0,"turns":4.0},{"damage":0.0,"enemies":"Jaw Worm Horde","floor":39.0,"turns":2.0},{"damage":12.0,"enemies":"Reptomancer","floor":40.0,"turns":3.0},{"damage":3.0,"enemies":"Spire Growth","floor":42.0,"turns":3.0},{"damage":4.0,"enemies":"R_Hoarder","floor":44.0,"turns":5.0},{"damage":31.0,"enemies":"Nightmare","floor":48.0,"turns":5.0},{"damage":23.0,"enemies":"Donu and Deca","floor":50.0,"turns":5.0},{"damage":0.0,"enemies":"2 Louse","floor":52.0,"turns":1.0},{"damage":0.0,"enemies":"Small Slimes","floor":53.0,"turns":1.0},{"damage":0.0,"enemies":"Cultist","floor":55.0,"turns":1.0},{"damage":0.0,"enemies":"2 Fungi Beasts","floor":56.0,"turns":1.0},{"damage":0.0,"enemies":"Blue Slaver","floor":58.0,"turns":1.0},{"damage":0.0,"enemies":"Lagavulin","floor":61.0,"turns":2.0},{"damage":0.0,"enemies":"hubris:Merchant","floor":62.0,"turns":1.0},{"damage":0.0,"enemies":"Red Slaver","floor":64.0,"turns":1.0},{"damage":0.0,"enemies":"Gremlin Nob","floor":65.0,"turns":2.0},{"damage":5.0,"enemies":"Fading Forest","floor":67.0,"turns":8.0},{"damage":0.0,"enemies":"2 Thieves","floor":69.0,"turns":1.0},{"damage":4.0,"enemies":"Shell Parasite","floor":70.0,"turns":2.0},{"damage":17.0,"enemies":"Centurion and Healer","floor":72.0,"turns":2.0},{"damage":8.0,"enemies":"Cultist and Chosen","floor":73.0,"turns":2.0},{"damage":0.0,"enemies":"Snecko","floor":76.0,"turns":2.0},{"damage":0.0,"enemies":"hubris:Merchant","floor":78.0,"turns":1.0},{"damage":0.0,"enemies":"Snake Plant","floor":80.0,"turns":2.0},{"damage":0.0,"enemies":"Slavers","floor":82.0,"turns":1.0},{"damage":0.0,"enemies":"Collector","floor":84.0,"turns":2.0},{"damage":8.0,"enemies":"Orb Walker","floor":86.0,"turns":2.0},{"damage":17.0,"enemies":"3 Shapes","floor":88.0,"turns":1.0},{"damage":0.0,"enemies":"Sphere and 2 Shapes","floor":89.0,"turns":1.0},{"damage":0.0,"enemies":"Spire Growth","floor":91.0,"turns":1.0},{"damage":0.0,"enemies":"R_Hoarder","floor":92.0,"turns":2.0},{"damage":0.0,"enemies":"2 Orb Walkers","floor":96.0,"turns":1.0},{"damage":6.0,"enemies":"Transient","floor":97.0,"turns":5.0},{"damage":16.0,"enemies":"Giant Head","floor":98.0,"turns":3.0},{"damage":0.0,"enemies":"Maw","floor":99.0,"turns":2.0},{"damage":0.0,"enemies":"Time Eater","floor":101.0,"turns":1.0},{"damage":0.0,"enemies":"Cultist","floor":103.0,"turns":1.0},{"damage":30.0,"enemies":"Jaw Worm","floor":105.0,"turns":2.0},{"damage":0.0,"enemies":"Gremlin Nob","floor":108.0,"turns":1.0},{"damage":0.0,"enemies":"Small Slimes","floor":109.0,"turns":1.0},{"damage":0.0,"enemies":"Red Slaver","floor":113.0,"turns":1.0},{"damage":16.0,"enemies":"The Guardian","floor":118.0,"turns":3.0},{"damage":0.0,"enemies":"3 Byrds","floor":120.0,"turns":1.0},{"damage":0.0,"enemies":"Shell Parasite","floor":122.0,"turns":2.0},{"damage":14.0,"enemies":"Centurion and Healer","floor":123.0,"turns":2.0},{"damage":0.0,"enemies":"3 Cultists","floor":124.0,"turns":2.0},{"damage":36.0,"enemies":"Book of Stabbing","floor":126.0,"turns":2.0},{"damage":0.0,"enemies":"Cultist and Chosen","floor":129.0,"turns":2.0},{"damage":0.0,"enemies":"Gremlin Leader","floor":130.0,"turns":2.0},{"damage":0.0,"enemies":"Centurion and Healer","floor":131.0,"turns":1.0},{"damage":0.0,"enemies":"Pondfish","floor":135.0,"turns":4.0},{"damage":8.0,"enemies":"3 Shapes","floor":137.0,"turns":1.0},{"damage":119,"enemies":"2 Orb Walkers","floor":140,"turns":3}],"seed_played":"7024862687497568697","potions_obtained":[{"floor":1.0,"key":"LiquidMemories"},{"floor":2.0,"key":"Block Potion"},{"floor":4.0,"key":"DistilledChaos"},{"floor":7.0,"key":"SkillPotion"},{"floor":13.0,"key":"champ:CounterPotion"},{"floor":29.0,"key":"Fire Potion"},{"floor":30.0,"key":"Fire Potion"},{"floor":31.0,"key":"LiquidBronze"},{"floor":35.0,"key":"Flashbang"},{"floor":39.0,"key":"GamblersBrew"},{"floor":42.0,"key":"CultistPotion"},{"floor":52.0,"key":"champ:CounterPotion"},{"floor":61.0,"key":"DistilledChaos"},{"floor":65.0,"key":"Elixir"},{"floor":67.0,"key":"Regen Potion"},{"floor":71.0,"key":"infinitespire:BlackPotion"},{"floor":84.0,"key":"Elixir"},{"floor":92.0,"key":"sneckomod:MuddlingPotion"},{"floor":99.0,"key":"SteroidPotion"},{"floor":113.0,"key":"Block Potion"},{"floor":118.0,"key":"Explosive Potion"},{"floor":122.0,"key":"champ:CounterPotion"},{"floor":123.0,"key":"DuplicationPotion"},{"floor":137.0,"key":"ColorlessPotion"}],"is_trial":false,"path_per_floor":["M","M","$","M","M","R","M","R","T","R","M","?","M","E","R","B",null,"M","M","$","?","M","R","AVR","R","T","R","E","M","E","M","R","B",null,"?","T","?","?","?","E","T","?","T","E","?","T","?","NM","T","B",null,"?","?","AVR","?","?","T","?","T","T","E","T","T","?","E","T","B",null,"?","?","?","?","?","T","AVR","?","T","T","T","?","T","E","T","B",null,"?","?","?","?","AVR","?","E","T","T","T","?","?","E","?","T","B",null,"?","AVR","?","?","T","E","?","?","T","T","?","?","?","T","T","B",null,"?","?","?","?","?","T","E","T","T","?","E","?","?","?","T","B",null,"?","?","T","?"],"character_chosen":"CHLOE","items_purchased":["PrismaMod:ChloeBetterTracePools","Dead Branch","MerchantsRug","Nunchaku","Chemical X","Oddly Smooth Stone","hubris:CuriousFeather","HandDrill","Strawberry","Replay:Bottled Eggs"],"campfire_rested":7,"item_purchase_floors":[3,20,36,46,78,81,107,139,139,139],"current_hp_per_floor":[75,75,75,75,58,58,54,54,54,54,50,50,50,48,70,31,75,67,61,61,47,21,45,45,45,45,45,46,44,27,27,51,66,80,50,50,50,39,39,27,51,57,57,80,80,80,80,49,73,62,80,80,80,80,80,80,80,80,80,80,80,80,80,83,83,83,78,83,83,79,79,64,58,58,58,60,60,62,62,64,64,66,66,78,83,75,75,60,62,62,64,66,66,66,66,68,64,50,52,52,54,83,83,83,53,46,46,48,50,50,50,50,52,52,35,35,59,45,83,83,83,83,69,71,71,42,66,66,68,70,72,56,56,82,84,88,80,80,87,0,0],"gold":390,"neow_bonus":"THREE_ENEMY_KILL","is_daily":false,"chose_seed":false,"campfire_upgraded":14,"win_rate":0.0,"timestamp":1610439634,"path_taken":["M","M","$","?","M","R","M","R","T","R","M","?","M","E","R","BOSS","M","?","?","?","?","R","AVR","R","T","R","E","M","E","M","R","BOSS","?","T","?","?","?","E","T","?","T","E","?","T","?","NM","T","BOSS","?","?","AVR","?","?","T","?","T","T","E","T","T","?","E","T","BOSS","?","?","?","?","?","T","AVR","?","T","T","T","?","T","E","T","BOSS","?","?","?","?","AVR","?","E","T","T","T","?","?","E","?","T","BOSS","?","AVR","?","?","T","E","?","?","T","T","?","?","?","?","T","BOSS","?","?","?","?","?","T","E","T","T","?","E","?","?","?","T","BOSS","?","?","T","?"],"items_purchased_type":["Card","Relic","Relic","Relic","Relic","Relic","Relic","Relic","Relic","Relic"],"build_version":"2020-12-22","purchased_purges":3,"victory":false,"max_hp_per_floor":[75,75,75,75,75,75,75,75,75,75,75,75,75,75,75,75,75,75,75,75,80,80,80,80,80,80,80,80,80,80,80,80,80,80,80,80,80,80,80,80,80,80,80,80,80,80,80,80,80,80,80,80,80,80,80,80,80,80,80,80,80,80,80,83,83,83,83,83,83,83,83,83,83,83,83,83,83,83,83,83,83,83,83,83,83,83,83,83,83,83,83,83,83,83,83,83,83,83,83,83,83,83,83,83,83,83,83,83,83,83,83,83,83,83,83,83,83,83,83,83,83,83,83,83,83,83,83,83,83,83,83,88,88,88,88,88,88,88,95,95,95],"card_choices":[{"not_picked":["PrismaMod:ChloeCheapDefendTwo","PrismaMod:ChloeChristmas"],"picked":"PrismaMod:ChloeUncommonAOEAttack","floor":1.0},{"not_picked":["PrismaMod:ChloeUncommonDefend","PrismaMod:ChloeCaladbolg"],"picked":"PrismaMod:ChloeCommonAOEAttack","floor":2.0},{"not_picked":["PrismaMod:ChloeEyeOfTheEuryale","PrismaMod:ChloeCheapDefend"],"picked":"PrismaMod:ChloeExhaustOne","floor":4.0},{"not_picked":["PrismaMod:ChloeCheapAttack","PrismaMod:ChloeChristmas"],"picked":"PrismaMod:ChloeCheapAttackTwo","floor":5.0},{"not_picked":["PrismaMod:ChloeCheapAttack","PrismaMod:ChloeCheapAttackTwo","PrismaMod:ChloeCheapDefendTwo"],"picked":"SKIP","floor":7.0},{"not_picked":["PrismaMod:ChloeCheapAttackTwo","PrismaMod:ChloeCheapDefend"],"picked":"PrismaMod:ChloeCarnivalAOEAttack","floor":11.0},{"not_picked":["PrismaMod:ChloeGaeBolg","PrismaMod:ChloeCheapDefendTwo","PrismaMod:ChloeBetterTracePools"],"picked":"SKIP","floor":13.0},{"not_picked":["PrismaMod:ChloeGaeBolg","PrismaMod:ChloeUncommonAOEAttack","PrismaMod:ChloeDiscardRecovery"],"picked":"SKIP","floor":14.0},{"not_picked":["PrismaMod:ChloeGreatTracePools","PrismaMod:ChloeAnyCommonTrace"],"picked":"PrismaMod:ChloeAnyAttackTrace","floor":16.0},{"not_picked":["PrismaMod:ChloeCheapAttackTwo","PrismaMod:ChloeCheapAttack"],"picked":"PrismaMod:ChloeExhaustTwo","floor":18.0},{"not_picked":["PrismaMod:ChloeExhaustOne+1","PrismaMod:ChloeDiscardRecovery"],"picked":"PrismaMod:ChloeCheapDefend+1","floor":19.0},{"not_picked":["PrismaMod:ChloeCommonAOEAttack","PrismaMod:ChloeRitsuka"],"picked":"PrismaMod:ChloeMordred","floor":22.0},{"not_picked":["PrismaMod:ChloeEyeOfTheEuryale","PrismaMod:ChloeCarnivalDefend","PrismaMod:ChloeCheapDefendTwo"],"picked":"SKIP","floor":28.0},{"not_picked":["PrismaMod:ChloeChristmas","PrismaMod:ChloeDiscardRecovery","PrismaMod:ChloeCommonAOEAttack"],"picked":"SKIP","floor":29.0},{"not_picked":["PrismaMod:ChloeRitsuka","PrismaMod:ChloeUncommonDefend"],"picked":"PrismaMod:ChloeCheapDefend+1","floor":30.0},{"not_picked":["PrismaMod:ChloeCaladbolg","PrismaMod:ChloeMordred","PrismaMod:ChloeExhaustOne"],"picked":"SKIP","floor":31.0},{"not_picked":["PrismaMod:ChloeHalloween","PrismaMod:ChloeCarnivalAttack"],"picked":"PrismaMod:ChloeUnlimitedBladeWorks","floor":33.0},{"not_picked":["PrismaMod:ChloeCheapAttackTwo+1","PrismaMod:ChloeDiscardRecovery","PrismaMod:ChloeGaeBolg"],"picked":"SKIP","floor":35.0},{"not_picked":["PrismaMod:ChloeCommonAOEAttack+1","PrismaMod:ChloeCheapAttack","PrismaMod:ChloeCheapDefend"],"picked":"SKIP","floor":37.0},{"not_picked":["PrismaMod:ChloeCheapAttack","PrismaMod:ChloeExhaustOne+1","PrismaMod:ChloeCaladbolg+1"],"picked":"SKIP","floor":38.0},{"not_picked":["PrismaMod:ChloeMordred","PrismaMod:ChloeCheapDefendTwo+1","PrismaMod:ChloeDiscardRecovery"],"picked":"SKIP","floor":39.0},{"not_picked":["PrismaMod:ChloeMordred","PrismaMod:ChloeCheapDefendTwo+1","PrismaMod:ChloeDiscardRecovery"],"picked":"SKIP","floor":39.0},{"not_picked":["PrismaMod:ChloeRuleBreaker","PrismaMod:ChloeGreatTracePools","PrismaMod:ChloeBetterTracePools"],"picked":"SKIP","floor":40.0},{"not_picked":["PrismaMod:ChloeCommonAOEAttack","PrismaMod:ChloeCheapDefend+1"],"picked":"PrismaMod:ChloeCaladbolg+1","floor":42.0},{"not_picked":["PrismaMod:ChloeCheapAttackTwo+1","PrismaMod:ChloeCaladbolg+1","PrismaMod:ChloeDiscardRecovery"],"picked":"SKIP","floor":44.0},{"not_picked":["infinitespire:Punishment","infinitespire:SealOfDarkness+"],"picked":"infinitespire:Oblivion","floor":48.0},{"not_picked":["PrismaMod:ChloeCheapAttackTwo+1","PrismaMod:ChloeCheapDefendTwo+1","PrismaMod:ChloeExhaustOne"],"picked":"SKIP","floor":48.0},{"not_picked":["PrismaMod:ChloeAnyCommonTrace","PrismaMod:ChloeCarnivalDefend"],"picked":"PrismaMod:ChloeGreatTracePools","floor":50.0},{"not_picked":["PrismaMod:ChloeBetterTracePools","PrismaMod:ChloeCaladbolg","PrismaMod:ChloeDiscardRecovery"],"picked":"PrismaMod:ChloeCheapDefend","floor":52.0},{"not_picked":["PrismaMod:ChloeCommonAOEAttack","PrismaMod:ChloeDiscardRecovery","PrismaMod:ChloeRhongomyniad"],"picked":"PrismaMod:ChloeChristmas","floor":53.0},{"not_picked":["PrismaMod:ChloeCheapAttack","PrismaMod:ChloeDiscardRecovery","PrismaMod:ChloeCheapAttackTwo"],"picked":"PrismaMod:ChloeExhaustOne","floor":55.0},{"not_picked":["PrismaMod:ChloeCheapAttackTwo","PrismaMod:ChloeDiscardRecovery","PrismaMod:ChloeCheapDefendTwo"],"picked":"PrismaMod:ChloeDemonicTutor","floor":56.0},{"not_picked":["PrismaMod:ChloeExhaustOne","PrismaMod:ChloeCommonAOEAttack","PrismaMod:ChloeDiscardRecovery"],"picked":"PrismaMod:ChloeReshuffleDiscard","floor":58.0},{"not_picked":["PrismaMod:ChloeExhaustOne","PrismaMod:ChloeRhongomyniad","PrismaMod:ChloeRitsuka"],"picked":"PrismaMod:ChloeGaeBolg","floor":61.0},{"not_picked":["PrismaMod:ChloeCheapAttack","PrismaMod:ChloeCheapDefend","PrismaMod:ChloeCheapAttackTwo"],"picked":"PrismaMod:ChloeExhaustOne","floor":64.0},{"not_picked":["PrismaMod:ChloeRitsuka","PrismaMod:ChloeCommonAOEAttack","PrismaMod:ChloeCheapDefendTwo"],"picked":"PrismaMod:ChloeHalloween","floor":65.0},{"not_picked":["PrismaMod:ChloeAnySkillTrace","PrismaMod:ChloeReshuffleDiscard","PrismaMod:ChloeUnlimitedBladeWorks"],"picked":"PrismaMod:ChloeCarnivalAttack","floor":67.0},{"not_picked":["PrismaMod:ChloeUncommonAOEAttack","PrismaMod:ChloeRhongomyniad","PrismaMod:ChloeCheapAttackTwo"],"picked":"PrismaMod:ChloeMordred+1","floor":69.0},{"not_picked":["PrismaMod:ChloeExhaustTwo","PrismaMod:ChloeBetterTracePools","PrismaMod:ChloeCheapDefend","PrismaMod:ChloeUncommonAOEAttack"],"picked":"SKIP","floor":70.0},{"not_picked":["PrismaMod:ChloeCommonAOEAttack+1","PrismaMod:ChloeCheapDefend","PrismaMod:ChloeAnyCommonTrace"],"picked":"PrismaMod:ChloeCheapDefendTwo+1","floor":71.0},{"not_picked":["PrismaMod:ChloeCheapDefend","PrismaMod:ChloeDiscardRecovery","PrismaMod:ChloeExhaustOne"],"picked":"PrismaMod:ChloeCommonAOEAttack","floor":71.0},{"not_picked":["PrismaMod:ChloeCommonAOEAttack+1","PrismaMod:ChloeCheapAttack","PrismaMod:ChloeCheapDefendTwo"],"picked":"PrismaMod:ChloeExhaustOne+1","floor":72.0},{"not_picked":["PrismaMod:ChloeAnySkillTrace","PrismaMod:ChloeCaladbolg","PrismaMod:ChloeCheapDefend"],"picked":"PrismaMod:ChloeCheapDefendTwo+1","floor":73.0},{"not_picked":["PrismaMod:ChloeCommonAOEAttack","PrismaMod:ChloeCheapDefendTwo","PrismaMod:ChloeGaeBolg"],"picked":"PrismaMod:ChloeDiscardRecovery","floor":76.0},{"not_picked":["PrismaMod:ChloeUncommonDefend+1","PrismaMod:ChloeEyeOfTheEuryale","PrismaMod:ChloeCommonAOEAttack"],"picked":"PrismaMod:ChloeExhaustOne","floor":80.0},{"not_picked":["PrismaMod:ChloeUncommonAOEAttack","PrismaMod:ChloeEyeOfTheEuryale","PrismaMod:ChloeCheapAttackTwo"],"picked":"PrismaMod:ChloeCheapDefend+1","floor":82.0},{"not_picked":["PrismaMod:ChloeGreatTracePools","PrismaMod:ChloeUnlimitedBladeWorks","PrismaMod:ChloeAnyCommonTrace"],"picked":"PrismaMod:ChloeExhaustThree","floor":84.0},{"not_picked":["infinitespire:Punishment","infinitespire:SealOfDarkness+"],"picked":"infinitespire:FutureSight","floor":85.0},{"not_picked":["PrismaMod:ChloeRitsuka","PrismaMod:ChloeCheapDefend+1","PrismaMod:ChloeMordred"],"picked":"PrismaMod:ChloeExhaustOne","floor":86.0},{"not_picked":["PrismaMod:ChloeDiscardRecovery+1","PrismaMod:ChloeCommonAOEAttack","PrismaMod:ChloeCaladbolg+1"],"picked":"PrismaMod:ChloeCheapAttack+1","floor":88.0},{"not_picked":["PrismaMod:ChloeCommonAOEAttack+1","PrismaMod:ChloeGreatTracePools","PrismaMod:ChloeCheapDefend"],"picked":"PrismaMod:ChloeEyeOfTheEuryale+1","floor":89.0},{"not_picked":["PrismaMod:ChloeCheapAttack","PrismaMod:ChloeUncommonAttack","PrismaMod:ChloeCheapDefendTwo+1"],"picked":"PrismaMod:ChloeRhongomyniad+1","floor":91.0},{"not_picked":["PrismaMod:ChloeCaladbolg","PrismaMod:ChloeCheapAttack+1","PrismaMod:ChloeUncommonAOEAttack","PrismaMod:ChloeCommonAOEAttack"],"picked":"SKIP","floor":92.0},{"not_picked":["PrismaMod:ChloeCommonAOEAttack+1","PrismaMod:ChloeCheapAttack","PrismaMod:ChloeCheapDefendTwo+1"],"picked":"PrismaMod:ChloeExhaustOne+1","floor":97.0},{"not_picked":["PrismaMod:ChloeAnySkillTrace","PrismaMod:ChloeDevil","PrismaMod:ChloeCheapDefendTwo","PrismaMod:ChloeDiscardRecovery+1"],"picked":"SKIP","floor":98.0},{"not_picked":["PrismaMod:ChloeGaeBolg","PrismaMod:ChloeDemonicTutor","PrismaMod:ChloeCommonAOEAttack","PrismaMod:ChloeRitsuka"],"picked":"SKIP","floor":99.0},{"not_picked":["PrismaMod:ChloeCheapDefendTwo","PrismaMod:ChloeCheapAttackTwo","PrismaMod:ChloeDiscardRecovery","PrismaMod:ChloeCommonAOEAttack"],"picked":"SKIP","floor":103.0},{"not_picked":["PrismaMod:ChloeCheapAttack","PrismaMod:ChloeBetterTracePools","PrismaMod:ChloeCheapDefend","PrismaMod:ChloeDiscardRecovery"],"picked":"SKIP","floor":105.0},{"not_picked":["PrismaMod:ChloeCommonAOEAttack","PrismaMod:ChloeExhaustOne","PrismaMod:ChloeCheapDefend","PrismaMod:ChloeCheapDefendTwo"],"picked":"SKIP","floor":108.0},{"not_picked":["PrismaMod:ChloeCheapAttack","PrismaMod:ChloeRuleBreaker","PrismaMod:ChloeCheapAttackTwo","PrismaMod:ChloeCheapDefend"],"picked":"SKIP","floor":109.0},{"not_picked":["PrismaMod:ChloeExhaustTwo","PrismaMod:ChloeBetterTracePools","PrismaMod:ChloeExhaustOne","PrismaMod:ChloeDemonicTutor"],"picked":"SKIP","floor":113.0},{"not_picked":["infinitespire:Gouge","infinitespire:SevenWalls"],"picked":"hubris:Fate","floor":114.0},{"not_picked":["PrismaMod:ChloeHalloween","PrismaMod:ChloeGreatTracePools","PrismaMod:ChloeAnyPowerTrace"],"picked":"PrismaMod:ChloeCarnivalAOEAttack","floor":118.0},{"not_picked":["PrismaMod:ChloeExcalibur","PrismaMod:ChloeEyeOfTheEuryale"],"picked":"SKIP","floor":120.0},{"not_picked":["PrismaMod:ChloeCheapDefendTwo+1","PrismaMod:ChloeUncommonAOEAttack"],"picked":"SKIP","floor":122.0},{"not_picked":["PrismaMod:ChloeRitsuka","PrismaMod:ChloeExhaustOne"],"picked":"SKIP","floor":123.0},{"not_picked":["PrismaMod:ChloeCheapAttack","PrismaMod:ChloeGaeBolg"],"picked":"SKIP","floor":124.0},{"not_picked":["PrismaMod:ChloeRitsuka+1","PrismaMod:ChloeUncommonAOEAttack"],"picked":"SKIP","floor":126.0},{"not_picked":["PrismaMod:ChloeBetterTracePools+1","PrismaMod:ChloeCheapAttackTwo+1"],"picked":"SKIP","floor":129.0},{"not_picked":["PrismaMod:ChloeCheapDefend","PrismaMod:ChloeEyeOfTheEuryale"],"picked":"SKIP","floor":130.0},{"not_picked":["PrismaMod:ChloeMordred","PrismaMod:ChloeAnySkillTrace"],"picked":"SKIP","floor":131.0},{"not_picked":["PrismaMod:ChloeGaeBolg+1","PrismaMod:ChloeMaid"],"picked":"SKIP","floor":137.0}],"player_experience":186001,"relics_obtained":[{"floor":9.0,"key":"Blue Doll"},{"floor":14.0,"key":"infinitespire:FocusingShard"},{"floor":26.0,"key":"Bottled Lightning"},{"floor":28.0,"key":"Smiling Mask"},{"floor":30.0,"key":"Replay:Towering Pillar of Hats"},{"floor":40.0,"key":"Iron Hammer"},{"floor":43.0,"key":"Girya"},{"floor":44.0,"key":"Blood Vial"},{"floor":48.0,"key":"Gambling Chip"},{"floor":60.0,"key":"hubris:Reverence"},{"floor":61.0,"key":"hubris:DuctTape"},{"floor":65.0,"key":"Boot"},{"floor":71.0,"key":"Replay:Baseball"},{"floor":77.0,"key":"Replay:Bandana"},{"floor":82.0,"key":"PreservedInsect"},{"floor":92.0,"key":"Chameleon Ring"},{"floor":94.0,"key":"Matryoshka"},{"floor":96.0,"key":"StoneCalendar"},{"floor":98.0,"key":"Juzu Bracelet"},{"floor":108.0,"key":"ReplayTheSpireMod:Ninjato"},{"floor":111.0,"key":"Potion Belt"},{"floor":111.0,"key":"infinitespire:Satchel"},{"floor":116.0,"key":"Toy Ornithopter"},{"floor":116.0,"key":"Ornamental Fan"},{"floor":126.0,"key":"Replay:Wax Seal"},{"floor":128.0,"key":"hubris:MysteriousPyramids"},{"floor":130.0,"key":"infinitespire:Bottled Soul"}],"event_choices":[{"damage_healed":0.0,"max_hp_gain":0.0,"max_hp_loss":0.0,"gold_gain":0.0,"event_name":"WeMeetAgain","player_choice":"Gave Potion","floor":12.0,"gold_loss":0.0,"damage_taken":0.0,"relics_obtained":["Incense Burner"]},{"damage_healed":0.0,"max_hp_gain":5.0,"max_hp_loss":0.0,"gold_gain":0.0,"event_name":"Forgotten Altar","player_choice":"Shed Blood","floor":21.0,"gold_loss":0.0,"damage_taken":19.0},{"cards_removed":["PrismaMod:ChloeCaladbolg"],"damage_healed":0.0,"max_hp_gain":0.0,"max_hp_loss":0.0,"gold_gain":0.0,"event_name":"Bonfire Elementals","player_choice":"Offered Uncommon","floor":47.0,"gold_loss":0.0,"damage_taken":0.0},{"cards_removed":["PrismaMod:ChloeBetterTracePools"],"damage_healed":0.0,"max_hp_gain":0.0,"max_hp_loss":0.0,"gold_gain":0.0,"event_name":"Falling","player_choice":"Removed Power","floor":87.0,"gold_loss":0.0,"damage_taken":0.0},{"damage_healed":0.0,"max_hp_gain":0.0,"max_hp_loss":0.0,"gold_gain":0.0,"event_name":"Mysterious Sphere","player_choice":"Fight","floor":96.0,"gold_loss":0.0,"damage_taken":0.0},{"cards_removed":["PrismaMod:ChloeCommonDefend"],"damage_healed":0.0,"max_hp_gain":0.0,"max_hp_loss":0.0,"gold_gain":0.0,"event_name":"Golden Wing","player_choice":"Card Removal","floor":106.0,"gold_loss":0.0,"damage_taken":7.0},{"damage_healed":0.0,"max_hp_gain":0.0,"max_hp_loss":0.0,"gold_gain":0.0,"cards_transformed":["PrismaMod:ChloeCommonAttack"],"event_name":"Transmorgrifier","player_choice":"Transformed","floor":110.0,"gold_loss":0.0,"damage_taken":0.0,"cards_obtained":["PrismaMod:ChloeEyeOfTheEuryale"]},{"damage_healed":0.0,"max_hp_gain":0.0,"max_hp_loss":0.0,"gold_gain":0.0,"event_name":"Shining Light","player_choice":"Entered Light","floor":115.0,"gold_loss":0.0,"damage_taken":17.0,"cards_upgraded":["PrismaMod:ChloeCommonAttack","PrismaMod:ChloeCommonAttack"]},{"damage_healed":0.0,"max_hp_gain":0.0,"max_hp_loss":0.0,"gold_gain":0.0,"event_name":"Accursed Blacksmith","player_choice":"Rummage","floor":121.0,"gold_loss":0.0,"damage_taken":0.0,"relics_obtained":["WarpedTongs"],"cards_obtained":["Pain"]},{"damage_healed":0.0,"max_hp_gain":5.0,"max_hp_loss":0.0,"gold_gain":0.0,"event_name":"Forgotten Altar","player_choice":"Shed Blood","floor":132.0,"gold_loss":0.0,"damage_taken":21.0},{"damage_healed":0.0,"max_hp_gain":0.0,"max_hp_loss":0.0,"gold_gain":0.0,"event_name":"Duplicator","player_choice":"Copied","floor":133.0,"gold_loss":0.0,"damage_taken":0.0,"cards_obtained":["hubris:DuctTapeCard"]},{"damage_healed":0,"gold_gain":0,"player_choice":"Fight","damage_taken":0,"max_hp_gain":0,"max_hp_loss":0,"event_name":"Mysterious Sphere","floor":140,"gold_loss":0}],"is_beta":false,"boss_relics":[{"not_picked":["Kintsugi","Runic Dome"],"picked":"SacredBark"},{"not_picked":["infinitespire:Cupcake","Velvet Choker"],"picked":"Painkiller Herb"},{"not_picked":["hubris:TerracottaHorce","Calling Bell"],"picked":"Honey Jar"},{"not_picked":["hubris:HollowSoul","Kintsugi"],"picked":"hubris:ScarierMask"},{"not_picked":["Pandora\u0027s Box","Replay:Ancient Bell"],"picked":"ChewingGum"},{"not_picked":["hubris:BlackHole","Fusion Hammer"],"picked":"Empty Cage"},{"not_picked":["hubris:CrackedHourglass","Tiny House"],"picked":"Busted Crown"},{"not_picked":["Calling Bell","ReplayTheSpireMod:DimensionalGlitch"],"picked":"hubris:Backtick"}],"items_purged_floors":[62,62,78],"is_endless":true,"potions_floor_spawned":[1,2,4,7,13,29,30,31,35,37,39,42,52,61,65,67,72,73,80,84,88,89,92,99,113,118,122,123,129,137],"killed_by":"2 Orb Walkers","ascension_level":0}}