{"host":"wgmbtq7u7cgqo6r7","time":1610425190,"event":{"mods":["BaseMod","Colored Powertips","Minty Spire (QoL Compilation)","Rare Cards Sparkle","StSLib","everything is the same but u backflip on backflip"],"gold_per_floor":[112,126,126,141,156,156,185,185,238,249,264,275,290,310,310,310,310],"floor_reached":16,"playtime":1005,"items_purged":[],"score":119,"play_id":"c066b4c2-0613-42ce-9cb4-3b11d8f278bd","local_time":"20210111231950","is_ascension_mode":true,"campfire_choices":[{"floor":6,"key":"REST"},{"floor":8,"key":"REST"},{"floor":15,"key":"REST"}],"circlet_count":0,"master_deck":["Strike_R","Strike_R","Strike_R","Defend_R","Defend_R","Defend_R","Defend_R","Bash","Bloodletting","Cleave","Shrug It Off","Impervious","Shrug It Off","Whirlwind","Exhume","Headbutt","Carnage"],"relics":["Burning Blood","CultistMask","Darkstone Periapt"],"acts_visited":["Exordium"],"potions_floor_usage":[7,14],"damage_taken":[{"damage":0,"enemies":"Small Slimes","floor":1,"turns":3},{"damage":0,"enemies":"Cultist","floor":2,"turns":3},{"damage":8,"enemies":"Jaw Worm","floor":4,"turns":4},{"damage":30,"enemies":"Large Slime","floor":5,"turns":10},{"damage":31,"enemies":"3 Sentries","floor":7,"turns":13},{"damage":14,"enemies":"Exordium Wildlife","floor":10,"turns":9},{"damage":0,"enemies":"3 Louse","floor":11,"turns":3},{"damage":16,"enemies":"2 Fungi Beasts","floor":12,"turns":4},{"damage":34,"enemies":"Large Slime","floor":13,"turns":10},{"damage":6,"enemies":"Exordium Wildlife","floor":14,"turns":4},{"damage":0,"enemies":"The Guardian","floor":16,"turns":2}],"seed_played":"6446730379574750860","potions_obtained":[{"floor":2,"key":"ElixirPotion"},{"floor":5,"key":"CultistPotion"},{"floor":10,"key":"Explosive Potion"},{"floor":12,"key":"FearPotion"},{"floor":14,"key":"BloodPotion"}],"is_trial":false,"path_per_floor":["M","M","?","M","M","R","E","R","T","M","M","M","M","M","R","B"],"character_chosen":"IRONCLAD","items_purchased":[],"campfire_rested":3,"item_purchase_floors":[],"current_hp_per_floor":[72,72,72,70,46,67,42,63,63,55,61,51,23,23,44,44,44],"gold":310,"neow_bonus":"TRANSFORM_TWO_CARDS","is_daily":false,"chose_seed":false,"campfire_upgraded":0,"win_rate":0.0,"timestamp":1610425190,"path_taken":["M","M","?","?","M","R","E","R","T","M","M","M","M","M","R","BOSS"],"items_purchased_type":[],"build_version":"2020-12-22","purchased_purges":0,"victory":false,"max_hp_per_floor":[72,72,72,72,72,72,72,72,72,72,72,72,72,72,72,72,72],"card_choices":[{"not_picked":["Iron Wave","Havoc"],"picked":"Shrug It Off","floor":1},{"not_picked":["Twin Strike","Seeing Red"],"picked":"Impervious","floor":2},{"not_picked":["Power Through","Sword Boomerang","Body Slam"],"picked":"SKIP","floor":4},{"not_picked":["Twin Strike","Warcry"],"picked":"Shrug It Off","floor":5},{"not_picked":["Body Slam","Bloodletting","Wild Strike"],"picked":"SKIP","floor":7},{"not_picked":["Headbutt","Shrug It Off"],"picked":"Whirlwind","floor":10},{"not_picked":["Intimidate","Headbutt"],"picked":"Exhume","floor":11},{"not_picked":["Uppercut","Whirlwind"],"picked":"Headbutt","floor":12},{"not_picked":["Sword Boomerang","True Grit"],"picked":"Carnage","floor":13},{"not_picked":["Sword Boomerang","Dropkick","Intimidate"],"picked":"SKIP","floor":14}],"player_experience":115579,"relics_obtained":[{"floor":7,"key":"Darkstone Periapt"}],"event_choices":[{"damage_healed":0,"gold_gain":0,"player_choice":"Trade","damage_taken":0,"relics_obtained":["CultistMask"],"max_hp_gain":0,"max_hp_loss":0,"event_name":"FaceTrader","floor":3,"gold_loss":0}],"is_beta":false,"boss_relics":[],"items_purged_floors":[],"is_endless":false,"potions_floor_spawned":[2,5,10,12,14],"killed_by":"The Guardian","ascension_level":2}}