{"host":"j0pfm12paoskip8g","time":1610450636,"event":{"mods":["AchievementEnabler","BaseMod","Colored Map","Hermit","Marisa????????","Minty Spire (QoL Compilation)","Rare Cards Sparkle","StSLib","SuperFastMode","The Animator","The Bug Knight","The Cursed","The Necromancer","The Runesmith","The Servant 0.9.4"],"gold_per_floor":[117,117,117,197,122,122,148,7,7,23,23,23],"floor_reached":11,"playtime":421,"items_purged":["hermit:Strike_Hermit","hermit:Strike_Hermit"],"score":69,"play_id":"9b598b87-90a7-4861-a182-92f584bda652","local_time":"20210112122356","is_ascension_mode":false,"campfire_choices":[{"floor":6,"key":"RECALL"}],"circlet_count":0,"master_deck":["hermit:Strike_Hermit+1","hermit:Strike_Hermit+1","hermit:Defend_Hermit","hermit:Defend_Hermit","hermit:Defend_Hermit","hermit:Defend_Hermit","hermit:Snapshot","hermit:Covet","Writhe","hermit:TrackingShot","hermit:TrackingShot","hermit:EyeOfTheStorm"],"relics":["hermit:Momento","StoneCalendar","Gremlin Horn","HornCleat","Girya"],"acts_visited":["Exordium"],"potions_floor_usage":[7,11],"damage_taken":[{"damage":8,"enemies":"Jaw Worm","floor":1,"turns":3},{"damage":24,"enemies":"HollowMod:MossKnight","floor":7,"turns":7},{"damage":2,"enemies":"2 Louse","floor":10,"turns":2},{"damage":14,"enemies":"Gremlin Nob","floor":11,"turns":3}],"seed_played":"-6363641393690020166","potions_obtained":[{"floor":1,"key":"ColorlessPotion"},{"floor":7,"key":"Strength Potion"}],"is_trial":false,"path_per_floor":["M","?","?","?","$","R","E","$","T","M","E"],"character_chosen":"HERMIT","items_purchased":["hermit:EyeOfTheStorm"],"campfire_rested":0,"item_purchase_floors":[8],"current_hp_per_floor":[67,52,40,40,40,40,16,16,16,14,0,0],"gold":23,"neow_bonus":"ONE_RARE_RELIC","is_daily":false,"chose_seed":false,"campfire_upgraded":0,"win_rate":0.0,"timestamp":1610450636,"path_taken":["M","?","?","?","?","R","E","$","T","M","E"],"items_purchased_type":["Card"],"build_version":"2020-12-22","purchased_purges":2,"victory":false,"max_hp_per_floor":[75,75,75,75,75,75,75,75,75,75,75,75],"card_choices":[{"not_picked":["hermit:Dive","hermit:CalledShot"],"picked":"hermit:TrackingShot","floor":1},{"not_picked":["hermit:Misfire","hermit:Glare"],"picked":"hermit:TrackingShot","floor":7},{"not_picked":["hermit:Coalescence","hermit:TakeCover","hermit:Combo"],"picked":"SKIP","floor":10}],"player_experience":21994,"relics_obtained":[{"floor":7,"key":"HornCleat"},{"floor":9,"key":"Girya"}],"event_choices":[{"damage_healed":0,"gold_gain":0,"player_choice":"Entered Light","damage_taken":15,"max_hp_gain":0,"max_hp_loss":0,"event_name":"Shining Light","floor":2,"gold_loss":0,"cards_upgraded":["hermit:Strike_Hermit","hermit:Strike_Hermit"]},{"damage_healed":0,"gold_gain":0,"player_choice":"Success","damage_taken":12,"relics_obtained":["Gremlin Horn"],"max_hp_gain":0,"max_hp_loss":0,"event_name":"Scrap Ooze","floor":3,"gold_loss":0},{"damage_healed":0,"gold_gain":80,"player_choice":"Gained Gold","damage_taken":0,"max_hp_gain":0,"max_hp_loss":0,"event_name":"Golden Wing","floor":4,"gold_loss":0}],"is_beta":false,"boss_relics":[],"items_purged_floors":[5,8],"is_endless":false,"potions_floor_spawned":[1,7],"killed_by":"Gremlin Nob","ascension_level":0}}