{"host":"y7nvn6we0yxlm02i","time":1610455761,"event":{"mods":["BaseMod","Colored Powertips","Friendly Minions","GifTheSpireLib","Hero for Fun","Highlight Path","Minty Spire (QoL Compilation)","Quick Restart","StSLib","SuperFastMode","The Animator","The Cursed","Transform Curses","Yohane!"],"gold_per_floor":[112,123,198,373,373,405,419,419,445,445,478,492,492,82,82,181,181,121,121],"floor_reached":18,"playtime":818,"items_purged":["Doubt"],"score":176,"play_id":"3a507c43-a5f5-45d8-897e-4b6b6ddb7872","local_time":"20210112204921","is_ascension_mode":true,"campfire_choices":[{"floor":8.0,"key":"REST"},{"data":"Yohane:Little_Demon_Recruit","floor":10.0,"key":"SMITH"},{"floor":13.0,"key":"REST"},{"data":"Yohane:Little_Demon_Ruby","floor":15.0,"key":"SMITH"}],"circlet_count":0,"master_deck":["Yohane:Strike_Grey","Yohane:Strike_Grey","Yohane:Strike_Grey","Yohane:Strike_Grey","Yohane:Defend_Grey","Yohane:Defend_Grey","Yohane:Defend_Grey","Yohane:Defend_Grey","Yohane:Little_Demon_Lily","Yohane:Well_Laid_Ambush","Yohane:Little_Demon_Ruby+1","Yohane:Inspiration","Yohane:Little_Demon_Recruit+1","Yohane:Dark_Rest","Yohane:My_Mai_Tonight","Yohane:Dark_Shield","Yohane:Energy_Change","Yohane:Grace_Under_Fire","Yohane:Energetic_Performance"],"relics":["Yohane:AngelWings","Girya","Shuriken","Unceasing Top","Regal Pillow","Boot","Molten Egg 2","SlaversCollar"],"acts_visited":["Exordium","TheCity"],"potions_floor_usage":[],"damage_taken":[{"damage":6.0,"enemies":"Jaw Worm","floor":1.0,"turns":3.0},{"damage":0.0,"enemies":"2 Louse","floor":2.0,"turns":3.0},{"damage":3.0,"enemies":"Lagavulin","floor":6.0,"turns":9.0},{"damage":0.0,"enemies":"Cultist","floor":7.0,"turns":3.0},{"damage":22.0,"enemies":"Gremlin Nob","floor":11.0,"turns":4.0},{"damage":0.0,"enemies":"Red Slaver","floor":12.0,"turns":3.0},{"damage":11.0,"enemies":"Slime Boss","floor":16.0,"turns":12.0},{"damage":14,"enemies":"2 Thieves","floor":18,"turns":4}],"seed_played":"8714874730629600789","potions_obtained":[{"floor":7.0,"key":"BlessingOfTheForge"},{"floor":11.0,"key":"DuplicationPotion"},{"floor":12.0,"key":"Explosive Potion"}],"is_trial":false,"path_per_floor":["M","M","?","?","T","E","M","R","T","R","E","M","R","$","R","B",null,"M"],"character_chosen":"FallenAngel","items_purchased":["Yohane:Energy_Change","Molten Egg 2","Yohane:Grace_Under_Fire"],"campfire_rested":2,"item_purchase_floors":[14,14,14],"current_hp_per_floor":[36,36,25,25,25,22,22,40,40,40,18,18,51,51,51,40,60,46,46],"gold":121,"neow_bonus":"ONE_RARE_RELIC","is_daily":false,"chose_seed":false,"campfire_upgraded":2,"win_rate":0.0,"timestamp":1610455761,"path_taken":["M","M","?","?","?","E","?","R","T","R","E","M","R","?","R","BOSS","M"],"items_purchased_type":["Card","Relic","Card"],"build_version":"2020-12-22","purchased_purges":1,"victory":false,"max_hp_per_floor":[60,60,60,60,60,60,60,60,60,60,60,60,60,60,60,60,60,60,60],"card_choices":[{"not_picked":["Yohane:Misfortune","Yohane:Kowareyasuki"],"picked":"Yohane:Little_Demon_Ruby","floor":1.0},{"not_picked":["Yohane:Miracle_Wave","Yohane:Angel_Tears"],"picked":"Yohane:Inspiration","floor":2.0},{"not_picked":["Yohane:Miracle_Wave","Yohane:Angel_Tears"],"picked":"Yohane:Little_Demon_Recruit","floor":6.0},{"not_picked":["Yohane:Go_All_Out","Yohane:Inspiration"],"picked":"Yohane:Dark_Rest","floor":7.0},{"not_picked":["Yohane:Allure_of_Darkness","Yohane:City_Of_Sin"],"picked":"Yohane:My_Mai_Tonight","floor":11.0},{"not_picked":["Yohane:Sloth","Yohane:Reckless_Greed"],"picked":"Yohane:Dark_Shield","floor":12.0},{"not_picked":["Yohane:Imagine_Breaker","Yohane:Strawberry_Trapper"],"picked":"Yohane:Energetic_Performance","floor":16.0}],"player_experience":239397,"relics_obtained":[{"floor":5.0,"key":"Shuriken"},{"floor":6.0,"key":"Unceasing Top"},{"floor":9.0,"key":"Regal Pillow"},{"floor":11.0,"key":"Boot"}],"event_choices":[{"damage_healed":0.0,"max_hp_gain":0.0,"max_hp_loss":0.0,"gold_gain":75.0,"event_name":"World of Goop","player_choice":"Gather Gold","floor":3.0,"gold_loss":0.0,"damage_taken":11.0},{"damage_healed":0.0,"max_hp_gain":0.0,"max_hp_loss":0.0,"gold_gain":175.0,"event_name":"Liars Game","player_choice":"AGREE","floor":4.0,"gold_loss":0.0,"damage_taken":0.0,"cards_obtained":["Doubt"]}],"is_beta":false,"boss_relics":[{"not_picked":["Black Star","Coffee Dripper"],"picked":"SlaversCollar"}],"items_purged_floors":[14],"is_endless":false,"potions_floor_spawned":[7,11,12],"killed_by":"2 Thieves","ascension_level":1}}