{"host":"qijhzzkmbgiiyux7","time":1610462749,"event":{"mods":["BaseMod","Downfall","Hermit","Minty Spire (QoL Compilation)","Replay The Spire","StSLib","The Cursed"],"gold_per_floor":[119,119,202,214,233,233,246,276,276,288,288,266,281,296,296,395,395,405,20,36,36,48,48,65,82,160,75,75,38,38,58,58,58,58],"floor_reached":33,"playtime":1444,"items_purged":[],"score":251,"play_id":"ce483042-456b-4a82-8555-1b1b5e7a3612","local_time":"20210112174549","is_ascension_mode":false,"campfire_choices":[{"data":"Whirlwind","floor":6,"key":"SMITH"},{"floor":15,"key":"REST"},{"data":"Searing Blow","floor":23,"key":"SMITH"},{"floor":32,"key":"REST"}],"circlet_count":0,"master_deck":["Strike_R","Strike_R","Strike_R","Strike_R","Defend_R","Defend_R","Defend_R","Defend_R","Bash","Carnage","Fire Breathing","Thunderclap","Whirlwind+1","Flex","True Grit","Intimidate","Anger","Defy Death","ReplayTheSpireMod:Strike From Hell","Blood for Blood","Entrench","Bludgeon","Pommel Strike","Searing Blow+1","Thunderclap","Life Link","RitualDagger","Heavy Blade","Iron Wave","Battle Trance","Shrug It Off","Shrug It Off","Shrug It Off"],"relics":["Burning Blood","Replay:WaspNest","Eternal Feather","Replay:Grab Bag","Philosopher\u0027s Stone","SlaversCollar","ReplayTheSpireMod:Onyx Gauntlets","Counterbalance","Paper Frog","Mercury Hourglass","MutagenicStrength"],"acts_visited":["Exordium","TheCity"],"potions_floor_usage":[16,16,31,33],"damage_taken":[{"damage":5,"enemies":"Small Slimes","floor":1,"turns":4},{"damage":5,"enemies":"2 Louse","floor":4,"turns":2},{"damage":6,"enemies":"Cultist","floor":5,"turns":3},{"damage":7,"enemies":"Blue Slaver","floor":7,"turns":2},{"damage":12,"enemies":"Gremlin Nob","floor":8,"turns":4},{"damage":20,"enemies":"Large Slime","floor":10,"turns":5},{"damage":10,"enemies":"Looter","floor":13,"turns":2},{"damage":0,"enemies":"2 Fungi Beasts","floor":14,"turns":2},{"damage":61,"enemies":"The Guardian","floor":16,"turns":11},{"damage":10,"enemies":"Shell Parasite","floor":18,"turns":3},{"damage":31,"enemies":"2 Thieves","floor":20,"turns":3},{"damage":18,"enemies":"Snake Plant","floor":22,"turns":2},{"damage":45,"enemies":"Shelled Parasite and Fungi","floor":24,"turns":5},{"damage":11,"enemies":"Sentry and Sphere","floor":25,"turns":3},{"damage":7,"enemies":"Cultist and Chosen","floor":31,"turns":3},{"damage":55,"enemies":"Collector","floor":33,"turns":6}],"seed_played":"-3819151085594859996","potions_obtained":[{"floor":1,"key":"FearPotion"},{"floor":4,"key":"Swift Potion"},{"floor":8,"key":"SkillPotion"},{"floor":18,"key":"SkillPotion"}],"is_trial":false,"path_per_floor":["M","?","?","M","M","R","M","E","T","M","?","?","M","M","R","B",null,"M","$","M","?","M","R","M","M","T","?","?","$","?","M","R","B"],"character_chosen":"IRONCLAD","items_purchased":["Searing Blow","Counterbalance","Thunderclap","Shrug It Off"],"campfire_rested":2,"item_purchase_floors":[19,19,19,29],"current_hp_per_floor":[88,88,53,54,54,54,53,47,47,33,33,33,29,35,73,18,88,84,84,59,53,41,56,17,12,12,12,12,12,12,11,55,0,0],"gold":58,"neow_bonus":"TEN_PERCENT_HP_BONUS","is_daily":false,"chose_seed":false,"campfire_upgraded":2,"win_rate":0.0,"timestamp":1610462749,"path_taken":["M","?","?","M","?","R","M","E","T","M","?","?","M","M","R","BOSS","M","$","M","?","M","R","M","M","T","?","?","?","?","M","R","BOSS"],"items_purchased_type":["Card","Relic","Card","Card"],"build_version":"2020-12-22","purchased_purges":0,"victory":false,"max_hp_per_floor":[88,88,88,88,88,88,88,88,88,88,88,88,88,88,88,88,88,88,88,88,88,88,88,88,88,88,88,88,88,88,88,88,88,88],"card_choices":[{"not_picked":["Burning Pact","Seeing Red"],"picked":"Carnage","floor":1},{"not_picked":["Hemokinesis","Pommel Strike"],"picked":"Thunderclap","floor":3},{"not_picked":["Clothesline","Body Slam"],"picked":"Whirlwind","floor":3},{"not_picked":["Whirlwind","Clash"],"picked":"Flex","floor":3},{"not_picked":["Sword Boomerang","Warcry"],"picked":"True Grit","floor":4},{"not_picked":["Flex","Run Through"],"picked":"Intimidate","floor":5},{"not_picked":["Clash","Shockwave"],"picked":"Anger","floor":7},{"not_picked":["Warcry","Juggernaut"],"picked":"Defy Death","floor":8},{"not_picked":["Cleave","Searing Blow"],"picked":"ReplayTheSpireMod:Strike From Hell","floor":10},{"not_picked":["Dual Wield","Second Wind"],"picked":"Blood for Blood","floor":13},{"not_picked":["Sword Boomerang","Headbutt"],"picked":"Entrench","floor":14},{"not_picked":["Double Tap","Barricade"],"picked":"Bludgeon","floor":16},{"not_picked":["Flex","Bloodletting"],"picked":"Pommel Strike","floor":18},{"not_picked":["Anger","Inflame"],"picked":"Life Link","floor":20},{"not_picked":["Sword Boomerang","Limit Break"],"picked":"Heavy Blade","floor":22},{"not_picked":["Anger+1","Reckless Charge"],"picked":"Iron Wave","floor":24},{"not_picked":["Body Slam+1","Run Through"],"picked":"Battle Trance","floor":25},{"not_picked":["Anger","Entrench"],"picked":"Shrug It Off","floor":31}],"player_experience":24543,"relics_obtained":[{"floor":8,"key":"Replay:WaspNest"},{"floor":9,"key":"Eternal Feather"},{"floor":26,"key":"Paper Frog"}],"event_choices":[{"damage_healed":0,"gold_gain":0,"cards_transformed":["Strike_R"],"player_choice":"Change","damage_taken":0,"max_hp_gain":0,"max_hp_loss":0,"event_name":"Living Wall","floor":2,"gold_loss":0,"cards_obtained":["Fire Breathing"]},{"damage_healed":0,"gold_gain":0,"player_choice":"Ignored","damage_taken":0,"max_hp_gain":0,"max_hp_loss":0,"event_name":"Liars Game","floor":11,"gold_loss":0},{"damage_healed":0,"gold_gain":0,"player_choice":"Left Gold","damage_taken":0,"max_hp_gain":0,"max_hp_loss":0,"event_name":"World of Goop","floor":12,"gold_loss":22},{"damage_healed":0,"gold_gain":0,"player_choice":"Joined the Cult","damage_taken":6,"max_hp_gain":0,"max_hp_loss":0,"event_name":"Nest","floor":21,"gold_loss":0,"cards_obtained":["RitualDagger"]},{"damage_healed":0,"gold_gain":0,"player_choice":"Obtained Relic","damage_taken":0,"relics_obtained":["Mercury Hourglass"],"max_hp_gain":0,"max_hp_loss":0,"event_name":"Addict","floor":27,"gold_loss":85},{"damage_healed":0,"gold_gain":0,"player_choice":"Inject Mutagens","damage_taken":0,"relics_obtained":["MutagenicStrength"],"max_hp_gain":0,"max_hp_loss":0,"event_name":"Drug Dealer","floor":28,"gold_loss":0},{"damage_healed":0,"gold_gain":0,"player_choice":"Ignored","damage_taken":0,"max_hp_gain":0,"max_hp_loss":0,"event_name":"Cursed Tome","floor":30,"gold_loss":0}],"is_beta":false,"boss_relics":[{"not_picked":["Ooze Armor","SacredBark"],"picked":"Replay:Grab Bag"},{"not_picked":["Mark of Pain","Cursed Key"],"picked":"Philosopher\u0027s Stone"},{"not_picked":["Replay:Bronze Core","Sozu"],"picked":"SlaversCollar"},{"not_picked":["Runic Cube","Replay:Drink Me"],"picked":"ReplayTheSpireMod:Onyx Gauntlets"}],"items_purged_floors":[],"is_endless":false,"potions_floor_spawned":[1,4,8,13,18],"killed_by":"Collector","ascension_level":0}}