{"host":"19r1ww88x2tc73i0","time":1610437178,"event":{"mods":["BaseMod","BetterRewards","Colored Map","Minty Spire (QoL Compilation)","Relic Stats","StSLib","SuperFastMode","slay the spire mod where everything is the same but ironclad has a cowboy hat"],"gold_per_floor":[112,123,48,48,61,78,78,106,106,121,41,41,52,81,81,81,81],"floor_reached":16,"playtime":427,"items_purged":["Strike_B"],"score":224,"play_id":"58022fb6-ba94-4fd5-9f11-07f6ad7be0e3","local_time":"25640112143938","is_ascension_mode":true,"campfire_choices":[{"data":"Hologram","floor":7,"key":"SMITH"},{"data":"Defragment","floor":12,"key":"SMITH"},{"floor":15,"key":"REST"}],"circlet_count":0,"master_deck":["AscendersBane","Strike_B","Strike_B","Strike_B","Defend_B","Defend_B","Defend_B","Defend_B","Zap","Dualcast","Ball Lightning+1","Ball Lightning+1","Self Repair","Compile Driver+1","Hologram+1","Electrodynamics","Reinforced Body","Defragment+1","Ball Lightning+1"],"relics":["Cracked Core","Molten Egg 2","Matryoshka","Lantern","StrikeDummy","Boot","Mercury Hourglass","Singing Bowl"],"acts_visited":["Exordium"],"potions_floor_usage":[8,14,16],"damage_taken":[{"damage":0,"enemies":"Cultist","floor":1,"turns":2},{"damage":3,"enemies":"Small Slimes","floor":2,"turns":2},{"damage":9,"enemies":"Jaw Worm","floor":5,"turns":3},{"damage":8,"enemies":"Large Slime","floor":6,"turns":4},{"damage":8,"enemies":"Gremlin Nob","floor":8,"turns":3},{"damage":14,"enemies":"Lots of Slimes","floor":10,"turns":3},{"damage":0,"enemies":"3 Louse","floor":13,"turns":1},{"damage":10,"enemies":"Lagavulin","floor":14,"turns":4},{"damage":33,"enemies":"The Guardian","floor":16,"turns":7}],"seed_played":"-7859631792043194942","potions_obtained":[{"floor":1,"key":"SkillPotion"},{"floor":5,"key":"ColorlessPotion"},{"floor":14,"key":"LiquidMemories"}],"is_trial":false,"path_per_floor":["M","M","$","?","M","M","R","E","T","M","$","R","M","E","R","B"],"character_chosen":"DEFECT","items_purchased":["Molten Egg 2","Matryoshka","Ball Lightning+1","Lantern","Defragment"],"campfire_rested":1,"item_purchase_floors":[0,0,0,0,11],"current_hp_per_floor":[32,29,29,29,27,26,26,25,25,18,18,18,18,10,31,0,0],"gold":81,"neow_bonus":"","is_daily":false,"chose_seed":false,"campfire_upgraded":2,"win_rate":0.0,"timestamp":1610437178,"path_taken":["M","?","$","?","M","M","R","E","T","M","$","R","M","E","R","BOSS"],"items_purchased_type":["Relic","Relic","Card","Relic","Card"],"build_version":"2020-12-22","purchased_purges":1,"victory":false,"max_hp_per_floor":[71,71,71,71,71,71,71,71,71,71,71,71,71,73,73,73,73],"relic_stats":{"Singing Bowl":2,"counters":[233,1068],"Boot":[0],"obtain_stats":[{"Spirit Poop":45,"Ginger":37,"Whetstone":9,"Bottled Tornado":21,"Boot":9,"Old Coin":48,"Blood Vial":24,"MealTicket":46,"Fusion Hammer":34,"Kunai":44,"Blue Candle":40,"Eternal Feather":28,"Akabeko":8,"Cables":46,"SlaversCollar":17,"Bird Faced Urn":4,"Pandora\u0027s Box":17,"StrikeDummy":8,"Unceasing Top":0,"Lantern":36,"Regal Pillow":6,"Singing Bowl":0,"Torii":0,"StoneCalendar":0,"Bag of Preparation":29,"Ancient Tea Set":44,"Cursed Key":34,"Smiling Mask":40,"Matryoshka":4,"Shovel":0,"WingedGreaves":0,"Chemical X":38,"Potion Belt":20,"Lee\u0027s Waffle":0,"Inserter":17,"Golden Idol":10,"Thread and Needle":0,"PreservedInsect":26,"Omamori":0,"Frozen Egg 2":0,"MawBank":8,"Nuclear Battery":17,"Ornamental Fan":29,"Turnip":0,"Art of War":23,"Bottled Lightning":32,"Ice Cream":0,"Calipers":31,"Nilry\u0027s Codex":19,"CeramicFish":0,"Vajra":31,"Runic Capacitor":21,"Sozu":17,"Lizard Tail":0,"Centennial Puzzle":40,"Strawberry":23,"Toxic Egg 2":0,"Girya":0,"Happy Flower":0,"Dead Branch":0,"Astrolabe":17,"Oddly Smooth Stone":0,"Letter Opener":9,"War Paint":27,"Question Card":39,"OrangePellets":39,"Bottled Flame":30,"Shuriken":43,"Bronze Scales":9,"Molten Egg 2":0,"Symbiotic Virus":0,"Pocketwatch":0,"Darkstone Periapt":20,"Enchiridion":20,"Mango":0,"Incense Burner":10,"Juzu Bracelet":14,"ClockworkSouvenir":0,"Emotion Chip":26,"Dream Catcher":27,"Nunchaku":27,"Mummified Hand":9,"Gambling Chip":0,"Tiny Chest":12,"Cracked Core":0,"Runic Pyramid":17,"Orichalcum":41,"Medical Kit":0,"White Beast Statue":40,"Mercury Hourglass":26,"Peace Pipe":45,"Anchor":0,"CaptainsWheel":0,"DataDisk":39,"Coffee Dripper":34,"Bag of Marbles":42,"Membership Card":0,"TungstenRod":43,"FossilizedHelix":0},{"Spirit Poop":105,"Ginger":19,"Whetstone":192,"Bottled Tornado":9,"Boot":229,"Old Coin":24,"Blood Vial":11,"MealTicket":80,"Fusion Hammer":75,"Kunai":54,"Blue Candle":52,"Eternal Feather":71,"Akabeko":31,"Cables":105,"SlaversCollar":160,"Bird Faced Urn":142,"Pandora\u0027s Box":92,"StrikeDummy":229,"Unceasing Top":57,"Lantern":18,"Regal Pillow":87,"Singing Bowl":57,"Torii":83,"StoneCalendar":0,"Bag of Preparation":14,"Ancient Tea Set":79,"Cursed Key":101,"Smiling Mask":104,"Matryoshka":2,"Shovel":57,"WingedGreaves":0,"Chemical X":51,"Potion Belt":9,"Lee\u0027s Waffle":26,"Inserter":36,"Golden Idol":87,"Thread and Needle":26,"PreservedInsect":42,"Omamori":0,"Frozen Egg 2":0,"MawBank":4,"Nuclear Battery":148,"Ornamental Fan":180,"Turnip":108,"Art of War":69,"Bottled Lightning":74,"Ice Cream":57,"Calipers":47,"Nilry\u0027s Codex":119,"CeramicFish":83,"Vajra":16,"Runic Capacitor":9,"Sozu":66,"Lizard Tail":0,"Centennial Puzzle":21,"Strawberry":41,"Toxic Egg 2":0,"Girya":140,"Happy Flower":0,"Dead Branch":26,"Astrolabe":206,"Oddly Smooth Stone":26,"Letter Opener":113,"War Paint":70,"Question Card":20,"OrangePellets":103,"Bottled Flame":125,"Shuriken":22,"Bronze Scales":4,"Molten Egg 2":26,"Symbiotic Virus":26,"Pocketwatch":26,"Darkstone Periapt":9,"Enchiridion":221,"Mango":0,"Incense Burner":5,"Juzu Bracelet":7,"ClockworkSouvenir":26,"Emotion Chip":11,"Dream Catcher":12,"Nunchaku":43,"Mummified Hand":4,"Gambling Chip":57,"Tiny Chest":33,"Cracked Core":0,"Runic Pyramid":8,"Orichalcum":22,"Medical Kit":57,"White Beast Statue":132,"Mercury Hourglass":70,"Peace Pipe":23,"Anchor":0,"CaptainsWheel":26,"DataDisk":51,"Coffee Dripper":17,"Bag of Marbles":133,"Membership Card":0,"TungstenRod":53,"FossilizedHelix":57},{"Spirit Poop":498,"Ginger":98,"Whetstone":901,"Bottled Tornado":46,"Boot":1053,"Old Coin":129,"Blood Vial":56,"MealTicket":380,"Fusion Hammer":360,"Kunai":264,"Blue Candle":255,"Eternal Feather":339,"Akabeko":169,"Cables":498,"SlaversCollar":740,"Bird Faced Urn":638,"Pandora\u0027s Box":446,"StrikeDummy":1053,"Unceasing Top":287,"Lantern":93,"Regal Pillow":418,"Singing Bowl":287,"Torii":402,"StoneCalendar":0,"Bag of Preparation":69,"Ancient Tea Set":377,"Cursed Key":484,"Smiling Mask":494,"Matryoshka":7,"Shovel":287,"WingedGreaves":0,"Chemical X":250,"Potion Belt":46,"Lee\u0027s Waffle":155,"Inserter":183,"Golden Idol":418,"Thread and Needle":155,"PreservedInsect":210,"Omamori":0,"Frozen Egg 2":0,"MawBank":15,"Nuclear Battery":676,"Ornamental Fan":850,"Turnip":518,"Art of War":330,"Bottled Lightning":349,"Ice Cream":287,"Calipers":231,"Nilry\u0027s Codex":549,"CeramicFish":402,"Vajra":80,"Runic Capacitor":46,"Sozu":316,"Lizard Tail":0,"Centennial Puzzle":109,"Strawberry":206,"Toxic Egg 2":0,"Girya":633,"Happy Flower":0,"Dead Branch":155,"Astrolabe":956,"Oddly Smooth Stone":155,"Letter Opener":530,"War Paint":334,"Question Card":102,"OrangePellets":489,"Bottled Flame":571,"Shuriken":116,"Bronze Scales":15,"Molten Egg 2":155,"Symbiotic Virus":155,"Pocketwatch":155,"Darkstone Periapt":46,"Enchiridion":1026,"Mango":0,"Incense Burner":22,"Juzu Bracelet":32,"ClockworkSouvenir":155,"Emotion Chip":56,"Dream Catcher":61,"Nunchaku":214,"Mummified Hand":15,"Gambling Chip":287,"Tiny Chest":174,"Cracked Core":0,"Runic Pyramid":41,"Orichalcum":116,"Medical Kit":287,"White Beast Statue":595,"Mercury Hourglass":334,"Peace Pipe":123,"Anchor":0,"CaptainsWheel":155,"DataDisk":250,"Coffee Dripper":88,"Bag of Marbles":599,"Membership Card":0,"TungstenRod":259,"FossilizedHelix":287}],"Mercury Hourglass":[67]},"card_choices":[{"not_picked":["Aggregate","Recycle"],"picked":"Ball Lightning+1","floor":1},{"not_picked":["Streamline+1","Gash+1"],"picked":"Self Repair","floor":2},{"not_picked":["Beam Cell+1","Storm"],"picked":"Compile Driver+1","floor":5},{"not_picked":["Turbo","Double Energy"],"picked":"Hologram","floor":6},{"not_picked":["Hologram","Streamline+1"],"picked":"Electrodynamics","floor":8},{"not_picked":["Genetic Algorithm","Fusion"],"picked":"Reinforced Body","floor":10},{"not_picked":["Stack","Hologram"],"picked":"Ball Lightning+1","floor":13},{"not_picked":["FTL+1","Steam","Ball Lightning+1"],"picked":"Singing Bowl","floor":14}],"player_experience":893281,"relics_obtained":[{"floor":8,"key":"StrikeDummy"},{"floor":9,"key":"Boot"},{"floor":9,"key":"Mercury Hourglass"},{"floor":14,"key":"Singing Bowl"}],"event_choices":[{"damage_healed":0,"gold_gain":0,"player_choice":"Ignored","damage_taken":0,"max_hp_gain":0,"max_hp_loss":0,"event_name":"Liars Game","floor":4,"gold_loss":0}],"is_beta":false,"boss_relics":[],"items_purged_floors":[3],"is_endless":false,"potions_floor_spawned":[1,5,14],"killed_by":"The Guardian","ascension_level":20}}