{"host":"5icjlaq41ghjcr7h","time":1610451851,"event":{"mods":["AchievementEnabler","BaseMod","Colored Map","Minty Spire (QoL Compilation)","SuperFastMode","everything is the same but u backflip on backflip"],"gold_per_floor":[110,110,122,47,47,47,77,77,104,104,104,179,31,42,42,42,42],"floor_reached":16,"playtime":363,"items_purged":[],"score":106,"play_id":"3758f405-6a1c-42b6-bee8-f5c26ff06186","local_time":"20210112204411","is_ascension_mode":true,"campfire_choices":[{"floor":6,"key":"RECALL"},{"floor":8,"key":"REST"},{"floor":15,"key":"REST"}],"circlet_count":0,"master_deck":["Strike_R","Strike_R","Strike_R","Strike_R","Defend_R","Defend_R","Defend_R","Defend_R","Bash","Sentinel","Feel No Pain","Wild Strike"],"relics":["Burning Blood","Lantern","Tiny Chest","Self Forming Clay","Question Card","Nunchaku"],"acts_visited":["Exordium"],"potions_floor_usage":[7,16,16],"damage_taken":[{"damage":0,"enemies":"2 Louse","floor":1,"turns":4},{"damage":4,"enemies":"Jaw Worm","floor":3,"turns":5},{"damage":49,"enemies":"Lagavulin","floor":7,"turns":7},{"damage":4,"enemies":"Small Slimes","floor":14,"turns":4},{"damage":70,"enemies":"The Guardian","floor":16,"turns":14}],"seed_played":"7730005287437420911","potions_obtained":[{"floor":3,"key":"AttackPotion"},{"floor":7,"key":"Block Potion"},{"floor":14,"key":"ElixirPotion"}],"is_trial":false,"path_per_floor":["M","?","M","$","?","R","E","R","T","T","$","?","$","M","R","B"],"character_chosen":"IRONCLAD","items_purchased":["Feel No Pain","Nunchaku"],"campfire_rested":2,"item_purchase_floors":[4,13],"current_hp_per_floor":[80,73,75,75,68,68,25,49,49,49,49,38,38,40,64,0,0],"gold":42,"neow_bonus":"RANDOM_COMMON_RELIC","is_daily":false,"chose_seed":false,"campfire_upgraded":0,"win_rate":0.0,"timestamp":1610451851,"path_taken":["M","?","M","?","?","R","E","R","T","?","?","?","$","M","R","BOSS"],"items_purchased_type":["Card","Relic"],"build_version":"2020-12-22","purchased_purges":0,"victory":false,"max_hp_per_floor":[80,80,80,80,80,80,80,80,80,80,80,80,80,80,80,80,80],"card_choices":[{"not_picked":["Twin Strike","Sword Boomerang"],"picked":"Sentinel","floor":1},{"not_picked":["Heavy Blade","Anger","True Grit"],"picked":"SKIP","floor":3},{"not_picked":["Rupture","Inflame","Clothesline"],"picked":"SKIP","floor":7},{"not_picked":["Sword Boomerang","True Grit","Twin Strike"],"picked":"Wild Strike","floor":14}],"player_experience":121938,"relics_obtained":[{"floor":7,"key":"Self Forming Clay"},{"floor":10,"key":"Question Card"}],"event_choices":[{"cards_removed":["Strike_R"],"damage_healed":0,"gold_gain":0,"player_choice":"Card Removal","damage_taken":7,"max_hp_gain":0,"max_hp_loss":0,"event_name":"Golden Wing","floor":2,"gold_loss":0},{"damage_healed":0,"gold_gain":0,"player_choice":"Success","damage_taken":7,"relics_obtained":["Tiny Chest"],"max_hp_gain":0,"max_hp_loss":0,"event_name":"Scrap Ooze","floor":5,"gold_loss":0},{"damage_healed":0,"gold_gain":75,"player_choice":"Gather Gold","damage_taken":11,"max_hp_gain":0,"max_hp_loss":0,"event_name":"World of Goop","floor":12,"gold_loss":0}],"is_beta":false,"boss_relics":[],"items_purged_floors":[],"is_endless":false,"potions_floor_spawned":[3,7,14],"killed_by":"The Guardian","ascension_level":2}}