{"host":"j4g6ia6asvpyu2b0","time":1610480329,"event":{"mods":["BaseMod","Colored Map","Minty Spire (QoL Compilation)","Permanent Neow","Quick Restart","Relic Stats","StSLib","Unceasing Turn Reminder"],"gold_per_floor":[212,212,227,227,239,239,269,269,269,280,295,306,481,406,406,509,509,529,13,13,32,32,72,84,129,167,179,207,67,80,99,99,195,195,205,220,220,220],"floor_reached":37,"language":"ENG","playtime":1449,"items_purged":["Doubt","Strike_B"],"score":637,"play_id":"b101f7bd-2d89-4450-b82f-7680886e42da","local_time":"20210112123849","is_ascension_mode":true,"campfire_choices":[{"data":"Ball Lightning","floor":6,"key":"SMITH"},{"data":"Genetic Algorithm","floor":8,"key":"SMITH"},{"floor":15,"key":"REST"},{"floor":24,"key":"REST"},{"data":"Biased Cognition","floor":27,"key":"SMITH"},{"data":"Consume","floor":32,"key":"SMITH"}],"circlet_count":0,"master_deck":["AscendersBane","Strike_B+1","Strike_B+1","Defend_B+1","Defend_B+1","Defend_B+1","Defend_B+1","Zap","Dualcast","Ball Lightning+1","Capacitor","Conserve Battery","Genetic Algorithm+1","Sweeping Beam","Melter","Auto Shields","Echo Form","Ball Lightning","Cold Snap","Cold Snap+1","Writhe","Biased Cognition+1","Reboot","Capacitor","Defragment","Consume+1","Coolheaded","Chill","Machine Learning","Loop+1"],"relics":["Cracked Core","Matryoshka","Regal Pillow","Philosopher\u0027s Stone","Lee\u0027s Waffle","HornCleat","MawBank","Pocketwatch","Ginger","Omamori","Art of War","Runic Dome"],"acts_visited":["Exordium","TheCity","TheBeyond"],"potions_floor_usage":[3,12,21,23,25,25],"damage_taken":[{"damage":3,"enemies":"2 Louse","floor":1,"turns":2},{"damage":7,"enemies":"Jaw Worm","floor":3,"turns":3},{"damage":0,"enemies":"Cultist","floor":5,"turns":3},{"damage":23,"enemies":"3 Sentries","floor":7,"turns":7},{"damage":20,"enemies":"3 Louse","floor":10,"turns":3},{"damage":7,"enemies":"Exordium Wildlife","floor":11,"turns":5},{"damage":5,"enemies":"Large Slime","floor":12,"turns":5},{"damage":37,"enemies":"The Guardian","floor":16,"turns":13},{"damage":12,"enemies":"Spheric Guardian","floor":18,"turns":3},{"damage":13,"enemies":"2 Thieves","floor":21,"turns":3},{"damage":54,"enemies":"Book of Stabbing","floor":23,"turns":7},{"damage":19,"enemies":"Gremlin Leader","floor":25,"turns":9},{"damage":4,"enemies":"Cultist and Chosen","floor":28,"turns":4},{"damage":18,"enemies":"Centurion and Healer","floor":30,"turns":6},{"damage":4,"enemies":"Snake Plant","floor":31,"turns":4},{"damage":15,"enemies":"Automaton","floor":33,"turns":12},{"damage":5,"enemies":"3 Shapes","floor":35,"turns":7},{"damage":3,"enemies":"Orb Walker","floor":36,"turns":4},{"damage":59,"enemies":"Writhing Mass","floor":37,"turns":4}],"seed_played":"6068415709051063322","potions_obtained":[{"floor":3,"key":"Fruit Juice"},{"floor":7,"key":"EntropicBrew"},{"floor":11,"key":"Swift Potion"},{"floor":12,"key":"Explosive Potion"},{"floor":23,"key":"Fire Potion"},{"floor":28,"key":"Fire Potion"},{"floor":31,"key":"SteroidPotion"},{"floor":35,"key":"LiquidMemories"}],"is_trial":false,"path_per_floor":["M","?","M","?","M","R","E","R","T","M","M","M","?","$","R","B",null,"M","$","?","M","?","E","R","E","T","R","M","$","M","M","R","B",null,"M","M","M"],"character_chosen":"DEFECT","items_purchased":["Lee\u0027s Waffle","HornCleat","Cold Snap","Defragment","Consume"],"campfire_rested":2,"item_purchase_floors":[19,19,19,29,29],"current_hp_per_floor":[65,58,56,56,56,56,33,33,33,13,6,1,1,1,40,3,61,49,87,87,74,74,20,61,42,42,42,38,38,20,16,16,1,66,61,58,0,0],"gold":220,"neow_bonus":"HUNDRED_GOLD","is_daily":false,"chose_seed":false,"campfire_upgraded":4,"win_rate":0.0,"timestamp":1610480329,"path_taken":["M","?","M","?","?","R","E","R","T","M","M","M","?","$","R","BOSS","M","$","?","M","?","E","R","E","T","R","M","?","M","M","R","BOSS","M","M","M"],"items_purchased_type":["Relic","Relic","Card","Card","Card"],"build_version":"2020-12-22","purchased_purges":2,"victory":false,"max_hp_per_floor":[75,75,80,80,80,80,80,80,80,80,80,80,80,80,80,80,80,80,87,87,87,87,87,87,87,87,87,87,87,87,87,87,87,87,87,87,87,87],"relic_stats":{"Regal Pillow":30,"Lee\u0027s Waffle":38,"counters":[19,104],"Art of War":[6],"Ginger":[7],"MawBank":84,"obtain_stats":[{"Runic Dome":34,"Regal Pillow":9,"Lee\u0027s Waffle":19,"Matryoshka":7,"HornCleat":19,"Philosopher\u0027s Stone":17,"Omamori":26,"Art of War":26,"Ginger":25,"Cracked Core":0,"MawBank":22,"Pocketwatch":23},{"Runic Dome":16,"Regal Pillow":4,"Lee\u0027s Waffle":9,"Matryoshka":4,"HornCleat":9,"Philosopher\u0027s Stone":8,"Omamori":12,"Art of War":12,"Ginger":12,"Cracked Core":0,"MawBank":10,"Pocketwatch":11},{"Runic Dome":89,"Regal Pillow":15,"Lee\u0027s Waffle":44,"Matryoshka":15,"HornCleat":44,"Philosopher\u0027s Stone":41,"Omamori":63,"Art of War":63,"Ginger":63,"Cracked Core":0,"MawBank":47,"Pocketwatch":54}],"Pocketwatch":[72]},"card_choices":[{"not_picked":["Gash","Rebound"],"picked":"Ball Lightning","floor":1},{"not_picked":["Barrage","Beam Cell"],"picked":"Capacitor","floor":3},{"not_picked":["Barrage","Steam Power"],"picked":"Conserve Battery","floor":5},{"not_picked":["Compile Driver","FTL"],"picked":"Genetic Algorithm","floor":7},{"not_picked":["Genetic Algorithm","Stack"],"picked":"Sweeping Beam","floor":10},{"not_picked":["Conserve Battery","Machine Learning"],"picked":"Melter","floor":11},{"not_picked":["Reinforced Body","Lockon"],"picked":"Auto Shields","floor":12},{"not_picked":["Thunder Strike","Core Surge"],"picked":"Echo Form","floor":16},{"not_picked":["Rebound","FTL"],"picked":"Ball Lightning","floor":18},{"not_picked":["Rebound","Blizzard"],"picked":"Cold Snap+1","floor":21},{"not_picked":["Rebound","Loop"],"picked":"Biased Cognition","floor":23},{"not_picked":["FTL","Streamline"],"picked":"Reboot","floor":25},{"not_picked":["Steam","Go for the Eyes"],"picked":"Capacitor","floor":28},{"not_picked":["Doom and Gloom","Skim"],"picked":"Coolheaded","floor":30},{"not_picked":["Turbo","Streamline+1"],"picked":"Chill","floor":31},{"not_picked":["Meteor Strike","Thunder Strike"],"picked":"Machine Learning","floor":33},{"not_picked":["Force Field","Stack+1","Steam Power+1"],"picked":"SKIP","floor":35},{"not_picked":["Gash+1","Steam+1"],"picked":"Loop+1","floor":36}],"player_experience":822162,"relics_obtained":[{"floor":7,"key":"Matryoshka"},{"floor":9,"key":"Regal Pillow"},{"floor":23,"key":"Pocketwatch"},{"floor":25,"key":"Ginger"},{"floor":26,"key":"Omamori"},{"floor":26,"key":"Art of War"}],"event_choices":[{"cards_removed":["Strike_B"],"damage_healed":0,"gold_gain":0,"player_choice":"Card Removal","damage_taken":7,"max_hp_gain":0,"max_hp_loss":0,"event_name":"Golden Wing","floor":2,"gold_loss":0},{"damage_healed":0,"gold_gain":0,"player_choice":"Ignored","damage_taken":0,"max_hp_gain":0,"max_hp_loss":0,"event_name":"WeMeetAgain","floor":4,"gold_loss":0},{"damage_healed":0,"gold_gain":175,"player_choice":"AGREE","damage_taken":0,"max_hp_gain":0,"max_hp_loss":0,"event_name":"Liars Game","floor":13,"gold_loss":0,"cards_obtained":["Doubt"]},{"damage_healed":0,"gold_gain":0,"player_choice":"Simplicity","damage_taken":0,"max_hp_gain":0,"max_hp_loss":0,"event_name":"Back to Basics","floor":20,"gold_loss":0,"cards_upgraded":["Strike_B","Strike_B","Defend_B","Defend_B","Defend_B","Defend_B"]},{"damage_healed":0,"gold_gain":0,"player_choice":"Opened","damage_taken":0,"relics_obtained":["MawBank"],"max_hp_gain":0,"max_hp_loss":0,"event_name":"The Mausoleum","floor":22,"gold_loss":0,"cards_obtained":["Writhe"]}],"is_beta":false,"boss_relics":[{"not_picked":["Pandora\u0027s Box","Tiny House"],"picked":"Philosopher\u0027s Stone"},{"not_picked":["Runic Pyramid","Nuclear Battery"],"picked":"Runic Dome"}],"items_purged_floors":[14,19],"is_endless":false,"potions_floor_spawned":[3,7,11,12,23,28,31,35],"killed_by":"Writhing Mass","ascension_level":11}}