{"host":"6hzrz31j95f2y1pa","time":1610413391,"event":{"mods":["BaseMod","Colored Map","Downfall","Minty Spire (QoL Compilation)","StSLib"],"gold_per_floor":[0,13,28,44,58,58,58,68,78,95,122,122,137,19,38,38,38,38],"floor_reached":16,"playtime":762,"items_purged":["Pain"],"score":194,"play_id":"0585c56f-88ae-4ec5-9107-2d24681cea66","local_time":"20210111200311","is_ascension_mode":true,"campfire_choices":[{"data":"Secret Weapon","floor":1.0,"key":"SMITH"}],"circlet_count":0,"master_deck":["AscendersBane","hexamod:Strike","hexamod:Strike","hexamod:Strike","hexamod:Strike","hexamod:Defend","hexamod:Defend","hexamod:Defend","hexamod:Defend","hexamod:Sear","hexamod:Float","Secret Weapon+1","hexamod:GhostLash","hexamod:GhostShield","hexamod:Hexaguard","hexamod:SpectersWail","hexamod:EmpoweredFlame","hexamod:NightmareGuise","hexamod:RecurringNightmare"],"relics":["hexamod:SpiritBrand","WarpedTongs","Sundial","Singing Bowl"],"acts_visited":["Exordium"],"potions_floor_usage":[11,16],"damage_taken":[{"damage":0.0,"enemies":"2 Louse","floor":2.0,"turns":3.0},{"damage":0.0,"enemies":"Cultist","floor":3.0,"turns":3.0},{"damage":6.0,"enemies":"Jaw Worm","floor":4.0,"turns":3.0},{"damage":12.0,"enemies":"Large Slime","floor":5.0,"turns":6.0},{"damage":5.0,"enemies":"2 Fungi Beasts","floor":8.0,"turns":2.0},{"damage":4.0,"enemies":"3 Louse","floor":9.0,"turns":3.0},{"damage":5.0,"enemies":"Gremlin Gang","floor":10.0,"turns":4.0},{"damage":16,"enemies":"Lagavulin","floor":11,"turns":6},{"damage":0,"enemies":"Large Slime","floor":13,"turns":5},{"damage":0,"enemies":"downfall:FleeingMerchant","floor":14,"turns":4},{"damage":4,"enemies":"Red Slaver","floor":15,"turns":3},{"damage":60,"enemies":"downfall:Ironclad","floor":16,"turns":9}],"seed_played":"2182643640379315191","potions_obtained":[{"floor":2.0,"key":"Fire Potion"},{"floor":4.0,"key":"FearPotion"},{"floor":5.0,"key":"DistilledChaos"},{"floor":13,"key":"DistilledChaos"}],"is_trial":false,"path_per_floor":["R","M","M","M","M","?","T","M","M","M","E","?","M","$","M","B"],"character_chosen":"THE_SPIRIT","items_purchased":["hexamod:NightmareGuise"],"campfire_rested":0,"item_purchase_floors":[14],"current_hp_per_floor":[57,57,57,51,39,39,39,34,30,25,11,32,34,36,32,0,0,0],"gold":38,"neow_bonus":"RANDOM_COLORLESS_2","is_daily":false,"chose_seed":false,"campfire_upgraded":1,"win_rate":0.0,"timestamp":1610413391,"path_taken":["R","M","M","M","M","?","T","M","M","?","E","?","M","$","M","BOSS"],"items_purchased_type":["Card"],"build_version":"2020-12-22","purchased_purges":1,"victory":false,"max_hp_per_floor":[63,63,63,63,63,63,63,63,63,63,65,65,67,69,69,69,69,69],"card_choices":[{"not_picked":["The Bomb","Metamorphosis"],"picked":"Secret Weapon","floor":0.0},{"not_picked":["hexamod:BacktrackSmack","hexamod:SkipABeat"],"picked":"hexamod:GhostLash","floor":2.0},{"not_picked":["hexamod:FirstSeal","hexamod:ThermalTransfer"],"picked":"hexamod:GhostShield","floor":3.0},{"not_picked":["hexamod:GhostOfSpirePast","hexamod:InspiringFlames"],"picked":"hexamod:Hexaguard","floor":4.0},{"not_picked":["hexamod:ExtraCrispy","hexamod:BacktrackSmack"],"picked":"hexamod:SpectersWail","floor":5.0},{"not_picked":["hexamod:ChargedBarrage","hexamod:BurningTouch","hexamod:HauntingEcho"],"picked":"SKIP","floor":8.0},{"not_picked":["hexamod:CrushingStance","hexamod:PhantomCloak","hexamod:SecondSeal"],"picked":"SKIP","floor":9.0},{"not_picked":["hexamod:GhostLash","hexamod:Firestarter"],"picked":"hexamod:EmpoweredFlame","floor":10.0},{"not_picked":["hexamod:Firestarter","hexamod:ExtraCrispy","hexamod:HeatShield"],"picked":"Singing Bowl","floor":11},{"not_picked":["hexamod:RainOfEmbers","hexamod:FourthSeal","hexamod:BacktrackSmack"],"picked":"Singing Bowl","floor":13},{"not_picked":["hexamod:TimeWarp","hexamod:SwordOfDarkness","hexamod:HeatMetal"],"picked":"Singing Bowl","floor":14},{"not_picked":["hexamod:BurningTouch","hexamod:AdvancingGuard"],"picked":"hexamod:RecurringNightmare","floor":15}],"player_experience":1318281,"relics_obtained":[{"floor":7.0,"key":"Sundial"},{"floor":11,"key":"Singing Bowl"}],"event_choices":[{"damage_healed":0.0,"max_hp_gain":0.0,"max_hp_loss":0.0,"gold_gain":0.0,"event_name":"Accursed Blacksmith","player_choice":"Rummage","floor":6.0,"gold_loss":0.0,"damage_taken":0.0,"relics_obtained":["WarpedTongs"],"cards_obtained":["Pain"]},{"damage_healed":21,"gold_gain":0,"player_choice":"Banana","damage_taken":0,"max_hp_gain":0,"max_hp_loss":0,"event_name":"Big Fish","floor":12,"gold_loss":0}],"is_beta":false,"boss_relics":[],"items_purged_floors":[14],"is_endless":false,"potions_floor_spawned":[2,4,5,13],"killed_by":"downfall:Ironclad","ascension_level":16}}