{"host":"o5or1zybx7au40zl","time":1610482114,"event":{"mods":["Act Like it!","Aspiration","BaseMod","Better Third Choice","Conspire","Dota2Spire","GungeonMod","Halation","Hubris","Minty Spire (QoL Compilation)","Replay The Spire","StSLib","The Jungle","Yuri Mod","vexMod"],"gold_per_floor":[111,111,24,51,17,42,42,69,69,81,81,81,81,81,81,209,209,229,229,229,242,255,255,291,291,373,392,433,433,185,208,208,208,208],"floor_reached":33,"language":"ENG","playtime":851,"items_purged":["Injury","Sickly"],"score":364,"play_id":"639dfec8-f275-4b70-8126-7c80080596e1","local_time":"20210112210834","is_ascension_mode":false,"campfire_choices":[{"floor":7,"key":"RECALL"},{"data":"Dramatic Entrance","floor":11,"key":"SMITH"},{"data":"Caltrops","floor":13,"key":"SMITH"},{"data":"Strike_G","floor":15,"key":"PURGE"},{"floor":23,"key":"REST"},{"floor":25,"key":"REST"},{"floor":29,"key":"REST"},{"floor":32,"key":"REST"}],"circlet_count":0,"master_deck":["Strike_G","Strike_G","Strike_G","Strike_G","Defend_G","Defend_G","Defend_G","Defend_G","Defend_G","Survivor","Neutralize","ReplayTheSpireMod:Exploit Weakness","Neutralize+1","Dramatic Entrance+1","Dagger Spray","Caltrops+1","Slice+1","Replay:Poison Smokescreen","Predator","Poison Darts","Deadly Poison+1","Toxin Wave","Leg Sweep","Toxin Wave","ReplayTheSpireMod:From All Sides","Adrenaline"],"relics":["Ring of the Snake","NeowsBlessing","hubris:CrystalStatue","Happy Flower","conspire:Dentures","Golden Idol","halation:YellowSoulGem","Black Star","Strawberry","hubris:Reverence","The Specimen","Ornamental Fan","Bag of Preparation","DemoMod:Metronome","ReplayTheSpireMod:CursedCoin","Dota2Spire:AghanimScepter"],"acts_visited":["Exordium","Exordium"],"potions_floor_usage":[16,33,33],"damage_taken":[{"damage":0,"enemies":"conspire:RoseBush","floor":1,"turns":1},{"damage":0,"enemies":"3 Sentries","floor":6,"turns":1},{"damage":0,"enemies":"Replay:BlueRogue","floor":8,"turns":1},{"damage":0,"enemies":"Jaw Worm","floor":10,"turns":3},{"damage":12,"enemies":"Fading Forest","floor":16,"turns":11},{"damage":7,"enemies":"theJungle:GiantWrat","floor":18,"turns":4},{"damage":5,"enemies":"theJungle:5_Spyders","floor":21,"turns":7},{"damage":28,"enemies":"theJungle:2_Snecko_Cultists","floor":22,"turns":4},{"damage":14,"enemies":"theJungle:2_Phrogs","floor":24,"turns":7},{"damage":20,"enemies":"theJungle:JungleHuntersEncounter","floor":27,"turns":6},{"damage":0,"enemies":"theJungle:MamaSnecko","floor":28,"turns":5},{"damage":9,"enemies":"theJungle:Snecko_Cultist_And_Trap","floor":31,"turns":6},{"damage":74,"enemies":"theJungle:TotemBoss","floor":33,"turns":3}],"seed_played":"-7169379811707850492","potions_obtained":[{"floor":10,"key":"Adrenaline Potion"},{"floor":18,"key":"PowerPotion"},{"floor":22,"key":"Dexterity Potion"}],"is_trial":false,"path_per_floor":["M","?","$","T","$","E","R","E","T","M","R","?","R","?","R","B",null,"M","?","$","M","M","R","E","R","T","M","E","R","$","M","R","B"],"character_chosen":"THE_SILENT","items_purchased":["Dagger Spray","Caltrops","Slice+1","Strawberry","ReplayTheSpireMod:CursedCoin","Dota2Spire:AghanimScepter","ReplayTheSpireMod:From All Sides"],"campfire_rested":4,"item_purchase_floors":[3,3,5,20,30,30,30],"current_hp_per_floor":[70,70,70,70,70,70,70,70,70,70,70,70,70,70,70,58,70,63,63,55,50,22,45,31,54,54,34,34,57,57,48,71,0,0],"gold":208,"neow_bonus":"THREE_ENEMY_KILL","is_daily":false,"chose_seed":false,"campfire_upgraded":2,"win_rate":0.0,"timestamp":1610482114,"path_taken":["M","?","?","?","$","E","R","E","T","M","R","?","R","?","R","BOSS","M","?","?","M","M","R","E","R","T","?","E","R","$","M","R","BOSS"],"items_purchased_type":["Card","Card","Card","Relic","Relic","Relic","Card"],"build_version":"2020-12-22","purchased_purges":2,"victory":false,"max_hp_per_floor":[70,70,70,70,70,70,70,70,70,70,70,70,70,70,70,70,70,70,70,77,77,77,77,77,77,77,77,77,77,77,77,77,77,77],"card_choices":[{"not_picked":["PiercingWail","Backflip"],"picked":"ReplayTheSpireMod:Exploit Weakness","floor":1},{"not_picked":["Hidden Blade","Bane"],"picked":"Replay:Poison Smokescreen","floor":6},{"not_picked":["Endless Agony","Night Terror"],"picked":"Predator","floor":8},{"not_picked":["Eviscerate","Flechettes","Backflip"],"picked":"SKIP","floor":10},{"not_picked":["Phantasmal Killer","Glass Knife"],"picked":"Poison Darts","floor":16},{"not_picked":["Well Laid Plans+1","Underhanded Strike","Skewer"],"picked":"SKIP","floor":18},{"not_picked":["ReplayTheSpireMod:Shiv Toss","Backflip"],"picked":"Deadly Poison+1","floor":21},{"not_picked":["Slice","Outmaneuver"],"picked":"Toxin Wave","floor":22},{"not_picked":["Dodge and Roll","Calculated Gamble","PiercingWail+1"],"picked":"SKIP","floor":24},{"not_picked":["Poisoned Stab","Backflip"],"picked":"Leg Sweep","floor":27},{"not_picked":["Terror","Acrobatics+1"],"picked":"Toxin Wave","floor":28},{"not_picked":["Infinite Blades","Endless Agony+1"],"picked":"Adrenaline","floor":31}],"player_experience":958098,"relics_obtained":[{"floor":6,"key":"hubris:CrystalStatue"},{"floor":8,"key":"Happy Flower"},{"floor":9,"key":"conspire:Dentures"},{"floor":24,"key":"hubris:Reverence"},{"floor":24,"key":"The Specimen"},{"floor":26,"key":"Ornamental Fan"},{"floor":28,"key":"Bag of Preparation"},{"floor":28,"key":"DemoMod:Metronome"}],"event_choices":[{"damage_healed":0,"gold_gain":0,"player_choice":"2 cards matched","damage_taken":0,"max_hp_gain":0,"max_hp_loss":0,"event_name":"Match and Keep!","floor":2,"gold_loss":0,"cards_obtained":["Neutralize","Dramatic Entrance"]},{"damage_healed":0,"gold_gain":0,"player_choice":"Take Wound","damage_taken":0,"relics_obtained":["Golden Idol"],"max_hp_gain":0,"max_hp_loss":0,"event_name":"Golden Idol","floor":12,"gold_loss":0,"cards_obtained":["Injury"]},{"damage_healed":0,"gold_gain":0,"player_choice":"Upgraded","damage_taken":0,"max_hp_gain":0,"max_hp_loss":0,"event_name":"Upgrade Shrine","floor":19,"gold_loss":0,"cards_upgraded":["Neutralize"]}],"is_beta":false,"boss_relics":[{"not_picked":["vexMod:MegatonBomb","Busted Crown"],"picked":"Black Star"}],"items_purged_floors":[20,30],"is_endless":false,"potions_floor_spawned":[10,18,22],"killed_by":"theJungle:TotemBoss","ascension_level":0}}