{"host":"0ndhasp09f4rkdar","time":1610439877,"event":{"mods":["Act Like it!","BaseMod","Dio Mod","Energized Spire","Hermit","Hero for Fun","Minty Spire (QoL Compilation)","Pale of the Ancients","Replay The Spire","StSLib","SuperFastMode","The Bladedancer"],"gold_per_floor":[109,109,120,130,63,96,96,115,141,160,178,211,226,239,239,341,341,326,343,47,58,58,58,58],"floor_reached":23,"playtime":1309,"items_purged":[],"score":207,"play_id":"b3abd428-50e3-4725-be80-6ac79f683d3b","local_time":"20210112162437","is_ascension_mode":false,"campfire_choices":[{"data":"Blizzard","floor":7,"key":"SMITH"},{"floor":15,"key":"REST"}],"circlet_count":0,"master_deck":["Strike_B","Strike_B","Strike_B","Defend_B","Defend_B","Defend_B","Defend_B","Zap","Dualcast","Hologram","Conserve Battery","Cold Snap","Blizzard+1","Double Energy","Rebound","Turbo","Skim","Fission","Chill","Coolheaded","Machine Learning","Coolheaded+1","Capacitor","Sunder","Sunder","FTL","FIFO Queue"],"relics":["Cracked Core","Replay:Baseball","Blood Vial","ReplayTheSpireMod:Lightbulb","Nunchaku","Nuclear Battery","Prayer Wheel"],"acts_visited":["Exordium","TheCity"],"potions_floor_usage":[6,16],"damage_taken":[{"damage":2,"enemies":"2 Louse","floor":1,"turns":2},{"damage":0,"enemies":"Cultist","floor":3,"turns":3},{"damage":3,"enemies":"Jaw Worm","floor":4,"turns":4},{"damage":22,"enemies":"Gremlin Nob","floor":6,"turns":5},{"damage":6,"enemies":"Large Slime","floor":8,"turns":8},{"damage":1,"enemies":"Red Slaver","floor":10,"turns":3},{"damage":6,"enemies":"3 Louse","floor":11,"turns":4},{"damage":17,"enemies":"3 Sentries","floor":12,"turns":8},{"damage":0,"enemies":"Exordium Wildlife","floor":13,"turns":3},{"damage":15,"enemies":"Exordium Thugs","floor":14,"turns":5},{"damage":22,"enemies":"The Guardian","floor":16,"turns":15},{"damage":20,"enemies":"2 Thieves","floor":18,"turns":4},{"damage":14,"enemies":"3 Byrds","floor":19,"turns":4},{"damage":33,"enemies":"Snake Plant","floor":21,"turns":7},{"damage":14,"enemies":"Slavers","floor":23,"turns":1}],"seed_played":"139070575394201409","potions_obtained":[{"floor":3,"key":"Fire Potion"},{"floor":6,"key":"Block Potion"},{"floor":11,"key":"FearPotion"},{"floor":12,"key":"Milkshake"},{"floor":13,"key":"Flashbang"},{"floor":18,"key":"SpeedPotion"}],"is_trial":false,"path_per_floor":["M","?","M","M","$","E","R","M","T","M","M","E","M","M","R","B",null,"M","M","$","M","?","E"],"character_chosen":"DEFECT","items_purchased":["Blizzard","Capacitor","Sunder","ReplayTheSpireMod:Fabricate Wheel"],"campfire_rested":1,"item_purchase_floors":[5,20,20,20],"current_hp_per_floor":[73,73,73,70,70,48,48,44,44,45,41,26,28,15,37,17,75,55,43,43,12,12,0,0],"gold":58,"neow_bonus":"RANDOM_COMMON_RELIC","is_daily":false,"chose_seed":false,"campfire_upgraded":1,"win_rate":0.0,"timestamp":1610439877,"path_taken":["M","?","M","?","$","E","R","M","T","M","M","E","M","M","R","BOSS","M","M","$","?","?","E"],"items_purchased_type":["Card","Card","Card","Card"],"build_version":"2020-12-22","purchased_purges":0,"victory":false,"max_hp_per_floor":[75,75,75,75,75,75,75,75,75,75,75,75,75,75,75,75,75,75,75,75,75,75,75,75],"card_choices":[{"not_picked":["Genetic Algorithm","Streamline"],"picked":"Hologram","floor":1},{"not_picked":["Barrage","Hologram"],"picked":"Conserve Battery","floor":3},{"not_picked":["Leap","Defragment"],"picked":"Cold Snap","floor":4},{"not_picked":["Melter","ReplaySort"],"picked":"Double Energy","floor":6},{"not_picked":["Go for the Eyes","Undo"],"picked":"Rebound","floor":8},{"not_picked":["Self Repair","Gash"],"picked":"Turbo","floor":10},{"not_picked":["Steam","Storm"],"picked":"Skim","floor":11},{"not_picked":["Hologram","Ball Lightning"],"picked":"Fission","floor":12},{"not_picked":["Gash","Compile Driver"],"picked":"Chill","floor":13},{"not_picked":["Redo","Steam"],"picked":"Coolheaded","floor":14},{"not_picked":["ReplayRNGCard","Electrodynamics"],"picked":"Machine Learning","floor":16},{"not_picked":["Leap","Streamline","Doom and Gloom"],"picked":"SKIP","floor":18},{"not_picked":["BasicCrystalCard","ReplayTheSpireMod:GoodbyeWorld"],"picked":"Coolheaded+1","floor":19},{"not_picked":["Compile Driver","Melter"],"picked":"FTL","floor":21},{"not_picked":["Time Bomb","Compile Driver","Barrage"],"picked":"SKIP","floor":21}],"player_experience":224287,"relics_obtained":[{"floor":6,"key":"Blood Vial"},{"floor":9,"key":"ReplayTheSpireMod:Lightbulb"},{"floor":12,"key":"Nunchaku"}],"event_choices":[{"cards_removed":["Strike_B"],"damage_healed":0,"gold_gain":0,"player_choice":"Offered Basic","damage_taken":0,"max_hp_gain":0,"max_hp_loss":0,"event_name":"Bonfire Elementals","floor":2,"gold_loss":0},{"damage_healed":0,"gold_gain":0,"player_choice":"Read","damage_taken":0,"max_hp_gain":0,"max_hp_loss":0,"event_name":"The Library","floor":22,"gold_loss":0,"cards_obtained":["FIFO Queue"]}],"is_beta":false,"boss_relics":[{"not_picked":["Abe\u0027s Treasure","Empty Cage"],"picked":"Nuclear Battery"}],"items_purged_floors":[],"is_endless":false,"potions_floor_spawned":[3,6,11,12,13,18],"killed_by":"Slavers","ascension_level":0}}