{"host":"dzit4ljil6490tuf","time":1610417500,"event":{"mods":["BaseMod","Downfall","Hermit","Hubris","Minty Spire (QoL Compilation)","StSLib","The Cursed","The Runesmith","The Servant 0.9.4"],"gold_per_floor":[99,111,127,127,40,52,79,79,93,148,148,158,158,18,29,130,130,130,140,156,156,32,66,66,76,76,115,115,124,124,146,171,171,171,171],"floor_reached":33,"playtime":1727,"items_purged":[],"score":305,"play_id":"42663d4b-e795-4247-bb9a-f7412ccc37a0","local_time":"20210112031140","is_ascension_mode":true,"campfire_choices":[{"data":"Guardian:TwinSlam","floor":1,"key":"SMITH"},{"data":"Guardian:ChargeUp","floor":8,"key":"SMITH"},{"data":"Guardian:WalkerClaw","floor":13,"key":"SMITH"},{"data":"Guardian:BaubleBeam","floor":18,"key":"SMITH"},{"data":"Trip","floor":26,"key":"SMITH"},{"data":"Guardian:StasisStrike","floor":28,"key":"SMITH"},{"floor":30,"key":"REST"}],"circlet_count":0,"master_deck":["Guardian:Strike_Guardian","Guardian:Strike_Guardian","Guardian:Strike_Guardian","Guardian:Strike_Guardian","Guardian:Defend_Guardian","Guardian:Defend_Guardian","Guardian:Defend_Guardian","Guardian:Defend_Guardian","Guardian:CurlUp","Guardian:TwinSlam+1","Guardian:ChargeUp","Guardian:PolyBeam","Guardian:ChargeUp+1","Guardian:WalkerClaw","Guardian:Suspension","Guardian:RollAttack","Guardian:PolyBeam","Guardian:WalkerClaw+1","Guardian:BaubleBeam+1","Guardian:PiercingHide","Guardian:PolyBeam","Guardian:ShieldCharger","Guardian:SentryBeam","Guardian:ExploitGems","Guardian:BronzeArmor","Guardian:WalkerClaw+1","Trip+1","Guardian:EvasiveProtocol","Pain","Guardian:StasisStrike+1","Guardian:TimeCapacitor","Guardian:StasisStrike+1","Guardian:FloatingOrbs","Guardian:PrimingBeam"],"relics":["Guardian:ModeShifter","Blood Vial","Letter Opener","Cursed Key","Tiny Chest","Pear","CeramicFish"],"acts_visited":["Exordium","TheCity"],"potions_floor_usage":[10,16,22,23,27,31,33],"damage_taken":[{"damage":1,"enemies":"Cultist","floor":2,"turns":4},{"damage":0,"enemies":"2 Louse","floor":3,"turns":2},{"damage":0,"enemies":"downfall:FleeingMerchant","floor":5,"turns":4},{"damage":12,"enemies":"Jaw Worm","floor":6,"turns":3},{"damage":3,"enemies":"Large Slime","floor":9,"turns":3},{"damage":4,"enemies":"3 Sentries","floor":10,"turns":4},{"damage":0,"enemies":"2 Fungi Beasts","floor":12,"turns":2},{"damage":1,"enemies":"downfall:FleeingMerchant","floor":14,"turns":4},{"damage":10,"enemies":"Lots of Slimes","floor":15,"turns":3},{"damage":16,"enemies":"downfall:Ironclad","floor":16,"turns":7},{"damage":4,"enemies":"3 Byrds","floor":19,"turns":4},{"damage":2,"enemies":"Cultist and Chosen","floor":20,"turns":5},{"damage":4,"enemies":"downfall:FleeingMerchant","floor":22,"turns":4},{"damage":14,"enemies":"Book of Stabbing","floor":23,"turns":4},{"damage":12,"enemies":"Shelled Parasite and Fungi","floor":25,"turns":3},{"damage":15,"enemies":"Gremlin Leader","floor":27,"turns":5},{"damage":10,"enemies":"Centurion and Healer","floor":31,"turns":4},{"damage":15,"enemies":"Cultist and Chosen","floor":32,"turns":4},{"damage":58,"enemies":"downfall:Watcher","floor":33,"turns":6}],"seed_played":"2687913315703831209","potions_obtained":[{"floor":3,"key":"LiquidBronze"},{"floor":9,"key":"PowerPotion"},{"floor":12,"key":"Guardian:DefensiveModePotion"},{"floor":16,"key":"Swift Potion"},{"floor":19,"key":"SkillPotion"},{"floor":23,"key":"SpeedPotion"},{"floor":25,"key":"EssenceOfSteel"},{"floor":27,"key":"Swift Potion"}],"is_trial":false,"path_per_floor":["R","M","M","?","$","M","T","R","M","?","?","M","R","$","M","B",null,"R","M","M","?","$","E","T","M","R","E","R","?","R","M","M","B"],"character_chosen":"GUARDIAN","items_purchased":["Guardian:WalkerClaw","Guardian:Suspension","Guardian:ShieldCharger","Guardian:SentryBeam","Trip","Guardian:Gem_Cyan"],"campfire_rested":1,"item_purchase_floors":[5,5,14,14,22,22],"current_hp_per_floor":[80,79,79,79,79,67,67,67,66,64,64,66,66,67,59,45,80,80,76,76,76,74,62,72,62,62,49,49,49,76,68,55,0,0,0],"gold":171,"neow_bonus":"THREE_CARDS","is_daily":false,"chose_seed":false,"campfire_upgraded":6,"win_rate":0.0,"timestamp":1610417500,"path_taken":["R","M","?","?","?","M","T","R","M","?","?","?","R","$","M","BOSS","R","M","M","?","$","E","T","M","R","E","R","?","R","?","M","BOSS"],"items_purchased_type":["Card","Card","Card","Card","Card","Card"],"build_version":"2020-12-22","purchased_purges":0,"victory":false,"max_hp_per_floor":[80,80,80,80,80,80,80,80,80,80,80,80,80,80,80,80,80,80,80,80,80,80,80,90,90,90,90,90,90,90,90,90,90,90,90],"card_choices":[{"not_picked":["Guardian:Gem_Green","Guardian:Incinerate"],"picked":"Guardian:ChargeUp","floor":0},{"not_picked":["Guardian:PiercingHide","Guardian:Recover"],"picked":"Guardian:PolyBeam","floor":2},{"not_picked":["Guardian:TemporalStrike","Guardian:TemporalShield"],"picked":"Guardian:ChargeUp","floor":3},{"not_picked":["Guardian:ShieldSpikes","Guardian:VentSteam"],"picked":"Guardian:Gem_Orange","floor":5},{"not_picked":["Guardian:CrystalBeam","Guardian:ChargeCore"],"picked":"Guardian:RollAttack","floor":6},{"not_picked":["Guardian:Recover","Guardian:Suspension"],"picked":"Guardian:PolyBeam","floor":9},{"not_picked":["Guardian:TemporalShield","Guardian:BronzeOrb"],"picked":"Guardian:WalkerClaw","floor":10},{"not_picked":["Guardian:Emergency","Guardian:PiercingHide"],"picked":"Guardian:PolyBeam","floor":12},{"not_picked":["Guardian:Gem_Yellow","Guardian:RefractedBeam","Guardian:TemporalShield"],"picked":"SKIP","floor":14},{"not_picked":["Guardian:CrystalBeam","Guardian:GuardianWhirl"],"picked":"Guardian:Gem_Cyan","floor":15},{"not_picked":["Guardian:SphericShield","Guardian:AncientConstruct"],"picked":"Guardian:ExploitGems","floor":16},{"not_picked":["Guardian:PrimingBeam","Guardian:ChargeCore"],"picked":"Guardian:BronzeArmor","floor":19},{"not_picked":["Guardian:ChargeCore","Guardian:Emergency"],"picked":"Guardian:WalkerClaw+1","floor":20},{"not_picked":["Guardian:BronzeArmor","Guardian:FloatingOrbs+1"],"picked":"Guardian:Gem_Yellow","floor":22},{"not_picked":["Guardian:TemporalStrike","Guardian:VentSteam"],"picked":"Guardian:EvasiveProtocol","floor":23},{"not_picked":["Guardian:Reroute","Guardian:Gem_Fragmented"],"picked":"Guardian:StasisStrike","floor":25},{"not_picked":["Guardian:TemporalStrike","Guardian:Gem_Lightblue"],"picked":"Guardian:TimeCapacitor","floor":27},{"not_picked":["Guardian:Gem_Cyan","Guardian:Planning+1"],"picked":"Guardian:FloatingOrbs","floor":31},{"not_picked":["Guardian:Gem_Red","Guardian:Gem_Green"],"picked":"Guardian:PrimingBeam","floor":32}],"player_experience":570219,"relics_obtained":[{"floor":7,"key":"Blood Vial"},{"floor":10,"key":"Letter Opener"},{"floor":23,"key":"Tiny Chest"},{"floor":24,"key":"Pear"},{"floor":27,"key":"CeramicFish"}],"event_choices":[{"damage_healed":0,"gold_gain":0,"player_choice":"Copied","damage_taken":0,"max_hp_gain":0,"max_hp_loss":0,"event_name":"Duplicator","floor":29,"gold_loss":0,"cards_obtained":["Guardian:StasisStrike"]}],"is_beta":false,"boss_relics":[{"not_picked":["hubris:BlackHole","hubris:GrandSneckoEye"],"picked":"Cursed Key"}],"items_purged_floors":[],"is_endless":false,"potions_floor_spawned":[3,9,12,16,19,23,25,27],"killed_by":"downfall:Watcher","ascension_level":2}}