{"host":"gk336il5jfnqajsw","time":1610443351,"event":{"mods":["2.2 Compatiblity","AchievementEnabler","BaseMod","Colored Powertips","Downfall","Hero for Fun","Marisa????????","Minty Spire (QoL Compilation)","Relic Stats","StSLib","The Servant 0.9.4"],"gold_per_floor":[21,21,35,53,63,63,138,168,168,168,168,22,22,22,22,22,22,34,34,34,34,34,34,34,34,34,34,34,34,34,47,47,143,143,143,143,143,143,168,168,181,181,260,260,39,39,39,39,39,39,39,39,39,66,66],"floor_reached":56,"playtime":471,"items_purged":[],"score":1444,"play_id":"99353a13-ee47-4095-a1b3-0ed0575af709","local_time":"20210112022231","is_ascension_mode":false,"campfire_choices":[{"floor":6,"key":"RECALL"},{"data":"Get_Hopes_Up","floor":15,"key":"SMITH"},{"data":"Hip_Strike","floor":25,"key":"SMITH"},{"data":"Defend_Y","floor":29,"key":"SMITH"},{"data":"Strike_Y","floor":32,"key":"SMITH"},{"data":"Hip_Strike","floor":40,"key":"SMITH"},{"data":"Strike_Y","floor":42,"key":"SMITH"},{"data":"Toss_Stone","floor":47,"key":"SMITH"},{"data":"Slap","floor":49,"key":"SMITH"},{"floor":52,"key":"REST"}],"circlet_count":0,"master_deck":["Strike_Y+1","Strike_Y","Strike_Y","Strike_Y+1","Strike_Y+1","Defend_Y","Defend_Y+1","Get_Hopes_Up+1","Hip_Strike+1","Hip_Strike+1","Normal_Punch","Slap","Toss_Stone+1","Slap+1","Slap"],"relics":["Cape","Tiny Chest","White Beast Statue","Black Star","The Courier","Empty Cage","Blood Vial","Frozen Egg 2","Bronze Scales","CaptainsWheel"],"acts_visited":["Exordium","TheCity","TheBeyond","TheEnding"],"potions_floor_usage":[],"damage_taken":[{"damage":0,"enemies":"2 Louse","floor":1,"turns":1},{"damage":0,"enemies":"Cultist","floor":3,"turns":1},{"damage":0,"enemies":"Jaw Worm","floor":4,"turns":1},{"damage":0,"enemies":"Lots of Slimes","floor":5,"turns":3},{"damage":0,"enemies":"Gremlin Nob","floor":8,"turns":1},{"damage":0,"enemies":"Large Slime","floor":10,"turns":1},{"damage":0,"enemies":"Blue Slaver","floor":11,"turns":1},{"damage":0,"enemies":"2 Fungi Beasts","floor":14,"turns":1},{"damage":0,"enemies":"Slime Boss","floor":16,"turns":1},{"damage":0,"enemies":"3 Byrds","floor":18,"turns":2},{"damage":0,"enemies":"Shell Parasite","floor":19,"turns":1},{"damage":0,"enemies":"Snake Plant","floor":20,"turns":1},{"damage":0,"enemies":"Gremlin Leader","floor":23,"turns":1},{"damage":0,"enemies":"Sentry and Sphere","floor":28,"turns":2},{"damage":0,"enemies":"Shelled Parasite and Fungi","floor":30,"turns":1},{"damage":0,"enemies":"Centurion and Healer","floor":31,"turns":1},{"damage":0,"enemies":"Automaton","floor":33,"turns":1},{"damage":0,"enemies":"3 Darklings","floor":35,"turns":2},{"damage":0,"enemies":"3 Shapes","floor":36,"turns":1},{"damage":0,"enemies":"Jaw Worm Horde","floor":38,"turns":1},{"damage":0,"enemies":"Maw","floor":41,"turns":1},{"damage":0,"enemies":"Awakened One","floor":50,"turns":2},{"damage":0,"enemies":"Shield and Spear","floor":54,"turns":1},{"damage":0,"enemies":"The Heart","floor":55,"turns":3}],"seed_played":"-5275313596858391257","potions_obtained":[{"floor":1,"key":"PowerPotion"},{"floor":5,"key":"Guardian:BlockOnCardUsePotion"},{"floor":13,"key":"Ancient Potion"}],"is_trial":false,"path_per_floor":["M","?","M","M","M","R","?","E","T","M","M","$","?","M","R","B",null,"M","M","M","?","T","E","?","R","T","$","M","R","M","M","R","B",null,"M","M","?","M","T","R","M","R","T","?","$","?","R","$","R","B",null,"R","$","E","B",null],"character_chosen":"OPM","items_purchased":["Get_Hopes_Up","Normal_Punch","Slap","Toss_Stone","Slap","Slap"],"campfire_rested":1,"item_purchase_floors":[12,45,45,45,45,45],"current_hp_per_floor":[999,999,999,999,999,999,999,999,999,999,999,999,999,999,999,999,999,999,999,999,999,999,999,999,999,999,999,999,999,999,999,999,999,999,999,999,999,999,999,999,999,999,999,999,999,949,949,949,949,949,949,949,949,949,949],"gold":66,"neow_bonus":"UPGRADE_CARD","is_daily":false,"chose_seed":false,"campfire_upgraded":8,"win_rate":0.0,"timestamp":1610443351,"path_taken":["M","?","?","M","M","R","?","E","T","M","M","$","?","M","R","BOSS","M","M","?","?","?","E","?","R","T","$","M","R","M","M","R","BOSS","M","M","?","?","?","R","M","R","T","?","$","?","R","?","R","BOSS","R","$","E","BOSS"],"items_purchased_type":["Card","Card","Card","Card","Card","Card"],"build_version":"2020-12-22","purchased_purges":0,"victory":true,"max_hp_per_floor":[999,999,999,999,999,999,999,999,999,999,999,999,999,999,999,999,999,999,999,999,999,999,999,999,999,999,999,999,999,999,999,999,999,999,999,999,999,999,999,999,999,999,999,999,999,949,949,949,949,949,949,949,949,949,949],"relic_stats":{"Blood Vial":0,"counters":[24,32],"Bronze Scales":[36],"Tiny Chest":2,"Black Star":2,"obtain_stats":[{"Blood Vial":39,"CaptainsWheel":54,"Bronze Scales":54,"Tiny Chest":8,"The Courier":26,"Black Star":17,"Cape":0,"Frozen Egg 2":43,"Empty Cage":34,"White Beast Statue":9},{"Blood Vial":20,"CaptainsWheel":23,"Bronze Scales":23,"Tiny Chest":5,"The Courier":13,"Black Star":9,"Cape":0,"Frozen Egg 2":21,"Empty Cage":17,"White Beast Statue":5},{"Blood Vial":25,"CaptainsWheel":29,"Bronze Scales":29,"Tiny Chest":7,"The Courier":16,"Black Star":11,"Cape":0,"Frozen Egg 2":26,"Empty Cage":21,"White Beast Statue":7}]},"card_choices":[{"not_picked":["Wear_Disguise","Slap","Hop"],"picked":"SKIP","floor":1},{"not_picked":["Side_Hop","Ignore","Yawn"],"picked":"SKIP","floor":3},{"not_picked":["Hop","Normal_Punch","Toss_Stone"],"picked":"SKIP","floor":4},{"not_picked":["Side_Hop","Yawn","Ignore"],"picked":"SKIP","floor":5},{"not_picked":["Normal_Punch","Wear_Disguise","Ignore"],"picked":"SKIP","floor":8},{"not_picked":["Ignore","Side_Hop","Hop"],"picked":"SKIP","floor":10},{"not_picked":["Hop","Yawn","Ignore"],"picked":"SKIP","floor":11},{"not_picked":["Do_Nothing","Side_Hop","Toss_Stone"],"picked":"SKIP","floor":14},{"not_picked":["Serious_Side_Hops","Get_Hopes_Up"],"picked":"Hip_Strike","floor":16},{"not_picked":["Hop+1","Consecutive_Normal_Punch","Wear_Disguise"],"picked":"SKIP","floor":18},{"not_picked":["Do_Nothing","Side_Hop","Toss_Stone"],"picked":"SKIP","floor":19},{"not_picked":["Do_Nothing+1","Consecutive_Normal_Punch","Slap+1"],"picked":"SKIP","floor":20},{"not_picked":["Hop","Ignore","Toss_Stone"],"picked":"SKIP","floor":23},{"not_picked":["Side_Hop","Yawn","Consecutive_Normal_Punch"],"picked":"SKIP","floor":28},{"not_picked":["Slap","Side_Hop","Toss_Stone+1"],"picked":"SKIP","floor":30},{"not_picked":["Yawn+1","Side_Hop","Do_Nothing+1"],"picked":"SKIP","floor":31},{"not_picked":["Oh","Get_Hopes_Up"],"picked":"Hip_Strike","floor":33},{"not_picked":["Normal_Punch+1","Do_Nothing+1","Yawn"],"picked":"SKIP","floor":35},{"not_picked":["Wear_Disguise","Yawn+1","Toss_Stone"],"picked":"SKIP","floor":36},{"not_picked":["Slap+1","Toss_Stone+1","Ignore+1"],"picked":"SKIP","floor":38},{"not_picked":["Wear_Disguise+1","Normal_Punch","Side_Hop"],"picked":"SKIP","floor":41},{"not_picked":["Side_Hop+1","Ignore","Normal_Punch"],"picked":"SKIP","floor":54}],"player_experience":546515,"relics_obtained":[{"floor":8,"key":"Tiny Chest"},{"floor":9,"key":"White Beast Statue"},{"floor":26,"key":"The Courier"},{"floor":39,"key":"Blood Vial"},{"floor":43,"key":"Frozen Egg 2"},{"floor":54,"key":"Bronze Scales"},{"floor":54,"key":"CaptainsWheel"}],"event_choices":[{"damage_healed":0,"gold_gain":0,"player_choice":"Ignored","damage_taken":0,"max_hp_gain":0,"max_hp_loss":0,"event_name":"Purifier","floor":2,"gold_loss":0},{"damage_healed":0,"gold_gain":75,"player_choice":"Gather Gold","damage_taken":11,"max_hp_gain":0,"max_hp_loss":0,"event_name":"World of Goop","floor":7,"gold_loss":0},{"damage_healed":0,"gold_gain":0,"player_choice":"Got Potions","damage_taken":0,"max_hp_gain":0,"max_hp_loss":0,"event_name":"Lab","floor":13,"gold_loss":0},{"damage_healed":0,"gold_gain":0,"player_choice":"Ignored","damage_taken":0,"max_hp_gain":0,"max_hp_loss":0,"event_name":"The Mausoleum","floor":21,"gold_loss":0},{"damage_healed":0,"gold_gain":0,"player_choice":"Punched","damage_taken":3,"max_hp_gain":0,"max_hp_loss":0,"event_name":"Designer","floor":37,"gold_loss":0},{"cards_removed":["Defend_Y"],"damage_healed":0,"gold_gain":0,"player_choice":"Removed Skill","damage_taken":0,"max_hp_gain":0,"max_hp_loss":0,"event_name":"Falling","floor":44,"gold_loss":0},{"damage_healed":0,"gold_gain":0,"player_choice":"Max HP","damage_taken":0,"max_hp_gain":0,"max_hp_loss":50,"event_name":"Winding Halls","floor":46,"gold_loss":0}],"is_beta":false,"boss_relics":[{"not_picked":["Calling Bell","Pandora\u0027s Box"],"picked":"Black Star"},{"not_picked":["Busted Crown","Philosopher\u0027s Stone"],"picked":"Empty Cage"}],"items_purged_floors":[],"is_endless":false,"potions_floor_spawned":[1,5,10,11,14,16,18,19,20,23,28,30,31,33,35,36,38,41,54],"ascension_level":0}}