{"host":"on8rz1ayhhz269sg","time":1610439684,"event":{"mods":["BaseMod","Minty Spire (QoL Compilation)","StSLib","The Blackbeard","The Construct","The Cursed","≤–¡Ù÷ÆŒÔ"],"gold_per_floor":[119,137,15,15,15,15,28,28,28,64,87,87,110,110,110,236,236,254,272,272,272],"floor_reached":20,"playtime":1810,"items_purged":[],"score":174,"play_id":"ad90a60f-dfb5-445b-be55-5eb6b552e231","local_time":"20210112162124","is_ascension_mode":false,"campfire_choices":[{"data":"construct:ForceCore","floor":6.0,"key":"SMITH"},{"data":"construct:DefenseMode","floor":8.0,"key":"SMITH"},{"floor":15.0,"key":"REST"}],"circlet_count":0,"master_deck":["construct:Strike_Gold","construct:Strike_Gold","construct:Strike_Gold","construct:Strike_Gold","construct:Strike_Gold","construct:Defend_Gold","construct:Defend_Gold","construct:Defend_Gold","construct:Defend_Gold","construct:Defend_Gold","construct:AttackMode","construct:DefenseMode+1","construct:FierceBash","construct:ForceCore+1","construct:Analyze","construct:Anticipate","construct:SuppressiveFire","construct:ClusterMines","construct:Enhance","construct:Isolate","construct:LaserCore","construct:GatlingGun+1","construct:CriticalHit+1","construct:GuardCore"],"relics":["construct:Cogwheel","NeowsBlessing","Golden Idol","White Beast Statue","Molten Egg 2","Philosopher\u0027s Stone"],"acts_visited":["Exordium","TheCity"],"potions_floor_usage":[19],"damage_taken":[{"damage":0.0,"enemies":"2 Louse","floor":1.0,"turns":1.0},{"damage":0.0,"enemies":"Cultist","floor":2.0,"turns":1.0},{"damage":0.0,"enemies":"Jaw Worm","floor":7.0,"turns":1.0},{"damage":31.0,"enemies":"Lagavulin","floor":10.0,"turns":13.0},{"damage":7.0,"enemies":"3 Louse","floor":11.0,"turns":5.0},{"damage":1.0,"enemies":"Exordium Thugs","floor":13.0,"turns":4.0},{"damage":20.0,"enemies":"The Guardian","floor":16.0,"turns":9.0},{"damage":23.0,"enemies":"3 Byrds","floor":18.0,"turns":5.0},{"damage":13,"enemies":"Shell Parasite","floor":19,"turns":6},{"damage":28,"enemies":"Sentry and Sphere","floor":20,"turns":14}],"seed_played":"7980131884559507971","potions_obtained":[{"floor":7.0,"key":"AttackPotion"},{"floor":10.0,"key":"PowerPotion"},{"floor":11.0,"key":"DistilledChaos"},{"floor":13.0,"key":"Fire Potion"},{"floor":16.0,"key":"PowerPotion"},{"floor":18,"key":"BlessingOfTheForge"},{"floor":19,"key":"SpeedPotion"}],"is_trial":false,"path_per_floor":["M","M","$","?","?","R","M","R","T","E","M","?","M","?","R","B",null,"M","M","M"],"character_chosen":"THE_CONSTRUCT_MOD","items_purchased":["construct:Analyze","construct:Anticipate","construct:SuppressiveFire"],"campfire_rested":1,"item_purchase_floors":[3,3,3],"current_hp_per_floor":[85,85,85,90,90,90,90,90,90,59,52,52,51,51,78,58,90,67,54,26,26],"gold":272,"neow_bonus":"THREE_ENEMY_KILL","is_daily":false,"chose_seed":false,"campfire_upgraded":2,"win_rate":0.0,"timestamp":1610439684,"path_taken":["M","M","$","?","?","R","M","R","T","E","M","?","?","?","R","BOSS","M","M","M"],"items_purchased_type":["Card","Card","Card"],"build_version":"2020-12-22","purchased_purges":0,"victory":false,"max_hp_per_floor":[85,85,85,90,90,90,90,90,90,90,90,90,90,90,90,90,90,90,90,90,90],"card_choices":[{"not_picked":["construct:SweepLaser","construct:Reinforce"],"picked":"construct:FierceBash","floor":1.0},{"not_picked":["construct:Disrupt","construct:SyphonStrike"],"picked":"construct:ForceCore","floor":2.0},{"not_picked":["construct:UnbalancingBlast","construct:PointDefense"],"picked":"construct:ClusterMines","floor":7.0},{"not_picked":["construct:Hazardproof","construct:ClockworkEgg"],"picked":"construct:Enhance","floor":10.0},{"not_picked":["construct:MetalShell","construct:Forcefield"],"picked":"construct:Isolate","floor":11.0},{"not_picked":["construct:VentSteam","construct:Tumble+1"],"picked":"construct:LaserCore","floor":13.0},{"not_picked":["construct:GoldenBullet+1","construct:SpinDrive"],"picked":"construct:GatlingGun+1","floor":16.0},{"not_picked":["construct:SweepLaser+1","construct:Boost+1"],"picked":"construct:CriticalHit+1","floor":18},{"not_picked":["construct:Boost+1","construct:FierceBash+1"],"picked":"construct:GuardCore","floor":19}],"player_experience":148077,"relics_obtained":[{"floor":9.0,"key":"White Beast Statue"},{"floor":10.0,"key":"Molten Egg 2"}],"event_choices":[{"damage_healed":0.0,"max_hp_gain":5.0,"max_hp_loss":0.0,"gold_gain":0.0,"event_name":"Big Fish","player_choice":"Donut","floor":4.0,"gold_loss":0.0,"damage_taken":0.0},{"damage_healed":0.0,"max_hp_gain":0.0,"max_hp_loss":0.0,"gold_gain":0.0,"event_name":"Golden Idol","player_choice":"Take Wound","floor":5.0,"gold_loss":0.0,"damage_taken":0.0,"relics_obtained":["Golden Idol"],"cards_obtained":["Injury"]},{"damage_healed":0.0,"max_hp_gain":0.0,"max_hp_loss":0.0,"gold_gain":0.0,"event_name":"NoteForYourself","player_choice":"Ignored","floor":12.0,"gold_loss":0.0,"damage_taken":0.0},{"cards_removed":["Injury"],"damage_healed":0.0,"max_hp_gain":0.0,"max_hp_loss":0.0,"gold_gain":0.0,"event_name":"Wheel of Change","player_choice":"Card Removal","floor":14.0,"gold_loss":0.0,"damage_taken":0.0}],"is_beta":false,"boss_relics":[{"not_picked":["SacredBark","Black Star"],"picked":"Philosopher\u0027s Stone"}],"items_purged_floors":[],"is_endless":false,"potions_floor_spawned":[7,10,11,13,16,18,19],"killed_by":"Sentry and Sphere","ascension_level":0}}