{"host":"s794kqxf2n1qz2yr","time":1610442705,"event":{"mods":["100% Spire Juice","2.2 Compatiblity","AchievementEnabler","Aspiration","BaseMod","ChefMod","Downfall","Friendly Minions","Hermit","Hyrulean Relics","Minty Spire (QoL Compilation)","Permanent Neow","StSLib","The Animator"],"gold_per_floor":[115,115,115,125,125,150,165,179,204,204,221,237,237,248,248,248,248,248],"floor_reached":16,"playtime":1457,"items_purged":[],"score":120,"play_id":"6d657651-b915-4e90-88a8-4a6ed8273fe8","local_time":"20210112091145","daily_mods":["SealedDeck"],"is_ascension_mode":true,"campfire_choices":[{"data":"Guardian:Suspension","floor":10,"key":"SMITH"},{"data":"Guardian:PrismaticBarrier","floor":15,"key":"SMITH"}],"circlet_count":0,"master_deck":["Guardian:ShieldCharger","Guardian:ShieldSpikes","Guardian:Suspension+1","Guardian:PrismaticBarrier+1","Guardian:PrimingBeam","Guardian:PrimingBeam","Guardian:PrismaticBarrier","Guardian:Gem_Blue"],"relics":["Guardian:ModeShifter","Kunai","Anchor"],"acts_visited":["Exordium"],"potions_floor_usage":[8],"damage_taken":[{"damage":9,"enemies":"2 Louse","floor":1,"turns":6},{"damage":12,"enemies":"Small Slimes","floor":4,"turns":2},{"damage":15,"enemies":"3 Sentries","floor":6,"turns":8},{"damage":0,"enemies":"Cultist","floor":7,"turns":3},{"damage":19,"enemies":"Exordium Wildlife","floor":8,"turns":5},{"damage":0,"enemies":"Looter","floor":11,"turns":3},{"damage":0,"enemies":"2 Fungi Beasts","floor":12,"turns":3},{"damage":5,"enemies":"Blue Slaver","floor":14,"turns":3},{"damage":29,"enemies":"Slime Boss","floor":16,"turns":8}],"seed_played":"-970317432777613624","potions_obtained":[{"floor":1,"key":"SteroidPotion"},{"floor":7,"key":"Weak Potion"},{"floor":8,"key":"Strength Potion"},{"floor":13,"key":"LiquidBronze"},{"floor":13,"key":"CultistPotion"}],"is_trial":true,"path_per_floor":["M","?","?","M","$","E","M","M","T","R","M","M","?","M","R","B"],"character_chosen":"GUARDIAN","items_purchased":[],"campfire_rested":0,"item_purchase_floors":[],"current_hp_per_floor":[71,71,79,67,67,52,52,33,33,33,33,33,33,28,28,0,0,0],"gold":248,"neow_bonus":"","is_daily":false,"chose_seed":false,"campfire_upgraded":2,"win_rate":0.0,"timestamp":1610442705,"path_taken":["M","?","?","M","$","E","M","M","T","R","M","M","?","?","R","BOSS"],"items_purchased_type":[],"build_version":"2020-12-22","purchased_purges":0,"victory":false,"max_hp_per_floor":[80,80,80,80,80,80,80,80,80,80,80,80,80,80,80,80,80,80],"card_choices":[{"not_picked":["Guardian:Gem_Green","Guardian:TemporalStrike","Guardian:Harden"],"picked":"SKIP","floor":1},{"not_picked":["Guardian:ShieldCharger","Guardian:DonusPower"],"picked":"Guardian:PrismaticBarrier","floor":4},{"not_picked":["Guardian:Reroute","Guardian:DecasProtection","Guardian:ChargeCore"],"picked":"SKIP","floor":6},{"not_picked":["Guardian:Orbwalk","Guardian:Clone"],"picked":"Guardian:Gem_Lightblue","floor":7},{"not_picked":["Guardian:Suspension","Guardian:Emergency"],"picked":"Guardian:Gem_Blue","floor":8},{"not_picked":["Guardian:RollAttack","Guardian:SentryBeam","Guardian:Incinerate"],"picked":"SKIP","floor":11},{"not_picked":["Guardian:TemporalShield","Guardian:RefractedBeam"],"picked":"Guardian:Gem_Blue","floor":12},{"not_picked":["Guardian:BaubleBeam","Guardian:Recover","Guardian:ShieldCharger"],"picked":"SKIP","floor":14}],"player_experience":352859,"relics_obtained":[{"floor":6,"key":"Kunai"},{"floor":9,"key":"Anchor"}],"event_choices":[{"damage_healed":0,"gold_gain":0,"player_choice":"Got Potions","damage_taken":0,"max_hp_gain":0,"max_hp_loss":0,"event_name":"Lab","floor":13,"gold_loss":0}],"is_beta":false,"boss_relics":[],"items_purged_floors":[],"is_endless":false,"potions_floor_spawned":[1,7,8],"killed_by":"Slime Boss","ascension_level":3}}