{"host":"sc0o2qwpf9j16a4i","time":1610450113,"event":{"mods":["AchievementEnabler","BaseMod","BetterRewards","Block Reminder","Colored Map","Colored Powertips","Custom Start","Highlight Path","Minty Spire (QoL Compilation)","Relic Stats"],"gold_per_floor":[113,126,138,138,151,151,177,188,269,289,289,321,167,167,167,257,257,278,278,296,296,310,310,343,343,343,343,360,7,39,39,39,114,114,126,1,1,1,11,11,46,46,46,63,73,73,98,114,114,114,114,114,114,18,50,50,50],"floor_reached":56,"playtime":2758,"items_purged":["Strike_B","Strike_B","Strike_B+1"],"score":2585,"play_id":"fd71ddf4-0ee5-4c65-b479-1497a82ba698","local_time":"20210112131513","is_ascension_mode":true,"campfire_choices":[{"data":"Darkness","floor":6.0,"key":"SMITH"},{"floor":11.0,"key":"REST"},{"data":"Defragment","floor":15.0,"key":"SMITH"},{"floor":23.0,"key":"REST"},{"data":"Defragment","floor":27.0,"key":"SMITH"},{"data":"Biased Cognition","floor":32.0,"key":"SMITH"},{"floor":40.0,"key":"RECALL"},{"floor":42.0,"key":"REST"},{"data":"Loop","floor":46,"key":"SMITH"},{"data":"Echo Form","floor":49,"key":"SMITH"},{"data":"Barrage","floor":53,"key":"SMITH"}],"circlet_count":0,"master_deck":["AscendersBane","Strike_B+1","Defend_B+1","Defend_B+1","Defend_B+1","Defend_B+1","Zap","Dualcast","Cold Snap","Reinforced Body","Darkness+1","Cold Snap","Conserve Battery","Echo Form+1","Defragment+1","Sweeping Beam","Ball Lightning","Biased Cognition+1","Defragment+1","Hologram+1","Redo+1","Glacier+1","Loop+1","Self Repair","Seek+1","Glacier+1","Enlightenment+1","Master of Strategy+1","Double Energy+1","Stack+1","Barrage+1","Recycle+1","Barrage+1","Undo+1","Undo+1"],"relics":["Cracked Core","Lee\u0027s Waffle","Anchor","Meat on the Bone","Matryoshka","Bag of Preparation","Question Card","Pantograph","Bloody Idol","SlaversCollar","Blue Candle","Toxic Egg 2","Nunchaku","Pear","Mummified Hand","HornCleat","Nilry\u0027s Codex","Inserter","Dead Branch","PreservedInsect","Orichalcum"],"acts_visited":["Exordium","TheCity","TheBeyond","TheEnding"],"potions_floor_usage":[56,56],"damage_taken":[{"damage":0.0,"enemies":"Cultist","floor":1.0,"turns":4.0},{"damage":0.0,"enemies":"Jaw Worm","floor":2.0,"turns":5.0},{"damage":0.0,"enemies":"2 Louse","floor":3.0,"turns":2.0},{"damage":4.0,"enemies":"Large Slime","floor":5.0,"turns":5.0},{"damage":12.0,"enemies":"3 Sentries","floor":7.0,"turns":8.0},{"damage":16.0,"enemies":"Exordium Wildlife","floor":8.0,"turns":5.0},{"damage":0.0,"enemies":"2 Fungi Beasts","floor":10.0,"turns":4.0},{"damage":11.0,"enemies":"Lagavulin","floor":12.0,"turns":7.0},{"damage":25.0,"enemies":"Slime Boss","floor":16.0,"turns":5.0},{"damage":13.0,"enemies":"Shell Parasite","floor":18.0,"turns":5.0},{"damage":29.0,"enemies":"3 Byrds","floor":20.0,"turns":5.0},{"damage":21.0,"enemies":"Shelled Parasite and Fungi","floor":22.0,"turns":6.0},{"damage":30.0,"enemies":"Book of Stabbing","floor":24.0,"turns":9.0},{"damage":7.0,"enemies":"Chosen and Byrds","floor":28.0,"turns":6.0},{"damage":12.0,"enemies":"Gremlin Leader","floor":30.0,"turns":6.0},{"damage":0.0,"enemies":"Automaton","floor":33.0,"turns":9.0},{"damage":37.0,"enemies":"3 Shapes","floor":35.0,"turns":5.0},{"damage":15.0,"enemies":"3 Darklings","floor":39.0,"turns":8.0},{"damage":55.0,"enemies":"Reptomancer","floor":41.0,"turns":9.0},{"damage":28,"enemies":"Jaw Worm Horde","floor":44,"turns":8},{"damage":0,"enemies":"Transient","floor":45,"turns":6},{"damage":1,"enemies":"Nemesis","floor":47,"turns":7},{"damage":0,"enemies":"Spire Growth","floor":48,"turns":7},{"damage":48,"enemies":"Awakened One","floor":50,"turns":15},{"damage":21,"enemies":"Time Eater","floor":51,"turns":21},{"damage":37,"enemies":"Shield and Spear","floor":55,"turns":9},{"damage":94,"enemies":"The Heart","floor":56,"turns":3}],"seed_played":"8350009353790861872","potions_obtained":[{"floor":5.0,"key":"BlessingOfTheForge"},{"floor":10.0,"key":"EntropicBrew"},{"floor":12.0,"key":"DistilledChaos"},{"floor":18.0,"key":"BlessingOfTheForge"},{"floor":24.0,"key":"EntropicBrew"},{"floor":35.0,"key":"SteroidPotion"}],"is_trial":false,"path_per_floor":["M","M","M","T","M","R","E","M","T","M","R","E","$","?","R","B",null,"M","?","M","T","M","R","E","?","T","R","M","$","E","?","R","B",null,"M","$","?","?","M","R","E","R","T","M","M","R","E","M","R","B","B",null,"R","$","E","B"],"character_chosen":"DEFECT","items_purchased":["Lee\u0027s Waffle","Anchor","Cold Snap","Ball Lightning","Mummified Hand","Loop","Undo+1","PowerPotion"],"campfire_rested":3,"item_purchase_floors":[0,0,0,13,29,29,54,54],"current_hp_per_floor":[78,78,78,78,74,74,62,46,46,46,69,58,58,58,58,46,65,52,52,40,40,36,57,44,44,54,54,52,52,57,36,36,73,79,54,54,54,44,60,60,29,52,52,55,67,67,77,77,77,41,59,73,73,73,67,0,0],"gold":50,"neow_bonus":"","is_daily":false,"chose_seed":false,"campfire_upgraded":7,"win_rate":0.0,"timestamp":1610450113,"path_taken":["M","M","M","?","M","R","E","M","T","M","R","E","$","?","R","BOSS","M","?","M","?","M","R","E","?","T","R","M","$","E","?","R","BOSS","M","$","?","?","M","R","E","R","T","M","M","R","E","M","R","BOSS","BOSS","R","$","E","BOSS"],"items_purchased_type":["Relic","Relic","Card","Card","Relic","Card","Card","Potion"],"build_version":"2020-12-22","purchased_purges":3,"victory":false,"max_hp_per_floor":[78,78,78,78,78,78,78,78,78,78,78,78,78,71,71,71,71,71,71,71,71,71,71,71,71,81,81,81,81,81,81,81,81,81,81,81,77,77,77,77,77,77,77,77,77,77,77,77,77,77,77,77,77,77,77,77,77],"relic_stats":{"Lee\u0027s Waffle":37,"Inserter":[48],"counters":[124,655],"Blue Candle":[2],"Dead Branch":[41],"PreservedInsect":77,"Bag of Preparation":[42],"Orichalcum":[0],"Question Card":21,"Nunchaku":[15],"Mummified Hand":[198],"Pantograph":122,"Bloody Idol":101,"obtain_stats":[{"Calipers":38,"Gremlin Horn":19,"Nilry\u0027s Codex":31,"CeramicFish":27,"Runic Capacitor":54,"Ginger":0,"Blood Vial":12,"Centennial Puzzle":36,"HornCleat":25,"Sundial":13,"Strawberry":31,"MealTicket":10,"Toxic Egg 2":21,"Pear":26,"Happy Flower":54,"Blue Candle":7,"Dead Branch":41,"Oddly Smooth Stone":12,"Velvet Choker":17,"Eternal Feather":0,"Pen Nib":0,"War Paint":9,"Question Card":9,"Akabeko":26,"Cables":23,"WarpedTongs":5,"OrangePellets":11,"SlaversCollar":17,"Snecko Eye":17,"Molten Egg 2":0,"Black Star":34,"Symbiotic Virus":45,"Meat on the Bone":4,"Lantern":19,"Mango":12,"Bag of Preparation":0,"Ancient Tea Set":0,"Smiling Mask":8,"Cursed Key":17,"ClockworkSouvenir":12,"Emotion Chip":55,"Nunchaku":24,"Matryoshka":0,"Shovel":14,"Mummified Hand":0,"Pantograph":12,"Tiny Chest":0,"WingedGreaves":26,"Cracked Core":0,"InkBottle":10,"Potion Belt":24,"Lee\u0027s Waffle":0,"Inserter":34,"Golden Idol":3,"PreservedInsect":3,"Omamori":0,"Frozen Egg 2":0,"Orichalcum":55,"MawBank":7,"Anchor":9,"DataDisk":14,"Bloody Idol":19,"FossilizedHelix":13,"Toy Ornithopter":55},{"Calipers":35,"Gremlin Horn":24,"Nilry\u0027s Codex":112,"CeramicFish":28,"Runic Capacitor":42,"Ginger":44,"Blood Vial":91,"Centennial Puzzle":33,"HornCleat":27,"Sundial":21,"Strawberry":56,"MealTicket":49,"Toxic Egg 2":108,"Pear":110,"Happy Flower":42,"Blue Candle":88,"Dead Branch":116,"Oddly Smooth Stone":12,"Velvet Choker":79,"Eternal Feather":16,"Pen Nib":61,"War Paint":5,"Question Card":103,"Akabeko":27,"Cables":26,"WarpedTongs":72,"OrangePellets":6,"SlaversCollar":51,"Snecko Eye":15,"Molten Egg 2":70,"Black Star":32,"Symbiotic Virus":38,"Meat on the Bone":100,"Lantern":68,"Mango":76,"Bag of Preparation":44,"Ancient Tea Set":44,"Smiling Mask":48,"Cursed Key":67,"ClockworkSouvenir":49,"Emotion Chip":43,"Nunchaku":110,"Matryoshka":61,"Shovel":66,"Mummified Hand":61,"Pantograph":105,"Tiny Chest":44,"WingedGreaves":96,"Cracked Core":0,"InkBottle":6,"Potion Belt":54,"Lee\u0027s Waffle":97,"Inserter":113,"Golden Idol":2,"PreservedInsect":72,"Omamori":44,"Frozen Egg 2":61,"Orichalcum":123,"MawBank":10,"Anchor":21,"DataDisk":22,"Bloody Idol":107,"FossilizedHelix":13,"Toy Ornithopter":43},{"Calipers":162,"Gremlin Horn":115,"Nilry\u0027s Codex":548,"CeramicFish":132,"Runic Capacitor":212,"Ginger":219,"Blood Vial":427,"Centennial Puzzle":156,"HornCleat":129,"Sundial":95,"Strawberry":276,"MealTicket":241,"Toxic Egg 2":521,"Pear":536,"Happy Flower":212,"Blue Candle":412,"Dead Branch":579,"Oddly Smooth Stone":48,"Velvet Choker":381,"Eternal Feather":77,"Pen Nib":321,"War Paint":17,"Question Card":495,"Akabeko":129,"Cables":123,"WarpedTongs":355,"OrangePellets":24,"SlaversCollar":250,"Snecko Eye":74,"Molten Egg 2":350,"Black Star":152,"Symbiotic Virus":179,"Meat on the Bone":477,"Lantern":345,"Mango":367,"Bag of Preparation":219,"Ancient Tea Set":219,"Smiling Mask":235,"Cursed Key":341,"ClockworkSouvenir":241,"Emotion Chip":216,"Nunchaku":536,"Matryoshka":321,"Shovel":337,"Mummified Hand":321,"Pantograph":506,"Tiny Chest":219,"WingedGreaves":462,"Cracked Core":0,"InkBottle":24,"Potion Belt":267,"Lee\u0027s Waffle":466,"Inserter":557,"Golden Idol":6,"PreservedInsect":355,"Omamori":219,"Frozen Egg 2":321,"Orichalcum":652,"MawBank":41,"Anchor":95,"DataDisk":102,"Bloody Idol":516,"FossilizedHelix":58,"Toy Ornithopter":216}],"Meat on the Bone":108},"card_choices":[{"not_picked":["Redo","Leap"],"picked":"Reinforced Body","floor":1.0},{"not_picked":["Reinforced Body","Beam Cell"],"picked":"Darkness","floor":2.0},{"not_picked":["Force Field","Compile Driver"],"picked":"Cold Snap","floor":3.0},{"not_picked":["Streamline","Stack"],"picked":"Conserve Battery","floor":5.0},{"not_picked":["Ball Lightning","Rebound"],"picked":"Echo Form","floor":7.0},{"not_picked":["Doom and Gloom","Hello World"],"picked":"Defragment","floor":8.0},{"not_picked":["Tempest","Recycle","Streamline"],"picked":"Sweeping Beam","floor":10.0},{"not_picked":["Storm","Turbo","Hello World","Static Discharge"],"picked":"SKIP","floor":12.0},{"not_picked":["Hyperbeam","Creative AI","Amplify"],"picked":"Biased Cognition","floor":16.0},{"not_picked":["Double Energy","Cold Snap","Streamline","Recycle"],"picked":"SKIP","floor":18.0},{"not_picked":["Streamline+1","Redo","Fusion"],"picked":"Defragment","floor":20.0},{"not_picked":["Gash","Consume+1","Tempest+1"],"picked":"Hologram+1","floor":22.0},{"not_picked":["Recycle+1","Sweeping Beam","Ball Lightning"],"picked":"Redo+1","floor":24.0},{"not_picked":["Chill+1","Conserve Battery+1","Steam+1"],"picked":"Glacier+1","floor":28.0},{"not_picked":["Steam Power+1","Redo+1","Sweeping Beam"],"picked":"Self Repair","floor":30.0},{"not_picked":["Hyperbeam","Rainbow+1","Amplify+1"],"picked":"Seek+1","floor":33.0},{"not_picked":["Sweeping Beam+1","Heatsinks","Rebound"],"picked":"Glacier+1","floor":35.0},{"not_picked":["Bandage Up+1","Swift Strike","Blind+1"],"picked":"Enlightenment+1","floor":38.0},{"not_picked":["Thinking Ahead+1","Flash of Steel","Metamorphosis+1"],"picked":"Master of Strategy+1","floor":38.0},{"not_picked":["Conserve Battery+1","Fusion+1","Hologram+1"],"picked":"Double Energy+1","floor":39.0},{"not_picked":["Fusion+1","Sunder","Blizzard+1"],"picked":"Stack+1","floor":41.0},{"not_picked":["Reinforced Body+1","Lockon+1","Compile Driver"],"picked":"Barrage+1","floor":44},{"not_picked":["Meteor Strike","Stack+1","Turbo+1"],"picked":"Recycle+1","floor":45},{"not_picked":["Steam Power+1","Sweeping Beam","Reprogram+1","Rebound+1"],"picked":"SKIP","floor":47},{"not_picked":["Rebound","Beam Cell","Tempest+1"],"picked":"Barrage","floor":48},{"not_picked":["Conserve Battery+1","Streamline","Gash"],"picked":"Undo+1","floor":55}],"player_experience":587018,"relics_obtained":[{"floor":4.0,"key":"Meat on the Bone"},{"floor":7.0,"key":"Matryoshka"},{"floor":9.0,"key":"Bag of Preparation"},{"floor":9.0,"key":"Question Card"},{"floor":12.0,"key":"Pantograph"},{"floor":21.0,"key":"Blue Candle"},{"floor":21.0,"key":"Toxic Egg 2"},{"floor":24.0,"key":"Nunchaku"},{"floor":26.0,"key":"Pear"},{"floor":30.0,"key":"HornCleat"},{"floor":31.0,"key":"Nilry\u0027s Codex"},{"floor":41.0,"key":"Dead Branch"},{"floor":47,"key":"PreservedInsect"},{"floor":55,"key":"Orichalcum"}],"event_choices":[{"damage_healed":0.0,"max_hp_gain":0.0,"max_hp_loss":7.0,"gold_gain":0.0,"event_name":"Golden Idol","player_choice":"Lose Max HP","floor":14.0,"gold_loss":0.0,"damage_taken":0.0,"relics_obtained":["Golden Idol"]},{"damage_healed":0.0,"max_hp_gain":0.0,"max_hp_loss":0.0,"gold_gain":0.0,"event_name":"Forgotten Altar","player_choice":"Gave Idol","floor":19.0,"relics_lost":["Golden Idol"],"gold_loss":0.0,"damage_taken":0.0,"relics_obtained":["Bloody Idol"]},{"damage_healed":0.0,"max_hp_gain":0.0,"max_hp_loss":0.0,"gold_gain":0.0,"event_name":"Back to Basics","player_choice":"Simplicity","floor":25.0,"gold_loss":0.0,"damage_taken":0.0,"cards_upgraded":["Strike_B","Strike_B","Defend_B","Defend_B","Defend_B","Defend_B"]},{"damage_healed":0.0,"max_hp_gain":0.0,"max_hp_loss":0.0,"gold_gain":0.0,"event_name":"Cursed Tome","player_choice":"Obtained Book","floor":31.0,"gold_loss":0.0,"damage_taken":21.0},{"damage_healed":0.0,"max_hp_gain":0.0,"max_hp_loss":4.0,"gold_gain":0.0,"event_name":"Winding Halls","player_choice":"Max HP","floor":37.0,"gold_loss":0.0,"damage_taken":0.0},{"damage_healed":0.0,"max_hp_gain":0.0,"max_hp_loss":0.0,"gold_gain":0.0,"event_name":"SensoryStone","player_choice":"Memory 3","floor":38.0,"gold_loss":0.0,"damage_taken":10.0}],"is_beta":false,"boss_relics":[{"not_picked":["Calling Bell","Ectoplasm"],"picked":"SlaversCollar"},{"not_picked":["Astrolabe","Tiny House"],"picked":"Inserter"}],"items_purged_floors":[0,13,36],"is_endless":false,"potions_floor_spawned":[5,10,12,18,24,35,44,45,47],"killed_by":"The Heart","ascension_level":20}}