{"host":"0pl361p0raiipqb8","time":1610471957,"event":{"mods":["BaseMod","Downfall","Googly Eyes","Marisa????????","Minty Spire (QoL Compilation)","Replay The Spire","StSLib"],"gold_per_floor":[117,134,134,148,211,243,350,350,432,432,482,516,535,535,535],"floor_reached":14,"playtime":2413,"items_purged":[],"score":105,"play_id":"4ce4077e-a13a-4c45-9dfa-3dedb15382f2","local_time":"20210112201917","is_ascension_mode":true,"campfire_choices":[{"floor":8.0,"key":"REST"},{"floor":10.0,"key":"REST"}],"circlet_count":0,"master_deck":["Strike_P","Strike_P","Strike_P","Strike_P","Defend_P","Defend_P","Defend_P","Defend_P","Eruption","Vigilance","Regret","CutThroughFate","EmptyFist","Study","MentalFortress","Vault","EmptyFist","Vengeance","Halt"],"relics":["PureWater","TungstenRod","SsserpentHead","Boot","Pet Ghost","Snack Pack","Ice Cream","Replay:WaspNest"],"acts_visited":["Exordium"],"potions_floor_usage":[],"damage_taken":[{"damage":2.0,"enemies":"2 Louse","floor":1.0,"turns":3.0},{"damage":4.0,"enemies":"Cultist","floor":2.0,"turns":4.0},{"damage":0.0,"enemies":"Jaw Worm","floor":4.0,"turns":2.0},{"damage":16.0,"enemies":"Large Slime","floor":5.0,"turns":6.0},{"damage":7.0,"enemies":"Lagavulin","floor":6.0,"turns":4.0},{"damage":33.0,"enemies":"3 Sentries","floor":7.0,"turns":12.0},{"damage":15.0,"enemies":"3 Sentries","floor":12.0,"turns":11.0},{"damage":6,"enemies":"Exordium Wildlife","floor":13,"turns":4},{"damage":9,"enemies":"Replay:BlueRogue","floor":14,"turns":3}],"seed_played":"1691554567178520986","potions_obtained":[{"floor":2.0,"key":"SneckoOil"},{"floor":5.0,"key":"sneckomod:MuddlingPotion"},{"floor":7.0,"key":"SkillPotion"}],"is_trial":false,"path_per_floor":["M","M","?","M","M","E","?","R","T","R","?","E","M","E"],"character_chosen":"WATCHER","items_purchased":[],"campfire_rested":2,"item_purchase_floors":[],"current_hp_per_floor":[70,66,66,66,50,43,10,31,31,52,25,14,10,1,1],"gold":535,"neow_bonus":"RANDOM_EVENT","is_daily":false,"chose_seed":false,"campfire_upgraded":0,"win_rate":0.0,"timestamp":1610471957,"path_taken":["M","M","?","M","?","E","?","R","T","R","?","E","M","E"],"items_purchased_type":[],"build_version":"2020-12-22","purchased_purges":0,"victory":false,"max_hp_per_floor":[72,72,72,72,72,72,72,72,72,72,72,72,72,72,72],"card_choices":[{"not_picked":["ClearTheMind","JustLucky"],"picked":"CutThroughFate","floor":1.0},{"not_picked":["Replay:ManipulateFuture","EmptyMind"],"picked":"EmptyFist","floor":2.0},{"not_picked":["Prostrate","Replay:Anticipation"],"picked":"Study","floor":4.0},{"not_picked":["Replay:BluntJabs","Crescendo"],"picked":"MentalFortress","floor":5.0},{"not_picked":["Evaluate","Perseverance"],"picked":"Vault","floor":6.0},{"not_picked":["SashWhip","WreathOfFlame"],"picked":"EmptyFist","floor":7.0},{"not_picked":["EmptyBody","FlurryOfBlows"],"picked":"Vengeance","floor":12.0},{"not_picked":["Vengeance","Crescendo"],"picked":"Halt","floor":13}],"player_experience":210693,"relics_obtained":[{"floor":6.0,"key":"Boot"},{"floor":7.0,"key":"Pet Ghost"},{"floor":9.0,"key":"Snack Pack"},{"floor":12.0,"key":"Replay:WaspNest"}],"event_choices":[{"damage_healed":0.0,"max_hp_gain":0.0,"max_hp_loss":0.0,"gold_gain":0.0,"event_name":"Big Fish","player_choice":"Box","floor":0.0,"gold_loss":0.0,"damage_taken":0.0,"relics_obtained":["TungstenRod"],"cards_obtained":["Regret"]},{"damage_healed":0.0,"max_hp_gain":0.0,"max_hp_loss":0.0,"gold_gain":0.0,"event_name":"FaceTrader","player_choice":"Trade","floor":3.0,"gold_loss":0.0,"damage_taken":0.0,"relics_obtained":["SsserpentHead"]},{"damage_healed":0.0,"max_hp_gain":0.0,"max_hp_loss":0.0,"gold_gain":30.0,"event_name":"Dead Adventurer","player_choice":"Searched \u00273\u0027 times","floor":7.0,"gold_loss":0.0,"damage_taken":0.0},{"damage_healed":0.0,"max_hp_gain":0.0,"max_hp_loss":0.0,"gold_gain":0.0,"event_name":"Scrap Ooze","player_choice":"Success","floor":11.0,"gold_loss":0.0,"damage_taken":33.0,"relics_obtained":["Ice Cream"]}],"is_beta":false,"boss_relics":[],"items_purged_floors":[],"is_endless":false,"potions_floor_spawned":[2,5,7],"killed_by":"Replay:BlueRogue","ascension_level":1}}