{"host":"1u4zr9vl8my47i07","time":1610487394,"event":{"mods":["AchievementEnabler","BaseMod","DeckTracker","Highlight Path","Keyboard Shortcuts","Minty Spire (QoL Compilation)","Relic Stats","StSLib","SuperFastMode","Uncapped","Waifu the Spire","everything is the same but u backflip on backflip"],"gold_per_floor":[19,19,39,39,39,39,55,95,179,212,149,161,173,155,167,274,286,267,279,216,228,264,276,324,376,439,476,512,105,105,119,119,215,215,239,253,253,274,113,157,166,239,239,65,98,98,127,127,127,127],"floor_reached":51,"language":"KOR","playtime":3329,"items_purged":["Writhe","Defend_G"],"score":1463,"play_id":"f517d6d2-06df-4bab-a0e2-9b53884c898a","local_time":"20210113063634","is_ascension_mode":true,"campfire_choices":[{"floor":6.0,"key":"REST"},{"data":"Neutralize","floor":13.0,"key":"SMITH"},{"floor":15.0,"key":"REST"},{"data":"Ghostly","floor":23.0,"key":"SMITH"},{"data":"Calculated Gamble","floor":30.0,"key":"SMITH"},{"data":"Ghostly","floor":32.0,"key":"SMITH"},{"data":"Apotheosis","floor":46.0,"key":"SMITH"},{"data":"Well Laid Plans","floor":49,"key":"SMITH"}],"circlet_count":0,"master_deck":["AscendersBane","Defend_G","Defend_G","Survivor","Neutralize+1","Tactician","PiercingWail","Dagger Throw","A Thousand Cuts","Underhanded Strike+1","Dagger Spray+1","Dodge and Roll","Grand Finale","Backflip+1","Ghostly+1","Ghostly+1","Ghostly","Eviscerate+1","Acrobatics","Acrobatics","Blur","Well Laid Plans+1","Calculated Gamble+1","Concentrate","Adrenaline","Acrobatics+1","Forethought","Riddle With Holes","Apotheosis+1","Prepared","Prepared"],"relics":["Ring of the Snake","Art of War","Golden Idol","MawBank","Gremlin Horn","Tough Bandages","Empty Cage","Matryoshka","Pocketwatch","Red Mask","Whetstone","CeramicFish","Bottled Lightning","HoveringKite","White Beast Statue","Ice Cream","Lizard Tail","Juzu Bracelet","HornCleat"],"acts_visited":["Exordium","TheCity","TheBeyond"],"potions_floor_usage":[50],"damage_taken":[{"damage":13.0,"enemies":"Jaw Worm","floor":1.0,"turns":8.0},{"damage":1.0,"enemies":"Small Slimes","floor":3.0,"turns":4.0},{"damage":0.0,"enemies":"2 Louse","floor":7.0,"turns":3.0},{"damage":24.0,"enemies":"3 Sentries","floor":8.0,"turns":8.0},{"damage":0.0,"enemies":"Large Slime","floor":10.0,"turns":4.0},{"damage":0.0,"enemies":"Looter","floor":14.0,"turns":4.0},{"damage":19.0,"enemies":"The Guardian","floor":16.0,"turns":8.0},{"damage":16.0,"enemies":"2 Thieves","floor":18.0,"turns":5.0},{"damage":0.0,"enemies":"Spheric Guardian","floor":22.0,"turns":5.0},{"damage":3.0,"enemies":"Book of Stabbing","floor":24.0,"turns":5.0},{"damage":6.0,"enemies":"Masked Bandits","floor":25.0,"turns":4.0},{"damage":8.0,"enemies":"Cultist and Chosen","floor":27.0,"turns":6.0},{"damage":2.0,"enemies":"Snake Plant","floor":28.0,"turns":5.0},{"damage":0.0,"enemies":"Centurion and Healer","floor":31.0,"turns":2.0},{"damage":0.0,"enemies":"Champ","floor":33.0,"turns":4.0},{"damage":0.0,"enemies":"Orb Walker","floor":35.0,"turns":3.0},{"damage":0.0,"enemies":"3 Darklings","floor":36.0,"turns":4.0},{"damage":0.0,"enemies":"Maw","floor":38.0,"turns":8.0},{"damage":0.0,"enemies":"Nemesis","floor":40.0,"turns":11.0},{"damage":9.0,"enemies":"2 Orb Walkers","floor":42.0,"turns":7.0},{"damage":0.0,"enemies":"Jaw Worm Horde","floor":45.0,"turns":2.0},{"damage":0,"enemies":"Sphere and 2 Shapes","floor":47,"turns":4},{"damage":0,"enemies":"Awakened One","floor":50,"turns":6}],"seed_played":"1856021801550029548","potions_obtained":[{"floor":16.0,"key":"Regen Potion"},{"floor":25.0,"key":"Ancient Potion"},{"floor":28.0,"key":"EssenceOfSteel"},{"floor":33.0,"key":"DistilledChaos"},{"floor":42.0,"key":"CultistPotion"},{"floor":45.0,"key":"DistilledChaos"},{"floor":47,"key":"GamblersBrew"}],"is_trial":false,"path_per_floor":["M","?","M","?","?","R","M","E","T","M","?","T","R","M","R","B",null,"M","?","?","?","M","R","E","?","T","M","M","$","R","M","R","B",null,"M","M","?","M","$","E","?","?","T","$","M","R","M","?","R","B",null],"character_chosen":"THE_SILENT","items_purchased":["Well Laid Plans","Calculated Gamble","Bottled Lightning","Adrenaline","Apotheosis"],"campfire_rested":2,"item_purchase_floors":[29,29,29,39,44],"current_hp_per_floor":[46,46,45,19,19,37,37,13,13,13,13,13,13,13,31,12,48,32,32,32,30,30,30,27,21,21,25,23,23,23,23,23,23,28,28,28,28,28,28,28,23,14,14,14,14,14,14,28,28,28],"gold":127,"neow_bonus":"TRANSFORM_TWO_CARDS","is_daily":false,"chose_seed":false,"campfire_upgraded":6,"win_rate":0.0,"timestamp":1610487394,"path_taken":["M","?","M","?","?","R","M","E","T","M","?","?","R","?","R","BOSS","M","?","?","?","?","R","E","?","T","M","M","?","R","M","R","BOSS","M","?","?","M","$","E","?","?","T","?","M","R","M","?","R","BOSS"],"items_purchased_type":["Card","Card","Relic","Card","Card"],"build_version":"2020-12-22","purchased_purges":2,"victory":true,"max_hp_per_floor":[66,66,66,66,60,60,60,60,60,60,60,60,60,60,60,60,60,60,60,60,30,30,30,30,30,30,30,30,30,30,30,30,30,30,30,30,28,28,28,28,28,28,28,28,28,28,28,28,28,28],"relic_stats":{"Gremlin Horn":[13,13],"counters":[23,120],"Golden Idol":144,"CeramicFish":99,"HoveringKite":[40],"Juzu Bracelet":0,"Whetstone":["Underhanded Strike","Dagger Spray"],"MawBank":252,"Tough Bandages":[801],"Lizard Tail":0,"Art of War":[14],"obtain_stats":[{"Ice Cream":42,"Gremlin Horn":9,"Golden Idol":5,"CeramicFish":26,"HoveringKite":34,"Juzu Bracelet":43,"Whetstone":26,"MawBank":8,"Empty Cage":17,"White Beast Statue":40,"Tough Bandages":12,"Lizard Tail":42,"Matryoshka":19,"HornCleat":43,"Art of War":4,"Red Mask":25,"Bottled Lightning":29,"Ring of the Snake":0,"Pocketwatch":24},{"Ice Cream":20,"Gremlin Horn":4,"Golden Idol":2,"CeramicFish":11,"HoveringKite":15,"Juzu Bracelet":20,"Whetstone":11,"MawBank":4,"Empty Cage":7,"White Beast Statue":19,"Tough Bandages":5,"Lizard Tail":20,"Matryoshka":8,"HornCleat":20,"Art of War":2,"Red Mask":11,"Bottled Lightning":13,"Ring of the Snake":0,"Pocketwatch":10},{"Ice Cream":104,"Gremlin Horn":23,"Golden Idol":12,"CeramicFish":58,"HoveringKite":75,"Juzu Bracelet":108,"Whetstone":58,"MawBank":23,"Empty Cage":39,"White Beast Statue":101,"Tough Bandages":27,"Lizard Tail":108,"Matryoshka":44,"HornCleat":108,"Art of War":12,"Red Mask":58,"Bottled Lightning":69,"Ring of the Snake":0,"Pocketwatch":54}],"Ring of the Snake":[46],"Pocketwatch":[33]},"card_choices":[{"not_picked":["Slice","Outmaneuver"],"picked":"Dagger Throw","floor":1.0},{"not_picked":["Dagger Throw","Deadly Poison"],"picked":"Underhanded Strike","floor":3.0},{"not_picked":["Bane","Blur"],"picked":"Dagger Spray","floor":7.0},{"not_picked":["PiercingWail","Backflip"],"picked":"Leg Sweep","floor":8.0},{"not_picked":["Outmaneuver","Dagger Spray"],"picked":"Dodge and Roll","floor":10.0},{"not_picked":["Poisoned Stab","Quick Slash"],"picked":"Bullet Time","floor":14.0},{"not_picked":["A Thousand Cuts","Night Terror"],"picked":"Grand Finale","floor":16.0},{"not_picked":["Prepared+1","Flying Knee"],"picked":"Backflip+1","floor":18.0},{"not_picked":["Caltrops","Deflect","Predator"],"picked":"SKIP","floor":22.0},{"not_picked":["Poisoned Stab","Flying Knee"],"picked":"Eviscerate+1","floor":24.0},{"not_picked":["Deflect","Setup"],"picked":"Blur","floor":27.0},{"not_picked":["Finisher","Endless Agony","Crippling Poison+1"],"picked":"SKIP","floor":28.0},{"not_picked":["Doppelganger","Skewer","Catalyst"],"picked":"SKIP","floor":31.0},{"not_picked":["Quick Slash","Slice"],"picked":"Concentrate","floor":35.0},{"not_picked":["Dagger Throw+1","Sucker Punch","Accuracy+1"],"picked":"SKIP","floor":36.0},{"not_picked":["Crippling Poison","Cloak And Dagger+1","Dagger Spray"],"picked":"SKIP","floor":38.0},{"not_picked":["Dagger Throw+1","Bane"],"picked":"Acrobatics+1","floor":40.0},{"not_picked":["Good Instincts","Violence"],"picked":"Forethought","floor":41.0},{"not_picked":["Dagger Throw","Quick Slash+1"],"picked":"Riddle With Holes","floor":42.0},{"not_picked":["All Out Attack","Deflect"],"picked":"Prepared","floor":45.0},{"not_picked":["Deadly Poison","Deflect"],"picked":"Prepared","floor":47}],"player_experience":319082,"relics_obtained":[{"floor":8.0,"key":"MawBank"},{"floor":9.0,"key":"Gremlin Horn"},{"floor":12.0,"key":"Tough Bandages"},{"floor":24.0,"key":"Pocketwatch"},{"floor":25.0,"key":"Red Mask"},{"floor":26.0,"key":"Whetstone"},{"floor":26.0,"key":"CeramicFish"},{"floor":40.0,"key":"White Beast Statue"},{"floor":42.0,"key":"Lizard Tail"},{"floor":43.0,"key":"Juzu Bracelet"},{"floor":43.0,"key":"HornCleat"}],"event_choices":[{"damage_healed":0.0,"max_hp_gain":0.0,"max_hp_loss":0.0,"gold_gain":0.0,"cards_transformed":["Defend_G"],"event_name":"Living Wall","player_choice":"Change","floor":2.0,"gold_loss":0.0,"damage_taken":0.0,"cards_obtained":["A Thousand Cuts"]},{"damage_healed":0.0,"max_hp_gain":0.0,"max_hp_loss":0.0,"gold_gain":0.0,"event_name":"Scrap Ooze","player_choice":"Success","floor":4.0,"gold_loss":0.0,"damage_taken":26.0,"relics_obtained":["Art of War"]},{"damage_healed":0.0,"max_hp_gain":0.0,"max_hp_loss":6.0,"gold_gain":0.0,"event_name":"Golden Idol","player_choice":"Lose Max HP","floor":5.0,"gold_loss":0.0,"damage_taken":0.0,"relics_obtained":["Golden Idol"]},{"cards_removed":["Strike_G"],"damage_healed":0.0,"max_hp_gain":0.0,"max_hp_loss":0.0,"gold_gain":0.0,"event_name":"The Cleric","player_choice":"Card Removal","floor":11.0,"gold_loss":75.0,"damage_taken":0.0},{"damage_healed":0.0,"max_hp_gain":0.0,"max_hp_loss":0.0,"gold_gain":0.0,"event_name":"The Mausoleum","player_choice":"Opened","floor":19.0,"gold_loss":0.0,"damage_taken":0.0,"relics_obtained":["Matryoshka"],"cards_obtained":["Writhe"]},{"cards_removed":["Strike_G"],"damage_healed":0.0,"max_hp_gain":0.0,"max_hp_loss":0.0,"gold_gain":0.0,"event_name":"Beggar","player_choice":"Gave Gold","floor":20.0,"gold_loss":75.0,"damage_taken":0.0},{"damage_healed":0.0,"max_hp_gain":0.0,"max_hp_loss":30.0,"gold_gain":0.0,"event_name":"Ghosts","player_choice":"Became a Ghost","floor":21.0,"gold_loss":0.0,"damage_taken":0.0,"cards_obtained":["Ghostly","Ghostly","Ghostly"]},{"damage_healed":0.0,"max_hp_gain":0.0,"max_hp_loss":0.0,"gold_gain":0.0,"event_name":"Masked Bandits","player_choice":"Fought Bandits","floor":25.0,"gold_loss":0.0,"damage_taken":0.0},{"damage_healed":0.0,"max_hp_gain":0.0,"max_hp_loss":2.0,"gold_gain":0.0,"event_name":"Winding Halls","player_choice":"Max HP","floor":37.0,"gold_loss":0.0,"damage_taken":0.0},{"damage_healed":0.0,"max_hp_gain":0.0,"max_hp_loss":0.0,"gold_gain":0.0,"event_name":"SensoryStone","player_choice":"Memory 2","floor":41.0,"gold_loss":0.0,"damage_taken":5.0},{"damage_healed":0.0,"max_hp_gain":0.0,"max_hp_loss":0.0,"gold_gain":0.0,"event_name":"Mysterious Sphere","player_choice":"Fight","floor":42.0,"gold_loss":0.0,"damage_taken":0.0},{"cards_removed":["Leg Sweep"],"damage_healed":14,"gold_gain":0,"player_choice":"Offered Uncommon","damage_taken":0,"max_hp_gain":0,"max_hp_loss":0,"event_name":"Bonfire Elementals","floor":48,"gold_loss":0}],"is_beta":false,"boss_relics":[{"not_picked":["Ring of the Serpent","Coffee Dripper"],"picked":"Empty Cage"},{"not_picked":["Pandora\u0027s Box","Philosopher\u0027s Stone"],"picked":"HoveringKite"}],"items_purged_floors":[29,39],"is_endless":false,"potions_floor_spawned":[16,25,28,33,42,45,47],"ascension_level":15}}