{"host":"i0m9g0siyue4991n","time":1610492845,"event":{"mods":["100% Spire Juice","ATMod(°¢èªMod)","Act Like it!","BaseMod","BetterRewards","CapriCore","Challenge The Spire","Custom Start","Friendly Minions","Gensokyo","Marisa£¨ìFÓê¡¡Ä§ÀíÉ³£©","Minty Spire (QoL Compilation)","Quick Restart","Reimu£¨²©ÀöÁéÃÎ£©","RumiaBox-Â¶Ã×æ«µÄÉñÃØºÐ×Ó","StSLib","The Administrix","The Immortal","The Servant 0.9.4","Yakumo Yukari mod"],"gold_per_floor":[111,128,146,160,51,63,63,73,73,53,53,53,53,68,68,168,48,60,60,95,20,39,70,70,80,80,80,93,116,116,136,136,237,117,127,127,127],"floor_reached":36,"language":"ZHS","playtime":1892,"items_purged":[],"score":403,"play_id":"57afca08-00e1-4ffc-b9a1-0cf4d412558f","local_time":"20210113070725","is_ascension_mode":false,"campfire_choices":[{"data":"AT_FamilyPortrait","floor":11,"key":"SMITH"},{"data":"Moonworks:BackdoorTrade","floor":13,"key":"SMITH"},{"data":"Moonworks:DeployBits","floor":15,"key":"SMITH"},{"data":"Moonworks:SinkOrSwim","floor":24,"key":"SMITH"},{"floor":27,"key":"RECALL"},{"data":"Moonworks:TreasureThief","floor":30,"key":"SMITH"},{"data":"Moonworks:WeAreWaruda","floor":32,"key":"SMITH"}],"circlet_count":0,"master_deck":["Moonworks:Strike","Moonworks:Strike","Moonworks:Strike","Moonworks:Strike","Moonworks:Defend","Moonworks:Defend","Moonworks:Defend","Moonworks:Ambush","Moonworks:LongDistanceShot","AT_FamilyPortrait+1","Moonworks:Bloodlust","Moonworks:CookingTime","Moonworks:MiracleRedBeanIceCream","Moonworks:BackdoorTrade+1","Moonworks:IndiscriminateFireSupport","Moonworks:DeployBits+1","Moonworks:WeAreWaruda+1","Moonworks:NicePresent","Moonworks:SinkOrSwim+1","Moonworks:LulusLuckyEgg+1","Moonworks:TreasureThief+1","Moonworks:ScrambledEve","Moonworks:MeltingMemories","Moonworks:WindyEnchantment+1"],"relics":["Moonworks:BrokenBomb","Moonworks:Homemark","AT_ATBox","NeowsBlessing","AT_TrinityForce","Red Mask","Gremlin Horn","AT_SilvercatRing","Toy Ornithopter","Runic Dome"],"acts_visited":["Exordium","TheCity","TheBeyond"],"potions_floor_usage":[23],"damage_taken":[{"damage":0,"enemies":"Gensokyo:3_Fairies","floor":1,"turns":1},{"damage":0,"enemies":"Gensokyo:Python","floor":2,"turns":1},{"damage":4,"enemies":"Gensokyo:2_Kodama","floor":3,"turns":1},{"damage":11,"enemies":"Gensokyo:Kitsune","floor":4,"turns":3},{"damage":26,"enemies":"Gensokyo:Python_and_Kodama","floor":5,"turns":6},{"damage":11,"enemies":"Gensokyo:2_Rabbits","floor":6,"turns":4},{"damage":8,"enemies":"Gensokyo:LivingMonolith","floor":8,"turns":3},{"damage":18,"enemies":"Gensokyo:Gryphon_and_Rabbit","floor":14,"turns":5},{"damage":44,"enemies":"Gensokyo:Yukari","floor":16,"turns":11},{"damage":12,"enemies":"Shell Parasite","floor":18,"turns":3},{"damage":8,"enemies":"Masked Bandits","floor":20,"turns":2},{"damage":4,"enemies":"3 Byrds","floor":22,"turns":2},{"damage":43,"enemies":"Book of Stabbing","floor":23,"turns":5},{"damage":21,"enemies":"Centurion and Healer","floor":25,"turns":4},{"damage":13,"enemies":"Snake Plant","floor":28,"turns":3},{"damage":8,"enemies":"Chosen and Byrds","floor":31,"turns":3},{"damage":93,"enemies":"Champ","floor":33,"turns":9},{"damage":10,"enemies":"3 Darklings","floor":35,"turns":3},{"damage":92,"enemies":"3 Darklings","floor":36,"turns":13}],"seed_played":"8173162503756369711","potions_obtained":[{"floor":1,"key":"SkillPotion"},{"floor":3,"key":"ZuzhouPotion:ReiMu"},{"floor":4,"key":"Explosive Potion"},{"floor":16,"key":"ColorlessPotion"},{"floor":18,"key":"FairyPotion"},{"floor":25,"key":"LiquidBronze"}],"is_trial":false,"path_per_floor":["M","M","M","M","M","M","?","M","T","?","R","$","R","M","R","B",null,"M","?","?","?","M","E","R","M","T","R","M","T","R","M","R","B",null,"M","?"],"character_chosen":"THE_STARBREAKER","items_purchased":[],"campfire_rested":0,"item_purchase_floors":[],"current_hp_per_floor":[60,60,60,60,40,41,41,51,51,51,51,51,51,50,50,27,60,61,50,48,48,56,36,36,40,40,40,46,46,46,59,59,20,68,66,0,0],"gold":127,"neow_bonus":"THREE_ENEMY_KILL","is_daily":false,"chose_seed":false,"campfire_upgraded":6,"win_rate":0.0,"timestamp":1610492845,"path_taken":["M","M","?","?","M","M","?","M","T","?","R","?","R","?","R","BOSS","M","?","?","?","?","E","R","M","T","R","M","?","R","?","R","BOSS","M","?"],"items_purchased_type":[],"build_version":"2020-12-22","purchased_purges":0,"victory":false,"max_hp_per_floor":[60,60,60,60,60,60,60,60,60,60,60,60,60,60,60,60,60,63,68,68,68,68,68,68,68,68,68,68,68,68,68,68,68,68,68,68,68],"card_choices":[{"not_picked":["Moonworks:IndiscriminateFireSupport","Moonworks:DeployBits"],"picked":"Moonworks:Bloodlust","floor":1},{"not_picked":["Moonworks:ImmovableObject","Moonworks:Heat300Percent"],"picked":"Moonworks:CookingTime","floor":2},{"not_picked":["Moonworks:EvilSpyWorkPreparation","Moonworks:IntelligenceOfficer"],"picked":"Moonworks:MiracleRedBeanIceCream","floor":3},{"not_picked":["Moonworks:Assault","Moonworks:SakisCookie","Moonworks:NicePresent"],"picked":"SKIP","floor":4},{"not_picked":["Moonworks:ImOnFire","Moonworks:BigMagnum"],"picked":"Moonworks:BackdoorTrade","floor":5},{"not_picked":["Moonworks:BigBangBell","Moonworks:JonathanRush","Moonworks:SakisCookie"],"picked":"SKIP","floor":6},{"not_picked":["Moonworks:DeployBits","Moonworks:Dinner"],"picked":"Moonworks:IndiscriminateFireSupport","floor":8},{"not_picked":["Moonworks:IndiscriminateFireSupport","Moonworks:AngelHand"],"picked":"Moonworks:DeployBits","floor":14},{"not_picked":["Moonworks:Gamble","Moonworks:Blazing"],"picked":"Moonworks:WeAreWaruda","floor":16},{"not_picked":["Moonworks:CloudOfSeagulls","Moonworks:Assault+1"],"picked":"Moonworks:NicePresent","floor":18},{"not_picked":["Moonworks:BigMagnum","Moonworks:IndiscriminateFireSupport","Moonworks:NicePresent"],"picked":"SKIP","floor":22},{"not_picked":["Moonworks:ImOnFire","Moonworks:IndiscriminateFireSupport"],"picked":"Moonworks:SinkOrSwim","floor":23},{"not_picked":["Moonworks:IndiscriminateFireSupport+1","Moonworks:DevilHand"],"picked":"Moonworks:LulusLuckyEgg+1","floor":25},{"not_picked":["Moonworks:IndiscriminateFireSupport","Moonworks:DeployBits+1"],"picked":"Moonworks:TreasureThief","floor":28},{"not_picked":["Moonworks:MiracleRedBeanIceCream","Moonworks:BindingChains"],"picked":"Moonworks:ScrambledEve","floor":31},{"not_picked":["Moonworks:SubspaceTunnel","Moonworks:PlushieMaster"],"picked":"Moonworks:MeltingMemories","floor":33},{"not_picked":["Moonworks:EvilSpyWorkPreparation","Moonworks:LulusLuckyEgg+1"],"picked":"Moonworks:WindyEnchantment+1","floor":35}],"player_experience":510509,"relics_obtained":[{"floor":20,"key":"Red Mask"},{"floor":23,"key":"Gremlin Horn"},{"floor":26,"key":"AT_SilvercatRing"},{"floor":29,"key":"Toy Ornithopter"}],"event_choices":[{"damage_healed":0,"gold_gain":0,"player_choice":"Shed Blood","damage_taken":16,"max_hp_gain":5,"max_hp_loss":0,"event_name":"Forgotten Altar","floor":19,"gold_loss":0},{"damage_healed":0,"gold_gain":0,"player_choice":"Fought Bandits","damage_taken":0,"max_hp_gain":0,"max_hp_loss":0,"event_name":"Masked Bandits","floor":20,"gold_loss":0},{"cards_removed":["Moonworks:Defend"],"damage_healed":0,"gold_gain":0,"player_choice":"Gave Gold","damage_taken":0,"max_hp_gain":0,"max_hp_loss":0,"event_name":"Beggar","floor":21,"gold_loss":75}],"is_beta":false,"boss_relics":[{"not_picked":["SlaversCollar","Runic Pyramid"],"picked":"AT_TrinityForce"},{"not_picked":["Busted Crown","Velvet Choker"],"picked":"Runic Dome"}],"items_purged_floors":[],"is_endless":false,"potions_floor_spawned":[1,3,4,16,18,20,25],"killed_by":"3 Darklings","ascension_level":0}}