{"host":"ojme7g6xlqwffsso","time":1610445695,"event":{"mods":["Act Like it!","BaseMod","Beaked The Cultist","Downfall","Hermit","Infinite Spire","MarisaÅiñ∂âJÅ@ñÇóùçπÅj","Minty Spire (QoL Compilation)","Replay The Spire","Shade Mod","Shop Mod","StSLib","The Alterego","The Cursed","Yuri Mod"],"gold_per_floor":[114,114,114,114,114,114,130,157,157,157,171,184,204,223,223,325,325,339,349,349,368,368,402,402],"floor_reached":23,"playtime":870,"items_purged":["TheCursedMod:PrepareRite"],"score":439,"play_id":"04019ffc-2f5a-4888-9e87-4f3137709c20","local_time":"20210112190135","is_ascension_mode":true,"campfire_choices":[{"data":"TheCursedMod:DemonicPact","floor":6,"key":"SMITH"},{"data":"TheCursedMod:CollectTribute","floor":10,"key":"SMITH"},{"floor":15,"key":"DIG"}],"circlet_count":0,"master_deck":["TheCursedMod:CursedWand","TheCursedMod:CleanUpWorkshop","TheCursedMod:CursedAmulet","TheCursedMod:RapidMovement+1","TheCursedMod:Grudge","TheCursedMod:AshesToAshes","TheCursedMod:DemonicPact+1","TheCursedMod:LuckyCharm+1","TheCursedMod:SpitefulPlan","TheCursedMod:CollectTribute+1","TheCursedMod:CursedShiv","TheCursedMod:ManaCirculation"],"relics":["TheCursedMod:CrystalBall","NeowsBlessing","MealTicket","Bronze Scales","Sundial","Runic Pyramid","StrikeDummy","SlaversCollar","Frozen Egg 2"],"acts_visited":["Exordium","TheCity"],"potions_floor_usage":[],"damage_taken":[{"damage":12,"enemies":"2 Louse","floor":1,"turns":2},{"damage":0,"enemies":"Small Slimes","floor":7,"turns":1},{"damage":0,"enemies":"3 Sentries","floor":8,"turns":2},{"damage":12,"enemies":"Jaw Worm","floor":11,"turns":2},{"damage":8,"enemies":"Exordium Thugs","floor":12,"turns":5},{"damage":0,"enemies":"Red Slaver","floor":13,"turns":3},{"damage":0,"enemies":"2 Fungi Beasts","floor":14,"turns":2},{"damage":0,"enemies":"Hexaghost","floor":16,"turns":3},{"damage":12,"enemies":"Shell Parasite","floor":18,"turns":3},{"damage":3,"enemies":"2 Thieves","floor":19,"turns":2},{"damage":11,"enemies":"Centurion and Healer","floor":21,"turns":3},{"damage":0,"enemies":"Book of Stabbing","floor":23,"turns":2}],"seed_played":"-5397421926203599395","potions_obtained":[{"floor":7,"key":"SkillPotion"},{"floor":11,"key":"Energy Potion"},{"floor":14,"key":"Fire Potion"}],"is_trial":false,"path_per_floor":["M","?","$","?","?","R","M","E","T","R","M","M","M","M","R","B",null,"M","M","AVR","M","?","E"],"character_chosen":"THE_CURSED","items_purchased":[],"campfire_rested":0,"item_purchase_floors":[],"current_hp_per_floor":[56,41,41,41,41,41,41,41,41,41,29,21,21,21,21,21,62,50,47,47,36,41,41,41],"gold":402,"neow_bonus":"THREE_ENEMY_KILL","is_daily":false,"chose_seed":false,"campfire_upgraded":2,"win_rate":0.0,"timestamp":1610445695,"path_taken":["M","?","$","?","?","R","M","E","T","R","M","M","?","M","R","BOSS","M","M","AVR","M","?","E"],"items_purchased_type":[],"build_version":"2020-12-22","purchased_purges":1,"victory":false,"max_hp_per_floor":[75,75,75,75,75,75,75,75,75,75,75,75,75,75,75,75,75,75,75,75,75,75,75,75],"card_choices":[{"not_picked":["TheCursedMod:RapidMovement","TheCursedMod:CircleOfCorruption"],"picked":"TheCursedMod:CursedShiv","floor":1},{"not_picked":["TheCursedMod:SpitefulStrike","TheCursedMod:SmokeScreen","TheCursedMod:SoulCrush"],"picked":"SKIP","floor":7},{"not_picked":["TheCursedMod:LuckyCharm","TheCursedMod:AbyssShockwave","TheCursedMod:AshesToAshes"],"picked":"SKIP","floor":8},{"not_picked":["TheCursedMod:SaltUponWound","TheCursedMod:FleshFromBone","TheCursedMod:Stigma"],"picked":"SKIP","floor":11},{"not_picked":["TheCursedMod:WearCloak","TheCursedMod:EmpowerCircles"],"picked":"TheCursedMod:PrepareRite","floor":12},{"not_picked":["TheCursedMod:CursedBlade","TheCursedMod:CircleOfFlame"],"picked":"TheCursedMod:ManaCirculation","floor":13},{"not_picked":["TheCursedMod:CircleOfCorruption","TheCursedMod:StingEye"],"picked":"TheCursedMod:SurpriseAttack","floor":14},{"not_picked":["TheCursedMod:Torture","TheCursedMod:SurpriseAttack","TheCursedMod:SmokeScreen+1"],"picked":"SKIP","floor":18},{"not_picked":["TheCursedMod:SpitefulPray","TheCursedMod:CursedStaff","TheCursedMod:EmpowerCircles"],"picked":"SKIP","floor":19},{"not_picked":["TheCursedMod:SurpriseAttack","TheCursedMod:FleshFromBone+1","TheCursedMod:EmpowerCircles"],"picked":"SKIP","floor":21}],"player_experience":932298,"relics_obtained":[{"floor":8,"key":"MealTicket"},{"floor":9,"key":"Bronze Scales"},{"floor":15,"key":"Sundial"},{"floor":23,"key":"Frozen Egg 2"}],"event_choices":[{"damage_healed":0,"gold_gain":0,"player_choice":"Entered Light","damage_taken":15,"max_hp_gain":0,"max_hp_loss":0,"event_name":"Shining Light","floor":2,"gold_loss":0,"cards_upgraded":["TheCursedMod:RapidMovement","TheCursedMod:LuckyCharm"]},{"damage_healed":0,"gold_gain":0,"player_choice":"Ignored","damage_taken":0,"max_hp_gain":0,"max_hp_loss":0,"event_name":"Golden Wing","floor":5,"gold_loss":0},{"cards_removed":["TheCursedMod:SurpriseAttack"],"damage_healed":5,"gold_gain":0,"player_choice":"Offered Common","damage_taken":0,"max_hp_gain":0,"max_hp_loss":0,"event_name":"Bonfire Elementals","floor":22,"gold_loss":0},{"cards_removed":["TheCursedMod:SurpriseAttack"],"damage_healed":5,"gold_gain":0,"player_choice":"Offered Special","damage_taken":0,"max_hp_gain":0,"max_hp_loss":0,"event_name":"Bonfire Elementals","floor":22,"gold_loss":0}],"is_beta":false,"boss_relics":[{"not_picked":["ReplayTheSpireMod:SealedPack","Empty Cage"],"picked":"Runic Pyramid"}],"items_purged_floors":[20],"is_endless":false,"potions_floor_spawned":[7,11,14,16,21],"killed_by":"Book of Stabbing","ascension_level":6}}