{"host":"1u4zr9vl8my47i07","time":1610483292,"event":{"mods":["AchievementEnabler","BaseMod","DeckTracker","Highlight Path","Keyboard Shortcuts","Minty Spire (QoL Compilation)","Relic Stats","StSLib","SuperFastMode","Uncapped","Waifu the Spire","everything is the same but u backflip on backflip"],"gold_per_floor":[116,116,135,135,145,145,245,245,245,263,279,312,2,15,15,87,87,106,93,113,13,0,0,15,33,33,47,47,47,47,67,67,140,140,160,160,35,35,46,46,80,80,106,116,136,149,73,83,83,83],"floor_reached":51,"language":"KOR","playtime":2734,"items_purged":["Defend_G","Strike_G","Strike_G+1"],"score":1229,"play_id":"8be5c55b-ea77-4c77-8381-3ba3fa84e6f1","local_time":"20210113052812","is_ascension_mode":true,"campfire_choices":[{"data":"Calculated Gamble","floor":6.0,"key":"SMITH"},{"floor":8.0,"key":"REST"},{"data":"Malaise","floor":15.0,"key":"SMITH"},{"floor":23.0,"key":"REST"},{"floor":30.0,"key":"REST"},{"floor":32.0,"key":"REST"},{"floor":40.0,"key":"REST"},{"floor":42.0,"key":"REST"},{"floor":49,"key":"REST"}],"circlet_count":0,"master_deck":["AscendersBane","Defend_G","Survivor","Neutralize","Dagger Throw+1","Footwork","Calculated Gamble+1","Blur","Backflip","Noxious Fumes","Malaise+1","Phantasmal Killer+1","Well Laid Plans","Finisher","Terror+1","Dagger Spray","Backflip+1","PiercingWail","Burst","Grand Finale+1","Backstab+1","Corpse Explosion+1","Dash+1","Infinite Blades","Bouncing Flask","Crippling Poison+1","Expertise"],"relics":["Ring of the Snake","Kunai","Bronze Scales","Lee\u0027s Waffle","WristBlade","HornCleat","Astrolabe","Ninja Scroll","Bottled Tornado","War Paint"],"acts_visited":["Exordium","TheCity","TheBeyond"],"potions_floor_usage":[48],"damage_taken":[{"damage":1.0,"enemies":"Small Slimes","floor":1.0,"turns":4.0},{"damage":0.0,"enemies":"2 Louse","floor":3.0,"turns":2.0},{"damage":0.0,"enemies":"Cultist","floor":5.0,"turns":3.0},{"damage":2.0,"enemies":"2 Fungi Beasts","floor":10.0,"turns":4.0},{"damage":5.0,"enemies":"Blue Slaver","floor":11.0,"turns":4.0},{"damage":38.0,"enemies":"Gremlin Nob","floor":12.0,"turns":6.0},{"damage":1.0,"enemies":"Looter","floor":14.0,"turns":4.0},{"damage":1.0,"enemies":"Hexaghost","floor":16.0,"turns":13.0},{"damage":6.0,"enemies":"Chosen","floor":18.0,"turns":5.0},{"damage":25.0,"enemies":"2 Thieves","floor":19.0,"turns":4.0},{"damage":19.0,"enemies":"3 Cultists","floor":20.0,"turns":8.0},{"damage":5.0,"enemies":"Snake Plant","floor":24.0,"turns":5.0},{"damage":12.0,"enemies":"Chosen and Byrds","floor":25.0,"turns":6.0},{"damage":5.0,"enemies":"Snecko","floor":27.0,"turns":6.0},{"damage":14.0,"enemies":"Colosseum Slavers","floor":29.0,"turns":5.0},{"damage":8.0,"enemies":"Cultist and Chosen","floor":31.0,"turns":7.0},{"damage":67.0,"enemies":"Collector","floor":33.0,"turns":13.0},{"damage":34.0,"enemies":"3 Darklings","floor":35.0,"turns":2.0},{"damage":0.0,"enemies":"3 Shapes","floor":39.0,"turns":2.0},{"damage":18.0,"enemies":"Nemesis","floor":41.0,"turns":7.0},{"damage":0.0,"enemies":"3 Darklings","floor":44.0,"turns":1.0},{"damage":25.0,"enemies":"Writhing Mass","floor":45.0,"turns":5.0},{"damage":0.0,"enemies":"Sphere and 2 Shapes","floor":46.0,"turns":1.0},{"damage":3,"enemies":"Transient","floor":48,"turns":5},{"damage":0,"enemies":"Time Eater","floor":50,"turns":1}],"seed_played":"3418788110798844821","potions_obtained":[{"floor":3.0,"key":"FairyPotion"},{"floor":5.0,"key":"SteroidPotion"},{"floor":14.0,"key":"Fire Potion"},{"floor":20.0,"key":"SneckoOil"},{"floor":27.0,"key":"AttackPotion"},{"floor":33.0,"key":"PowerPotion"},{"floor":39.0,"key":"LiquidMemories"},{"floor":41.0,"key":"Energy Potion"},{"floor":46.0,"key":"FearPotion"},{"floor":48,"key":"LiquidMemories"}],"is_trial":false,"path_per_floor":["M","?","M","?","M","R","?","R","T","M","M","E","$","M","R","B",null,"M","M","M","$","?","R","M","M","T","M","?","?","R","M","R","B",null,"M","?","$","?","M","R","E","R","T","M","M","M","$","M","R","B",null],"character_chosen":"THE_SILENT","items_purchased":["Lee\u0027s Waffle","Noxious Fumes","Expertise"],"campfire_rested":7,"item_purchase_floors":[13,13,47],"current_hp_per_floor":[58,51,51,39,39,39,39,57,57,55,50,12,67,66,66,65,67,61,36,17,17,17,37,32,20,20,15,15,1,21,13,33,3,51,17,17,17,17,17,37,19,39,39,39,14,14,14,11,31,31],"gold":83,"neow_bonus":"REMOVE_TWO","is_daily":false,"chose_seed":false,"campfire_upgraded":2,"win_rate":0.0,"timestamp":1610483292,"path_taken":["M","?","M","?","M","R","?","R","T","?","M","E","$","M","R","BOSS","M","M","M","$","?","R","M","M","T","M","?","?","R","M","R","BOSS","M","?","$","?","?","R","E","R","T","M","M","M","$","M","R","BOSS"],"items_purchased_type":["Relic","Card","Card"],"build_version":"2020-12-22","purchased_purges":3,"victory":true,"max_hp_per_floor":[60,60,60,60,60,60,60,60,60,60,60,60,67,67,67,67,67,67,67,67,67,67,67,67,67,67,67,67,67,67,67,67,67,67,67,67,67,67,67,67,67,67,67,67,67,67,67,67,67,67],"relic_stats":{"Lee\u0027s Waffle":55,"counters":[25,123],"Bronze Scales":[360],"Astrolabe":["Grand Finale","Backstab","Corpse Explosion"],"Kunai":[28],"War Paint":["Backflip","Phantasmal Killer"],"obtain_stats":[{"Lee\u0027s Waffle":13,"HornCleat":26,"WristBlade":17,"Ninja Scroll":38,"Bronze Scales":12,"Astrolabe":34,"Kunai":9,"Bottled Tornado":41,"War Paint":43,"Ring of the Snake":0},{"Lee\u0027s Waffle":6,"HornCleat":13,"WristBlade":8,"Ninja Scroll":18,"Bronze Scales":6,"Astrolabe":17,"Kunai":3,"Bottled Tornado":20,"War Paint":20,"Ring of the Snake":0},{"Lee\u0027s Waffle":23,"HornCleat":68,"WristBlade":40,"Ninja Scroll":101,"Bronze Scales":23,"Astrolabe":99,"Kunai":9,"Bottled Tornado":110,"War Paint":110,"Ring of the Snake":0}],"Ring of the Snake":[50]},"card_choices":[{"not_picked":["Blade Dance","Cloak And Dagger"],"picked":"Dagger Throw","floor":1.0},{"not_picked":["Cloak And Dagger","Bane"],"picked":"Footwork","floor":3.0},{"not_picked":["Terror","Escape Plan"],"picked":"Calculated Gamble","floor":5.0},{"not_picked":["Noxious Fumes","Outmaneuver"],"picked":"Blur","floor":10.0},{"not_picked":["Distraction","Finisher","Footwork"],"picked":"SKIP","floor":11.0},{"not_picked":["Footwork","Prepared"],"picked":"Backflip","floor":12.0},{"not_picked":["Blade Dance","Predator"],"picked":"Malaise","floor":14.0},{"not_picked":["Burst","Tools of the Trade"],"picked":"Phantasmal Killer","floor":16.0},{"not_picked":["Flying Knee","Outmaneuver"],"picked":"Well Laid Plans","floor":18.0},{"not_picked":["Slice","Eviscerate"],"picked":"Finisher","floor":19.0},{"not_picked":["Catalyst+1","Predator"],"picked":"Terror+1","floor":20.0},{"not_picked":["Predator","Skewer"],"picked":"Dagger Spray","floor":24.0},{"not_picked":["Poisoned Stab","Quick Slash","Backstab"],"picked":"SKIP","floor":25.0},{"not_picked":["Dagger Spray","Deflect+1"],"picked":"Backflip","floor":27.0},{"not_picked":["Predator","Poisoned Stab","Slice"],"picked":"SKIP","floor":31.0},{"not_picked":["Glass Knife","Unload"],"picked":"Burst","floor":33.0},{"not_picked":["PiercingWail","Slice"],"picked":"Dash+1","floor":35.0},{"not_picked":["Deflect","Sucker Punch"],"picked":"Infinite Blades","floor":39.0},{"not_picked":["Prepared","Underhanded Strike+1","Riddle With Holes"],"picked":"SKIP","floor":41.0},{"not_picked":["Dash","Flying Knee+1"],"picked":"Bouncing Flask","floor":44.0},{"not_picked":["Corpse Explosion","Masterful Stab"],"picked":"Crippling Poison+1","floor":45.0},{"not_picked":["Finisher","Slice+1","Bane"],"picked":"SKIP","floor":46.0},{"not_picked":["Slice","Terror","Deflect"],"picked":"SKIP","floor":48}],"player_experience":316348,"relics_obtained":[{"floor":9.0,"key":"Kunai"},{"floor":12.0,"key":"Bronze Scales"},{"floor":26.0,"key":"HornCleat"},{"floor":41.0,"key":"Bottled Tornado"},{"floor":43.0,"key":"War Paint"}],"event_choices":[{"cards_removed":["Strike_G"],"damage_healed":0.0,"max_hp_gain":0.0,"max_hp_loss":0.0,"gold_gain":0.0,"event_name":"Golden Wing","player_choice":"Card Removal","floor":2.0,"gold_loss":0.0,"damage_taken":7.0},{"damage_healed":0.0,"max_hp_gain":0.0,"max_hp_loss":0.0,"gold_gain":0.0,"event_name":"Shining Light","player_choice":"Entered Light","floor":4.0,"gold_loss":0.0,"damage_taken":12.0,"cards_upgraded":["Dagger Throw","Strike_G"]},{"damage_healed":0.0,"max_hp_gain":0.0,"max_hp_loss":0.0,"gold_gain":100.0,"event_name":"Golden Shrine","player_choice":"Pray","floor":7.0,"gold_loss":0.0,"damage_taken":0.0},{"damage_healed":0.0,"max_hp_gain":0.0,"max_hp_loss":0.0,"gold_gain":0.0,"event_name":"Masked Bandits","player_choice":"Paid Fearfully","floor":22.0,"gold_loss":13.0,"damage_taken":0.0},{"damage_healed":0.0,"max_hp_gain":0.0,"max_hp_loss":0.0,"gold_gain":0.0,"event_name":"The Library","player_choice":"Read","floor":28.0,"gold_loss":0.0,"damage_taken":0.0,"cards_obtained":["PiercingWail"]},{"damage_healed":0.0,"max_hp_gain":0.0,"max_hp_loss":0.0,"gold_gain":0.0,"event_name":"Colosseum","player_choice":"Fight","floor":29.0,"gold_loss":0.0,"damage_taken":0.0},{"damage_healed":0.0,"max_hp_gain":0.0,"max_hp_loss":0.0,"gold_gain":0.0,"event_name":"Colosseum","player_choice":"Fled From Nobs","floor":29.0,"gold_loss":0.0,"damage_taken":0.0},{"damage_healed":0.0,"max_hp_gain":0.0,"max_hp_loss":0.0,"gold_gain":0.0,"event_name":"Tomb of Lord Red Mask","player_choice":"Ignored","floor":36.0,"gold_loss":0.0,"damage_taken":0.0},{"damage_healed":0.0,"max_hp_gain":0.0,"max_hp_loss":0.0,"gold_gain":0.0,"event_name":"WeMeetAgain","player_choice":"Gave Potion","floor":38.0,"gold_loss":0.0,"damage_taken":0.0,"relics_obtained":["Ninja Scroll"]}],"is_beta":false,"boss_relics":[{"not_picked":["SacredBark","Sozu"],"picked":"WristBlade"},{"not_picked":["Runic Dome","Fusion Hammer"],"picked":"Astrolabe"}],"items_purged_floors":[13,21,37],"is_endless":false,"potions_floor_spawned":[3,5,14,18,20,27,33,39,41,46,48],"ascension_level":14}}