{"host":"31s8hzukbhz1k6i6","time":1610414743,"event":{"mods":["AchievementEnabler","BaseMod","Bestiary","Colored Map","Filter the Spire","Minty Spire (QoL Compilation)","Relic Stats","ojb\u0027s Info Mod"],"gold_per_floor":[109,128,128,141,66,100,113,143,166,201,201,47,78,103,103,176,176,191,224,224,499,519,554,16,286,286,317,329,343,343,376,376,376,376],"floor_reached":33,"playtime":1466,"items_purged":["Strike_G","Regret"],"score":912,"play_id":"c6c1fc42-48fc-407d-beb9-c9f3ec15a853","local_time":"20210111172543","is_ascension_mode":true,"campfire_choices":[{"floor":11.0,"key":"REST"},{"data":"Noxious Fumes","floor":15.0,"key":"SMITH"},{"data":"Accuracy","floor":30,"key":"SMITH"},{"data":"Footwork","floor":32,"key":"SMITH"}],"circlet_count":0,"master_deck":["AscendersBane","Survivor","Neutralize","Blade Dance","Dagger Spray","Backflip","Backstab","Noxious Fumes+1","Cloak And Dagger","Deadly Poison","Adrenaline","Footwork","Die Die Die","Accuracy+1","Dodge and Roll","Wraith Form v2","Venomology","Adrenaline","Corpse Explosion","A Thousand Cuts","Backflip","Cloak And Dagger","Cloak And Dagger","PiercingWail","Finisher+1","Cloak And Dagger+1","Cloak And Dagger+1","Footwork+1","Leg Sweep+1","Dodge and Roll+1"],"relics":["Ring of the Snake","Whetstone","Ninja Scroll","MealTicket","Bronze Scales","Lantern","Bag of Marbles","Anchor","Pandora\u0027s Box","Red Mask","Prayer Wheel","Toxic Egg 2","InkBottle","Juzu Bracelet"],"acts_visited":["Exordium","TheCity"],"potions_floor_usage":[23,23,28,29,29,33,33,33],"damage_taken":[{"damage":7.0,"enemies":"Small Slimes","floor":1.0,"turns":5.0},{"damage":4.0,"enemies":"Jaw Worm","floor":2.0,"turns":5.0},{"damage":0.0,"enemies":"Cultist","floor":4.0,"turns":3.0},{"damage":10.0,"enemies":"3 Sentries","floor":6.0,"turns":8.0},{"damage":6.0,"enemies":"Exordium Wildlife","floor":7.0,"turns":4.0},{"damage":21.0,"enemies":"Lagavulin","floor":8.0,"turns":6.0},{"damage":11.0,"enemies":"Gremlin Nob","floor":10.0,"turns":3.0},{"damage":7.0,"enemies":"3 Sentries","floor":13.0,"turns":6.0},{"damage":14.0,"enemies":"The Guardian","floor":16.0,"turns":10.0},{"damage":0,"enemies":"3 Byrds","floor":18,"turns":1},{"damage":0,"enemies":"Masked Bandits","floor":19,"turns":1},{"damage":0,"enemies":"Shell Parasite","floor":22,"turns":1},{"damage":0,"enemies":"Slavers","floor":23,"turns":1},{"damage":0,"enemies":"Book of Stabbing","floor":27,"turns":1},{"damage":2,"enemies":"Snake Plant","floor":28,"turns":2},{"damage":1,"enemies":"3 Cultists","floor":29,"turns":3},{"damage":0,"enemies":"Gremlin Leader","floor":31,"turns":2},{"damage":58,"enemies":"Collector","floor":33,"turns":11}],"seed_played":"7508996601808463132","potions_obtained":[{"floor":2.0,"key":"PowerPotion"},{"floor":6.0,"key":"Fruit Juice"},{"floor":7.0,"key":"Fire Potion"},{"floor":16.0,"key":"SteroidPotion"},{"floor":19,"key":"BlessingOfTheForge"},{"floor":27,"key":"DuplicationPotion"},{"floor":29,"key":"FearPotion"},{"floor":31,"key":"ColorlessPotion"}],"is_trial":false,"path_per_floor":["M","M","?","M","?","E","M","E","T","E","R","$","E","T","R","B",null,"M","?","?","?","M","E","$","?","T","E","M","M","R","E","R","B"],"character_chosen":"THE_SILENT","items_purchased":["Footwork","Toxic Egg 2","Cloak And Dagger+1","Dexterity Potion","Fire Potion"],"campfire_rested":1,"item_purchase_floors":[12,24,24,24,24],"current_hp_per_floor":[52,48,48,48,48,38,37,16,16,5,26,41,34,34,34,20,58,58,58,58,58,58,58,71,44,44,44,42,41,41,41,41,0,0],"gold":376,"neow_bonus":"RANDOM_COMMON_RELIC","is_daily":false,"chose_seed":false,"campfire_upgraded":3,"win_rate":0.0,"timestamp":1610414743,"path_taken":["M","M","?","M","?","E","?","E","T","E","R","?","E","?","R","BOSS","M","?","?","?","?","E","$","?","T","E","M","?","R","E","R","BOSS"],"items_purchased_type":["Card","Relic","Card","Potion","Potion"],"build_version":"2020-12-22","purchased_purges":2,"victory":false,"max_hp_per_floor":[66,66,66,66,66,66,71,71,71,71,71,71,71,71,71,71,71,71,71,71,71,71,71,71,71,71,71,71,71,71,71,71,71,71],"relic_stats":{"counters":[18,73],"Bronze Scales":[115],"MealTicket":28,"Pandora\u0027s Box":["Accuracy","Dodge and Roll","Wraith Form v2","Venomology","Adrenaline","Corpse Explosion","A Thousand Cuts"],"Prayer Wheel":2,"Juzu Bracelet":0,"Whetstone":["Strike_G","Strike_G"],"obtain_stats":[{"Lantern":10,"Juzu Bracelet":31,"Whetstone":0,"Anchor":14,"Ninja Scroll":6,"Bronze Scales":9,"MealTicket":8,"Pandora\u0027s Box":17,"Prayer Wheel":23,"Bag of Marbles":13,"Red Mask":19,"Toxic Egg 2":24,"InkBottle":27,"Ring of the Snake":0},{"Lantern":7,"Juzu Bracelet":17,"Whetstone":0,"Anchor":8,"Ninja Scroll":4,"Bronze Scales":6,"MealTicket":6,"Pandora\u0027s Box":9,"Prayer Wheel":13,"Bag of Marbles":8,"Red Mask":11,"Toxic Egg 2":13,"InkBottle":14,"Ring of the Snake":0},{"Lantern":34,"Juzu Bracelet":62,"Whetstone":0,"Anchor":40,"Ninja Scroll":21,"Bronze Scales":31,"MealTicket":31,"Pandora\u0027s Box":50,"Prayer Wheel":54,"Bag of Marbles":40,"Red Mask":52,"Toxic Egg 2":54,"InkBottle":55,"Ring of the Snake":0}],"InkBottle":[10],"Ring of the Snake":[36]},"card_choices":[{"not_picked":["Underhanded Strike","All Out Attack"],"picked":"Blade Dance","floor":1.0},{"not_picked":["Acrobatics","Blur"],"picked":"Dagger Spray","floor":2.0},{"not_picked":["Catalyst","Acrobatics"],"picked":"Backstab","floor":4.0},{"not_picked":["Cloak And Dagger","Caltrops"],"picked":"Noxious Fumes","floor":6.0},{"not_picked":["Dodge and Roll","Blur"],"picked":"Cloak And Dagger","floor":7.0},{"not_picked":["PiercingWail","Dagger Throw"],"picked":"Deadly Poison","floor":8.0},{"not_picked":["All Out Attack","Skewer"],"picked":"Adrenaline","floor":10.0},{"not_picked":["Poisoned Stab","Cloak And Dagger","Bane"],"picked":"SKIP","floor":13.0},{"not_picked":["After Image","Night Terror"],"picked":"Die Die Die","floor":16.0},{"not_picked":["Dagger Spray","Sucker Punch"],"picked":"Backflip","floor":18},{"not_picked":["Dagger Spray","Masterful Stab"],"picked":"Cloak And Dagger","floor":19},{"not_picked":["Skewer","Sucker Punch"],"picked":"PiercingWail","floor":22},{"not_picked":["Slice","Dodge and Roll"],"picked":"Finisher+1","floor":23},{"not_picked":["Poisoned Stab","Accuracy","Predator"],"picked":"SKIP","floor":27},{"not_picked":["Predator","Catalyst+1"],"picked":"Cloak And Dagger+1","floor":28},{"not_picked":["Deadly Poison+1","Poisoned Stab"],"picked":"Footwork","floor":28},{"not_picked":["Deadly Poison+1","Reflex+1"],"picked":"Leg Sweep+1","floor":29},{"not_picked":["Cloak And Dagger+1","Bane+1"],"picked":"Dodge and Roll+1","floor":29},{"not_picked":["Predator","Setup+1","Deadly Poison+1"],"picked":"SKIP","floor":31}],"player_experience":173463,"relics_obtained":[{"floor":6.0,"key":"Ninja Scroll"},{"floor":8.0,"key":"MealTicket"},{"floor":9.0,"key":"Bronze Scales"},{"floor":10.0,"key":"Lantern"},{"floor":13.0,"key":"Bag of Marbles"},{"floor":14.0,"key":"Anchor"},{"floor":19,"key":"Red Mask"},{"floor":23,"key":"Prayer Wheel"},{"floor":27,"key":"InkBottle"},{"floor":31,"key":"Juzu Bracelet"}],"event_choices":[{"damage_healed":0.0,"max_hp_gain":0.0,"max_hp_loss":0.0,"gold_gain":0.0,"cards_transformed":["Strike_G"],"event_name":"Living Wall","player_choice":"Change","floor":3.0,"gold_loss":0.0,"damage_taken":0.0,"cards_obtained":["Backflip"]},{"cards_removed":["Strike_G"],"damage_healed":0.0,"max_hp_gain":0.0,"max_hp_loss":0.0,"gold_gain":0.0,"event_name":"The Cleric","player_choice":"Card Removal","floor":5.0,"gold_loss":75.0,"damage_taken":0.0},{"damage_healed":0,"gold_gain":0,"player_choice":"Fought Bandits","damage_taken":0,"max_hp_gain":0,"max_hp_loss":0,"event_name":"Masked Bandits","floor":19,"gold_loss":0},{"damage_healed":0,"gold_gain":0,"player_choice":"Read","damage_taken":0,"max_hp_gain":0,"max_hp_loss":0,"event_name":"The Library","floor":20,"gold_loss":0,"cards_obtained":["Cloak And Dagger"]},{"damage_healed":0,"gold_gain":275,"player_choice":"Desecrate","damage_taken":0,"max_hp_gain":0,"max_hp_loss":0,"event_name":"Golden Shrine","floor":21,"gold_loss":0,"cards_obtained":["Regret"]},{"damage_healed":0,"gold_gain":270,"player_choice":"GOLD GOLD GOLD ","damage_taken":27,"max_hp_gain":0,"max_hp_loss":0,"event_name":"Knowing Skull","floor":25,"potions_obtained":[],"gold_loss":0,"cards_obtained":[]}],"is_beta":false,"boss_relics":[{"not_picked":["Philosopher\u0027s Stone","Empty Cage"],"picked":"Pandora\u0027s Box"}],"items_purged_floors":[12,24],"is_endless":false,"potions_floor_spawned":[2,6,7,16,19,22,27,29,31],"killed_by":"Collector","ascension_level":20}}