{"host":"w9yruvs4bqht6bhw","time":1610413515,"event":{"mods":["BaseMod","Colored Powertips","Minty Spire (QoL Compilation)"],"gold_per_floor":[118,138,150,150,161,161,174,187,187,187,137,112,123,137,137,235,235,250,250,250,264,279,279,279,279,306,106,106,19,19,38,38,38,38],"floor_reached":33,"playtime":1369,"items_purged":["Clothesline"],"score":360,"play_id":"3b9a51de-ed38-4844-8f2e-0485e3af9218","local_time":"20210111200515","is_ascension_mode":true,"campfire_choices":[{"data":"Bash","floor":6,"key":"SMITH"},{"data":"Pummel","floor":10,"key":"SMITH"},{"data":"Shrug It Off","floor":15,"key":"SMITH"},{"floor":23,"key":"REST"},{"floor":30,"key":"REST"},{"floor":32,"key":"REST"}],"circlet_count":0,"master_deck":["Strike_R+1","Strike_R+1","Strike_R+1","Strike_R+1","Strike_R+1","Defend_R+1","Defend_R+1","Defend_R+1","Bash+1","Shrug It Off","Pummel+1","Iron Wave","Inflame","Shrug It Off","Shrug It Off+1","Pummel","Reaper","Flame Barrier","Hemokinesis","Armaments","Uppercut","Feed","Shockwave","Pommel Strike+1"],"relics":["Black Blood","Prayer Wheel","Juzu Bracelet"],"acts_visited":["Exordium","TheCity"],"potions_floor_usage":[16,31],"damage_taken":[{"damage":14,"enemies":"2 Louse","floor":1,"turns":4},{"damage":4,"enemies":"Jaw Worm","floor":2,"turns":5},{"damage":3,"enemies":"Small Slimes","floor":3,"turns":4},{"damage":10,"enemies":"2 Fungi Beasts","floor":5,"turns":4},{"damage":0,"enemies":"Exordium Wildlife","floor":7,"turns":3},{"damage":10,"enemies":"Exordium Thugs","floor":8,"turns":5},{"damage":10,"enemies":"2 Fungi Beasts","floor":13,"turns":4},{"damage":21,"enemies":"Lots of Slimes","floor":14,"turns":5},{"damage":23,"enemies":"Slime Boss","floor":16,"turns":9},{"damage":11,"enemies":"3 Byrds","floor":18,"turns":8},{"damage":17,"enemies":"Shell Parasite","floor":21,"turns":7},{"damage":52,"enemies":"Centurion and Healer","floor":22,"turns":12},{"damage":35,"enemies":"Cultist and Chosen","floor":31,"turns":8},{"damage":117,"enemies":"Champ","floor":33,"turns":10}],"seed_played":"2063520554127384228","potions_obtained":[{"floor":2,"key":"ElixirPotion"},{"floor":7,"key":"CultistPotion"},{"floor":8,"key":"Swift Potion"},{"floor":21,"key":"GamblersBrew"}],"is_trial":false,"path_per_floor":["M","M","M","?","M","R","M","M","T","R","?","$","M","M","R","B",null,"M","?","?","M","M","R","?","?","T","$","?","$","R","M","R","B"],"character_chosen":"IRONCLAD","items_purchased":["Shrug It Off","Uppercut","SteroidPotion","Shockwave","Energy Potion"],"campfire_rested":3,"item_purchase_floors":[12,27,27,29,29],"current_hp_per_floor":[72,74,77,82,78,78,84,80,80,80,80,80,76,61,61,44,81,82,82,82,83,43,70,52,52,52,52,52,52,81,58,87,0,0],"gold":38,"neow_bonus":"TEN_PERCENT_HP_BONUS","is_daily":false,"chose_seed":false,"campfire_upgraded":3,"win_rate":0.0,"timestamp":1610413515,"path_taken":["M","M","M","?","M","R","M","M","T","R","?","?","M","M","R","BOSS","M","?","?","M","M","R","?","?","T","$","?","?","R","M","R","BOSS"],"items_purchased_type":["Card","Card","Potion","Card","Potion"],"build_version":"2020-12-22","purchased_purges":1,"victory":false,"max_hp_per_floor":[88,88,88,93,93,93,93,93,93,93,93,93,93,93,93,93,93,93,93,93,93,93,93,98,98,98,98,98,98,98,98,98,98,98],"card_choices":[{"not_picked":["Pommel Strike","Twin Strike"],"picked":"Shrug It Off","floor":1},{"not_picked":["Sword Boomerang","Dark Embrace"],"picked":"Pummel","floor":2},{"not_picked":["Battle Trance","Wild Strike","Blood for Blood"],"picked":"SKIP","floor":3},{"not_picked":["Twin Strike","Disarm"],"picked":"Clothesline","floor":5},{"not_picked":["Warcry","True Grit"],"picked":"Iron Wave","floor":7},{"not_picked":["Body Slam","Bloodletting"],"picked":"Inflame","floor":8},{"not_picked":["Inflame","Disarm"],"picked":"Shrug It Off","floor":13},{"not_picked":["Havoc","Inflame","Demon Form"],"picked":"SKIP","floor":13},{"not_picked":["Carnage","Ghostly Armor"],"picked":"Pummel","floor":14},{"not_picked":["Havoc","Burning Pact","Cleave"],"picked":"SKIP","floor":14},{"not_picked":["Fiend Fire","Feed"],"picked":"Reaper","floor":16},{"not_picked":["Fire Breathing","Twin Strike"],"picked":"Flame Barrier","floor":18},{"not_picked":["Wild Strike","Dropkick"],"picked":"Hemokinesis","floor":18},{"not_picked":["Pommel Strike","Infernal Blade"],"picked":"Armaments","floor":21},{"not_picked":["Pommel Strike+1","Havoc","Shrug It Off"],"picked":"SKIP","floor":21},{"not_picked":["Armaments","Whirlwind","Wild Strike"],"picked":"SKIP","floor":22},{"not_picked":["Twin Strike","Metallicize","Body Slam"],"picked":"SKIP","floor":22},{"not_picked":["Clothesline","Armaments"],"picked":"Pommel Strike+1","floor":31},{"not_picked":["Offering","Shrug It Off","Burning Pact"],"picked":"SKIP","floor":31}],"player_experience":370644,"relics_obtained":[{"floor":9,"key":"Prayer Wheel"},{"floor":26,"key":"Juzu Bracelet"}],"event_choices":[{"damage_healed":0,"gold_gain":0,"player_choice":"Donut","damage_taken":0,"max_hp_gain":5,"max_hp_loss":0,"event_name":"Big Fish","floor":4,"gold_loss":0},{"cards_removed":["Defend_R"],"damage_healed":0,"gold_gain":0,"player_choice":"Card Removal","damage_taken":0,"max_hp_gain":0,"max_hp_loss":0,"event_name":"The Cleric","floor":11,"gold_loss":50},{"damage_healed":0,"gold_gain":0,"player_choice":"Ignored","damage_taken":0,"max_hp_gain":0,"max_hp_loss":0,"event_name":"Cursed Tome","floor":19,"gold_loss":0},{"damage_healed":0,"gold_gain":0,"player_choice":"Simplicity","damage_taken":0,"max_hp_gain":0,"max_hp_loss":0,"event_name":"Back to Basics","floor":20,"gold_loss":0,"cards_upgraded":["Strike_R","Strike_R","Strike_R","Strike_R","Strike_R","Defend_R","Defend_R","Defend_R"]},{"damage_healed":0,"gold_gain":0,"player_choice":"Shed Blood","damage_taken":23,"max_hp_gain":5,"max_hp_loss":0,"event_name":"Forgotten Altar","floor":24,"gold_loss":0},{"damage_healed":0,"gold_gain":0,"player_choice":"Ignored","damage_taken":0,"max_hp_gain":0,"max_hp_loss":0,"event_name":"Ghosts","floor":25,"gold_loss":0},{"damage_healed":0,"gold_gain":0,"player_choice":"1 cards matched","damage_taken":0,"max_hp_gain":0,"max_hp_loss":0,"event_name":"Match and Keep!","floor":28,"gold_loss":0,"cards_obtained":["Feed"]}],"is_beta":false,"boss_relics":[{"not_picked":["Empty Cage","Cursed Key"],"picked":"Black Blood"}],"items_purged_floors":[27],"is_endless":false,"potions_floor_spawned":[2,7,8,13,21],"killed_by":"Champ","ascension_level":8}}