{"host":"091y6d77ht7dl3wb","time":1610435780,"event":{"mods":["AchievementEnabler","BaseMod","Colored Map","Hermit","Minty Spire (QoL Compilation)","Rare Cards Sparkle","StSLib"],"gold_per_floor":[119,119,42,53,18,50,71,71,71,96,96,132,132,153,153,281,281,305,305,38,54,68,68,68],"floor_reached":23,"playtime":849,"items_purged":[],"score":199,"play_id":"c1986cb4-e7df-424c-93bc-cb136d740af9","local_time":"20210112161620","is_ascension_mode":false,"campfire_choices":[{"floor":11,"key":"REST"},{"floor":13,"key":"REST"},{"data":"hermit:Brawl","floor":15,"key":"SMITH"}],"circlet_count":0,"master_deck":["hermit:Strike_Hermit","hermit:Strike_Hermit","hermit:Strike_Hermit","hermit:Strike_Hermit","hermit:Defend_Hermit","hermit:Defend_Hermit","hermit:Defend_Hermit","hermit:Defend_Hermit","hermit:Snapshot","hermit:Covet","hermit:TrackingShot","hermit:Dissolve","hermit:Quickdraw+1","hermit:Headshot+1","hermit:CursedWeapon+1","Injury","hermit:FinalCanter+1","hermit:TakeAim","hermit:Brawl+1","hermit:FatalDesire","hermit:Ricochet+1","hermit:HighCaliber+1","hermit:SprayPray+1","hermit:Quickdraw+1"],"relics":["hermit:Momento","Toy Ornithopter","Molten Egg 2","MealTicket","Odd Mushroom","Golden Idol","hermit:Horseshoe","Bottled Flame","Black Star","Sundial","hermit:Spyglass"],"acts_visited":["Exordium","TheCity"],"potions_floor_usage":[6,7,12],"damage_taken":[{"damage":3,"enemies":"Small Slimes","floor":1,"turns":3},{"damage":15,"enemies":"Jaw Worm","floor":4,"turns":4},{"damage":2,"enemies":"Gremlin Nob","floor":6,"turns":5},{"damage":12,"enemies":"The Mushroom Lair","floor":7,"turns":4},{"damage":7,"enemies":"2 Louse","floor":10,"turns":2},{"damage":19,"enemies":"3 Sentries","floor":12,"turns":7},{"damage":2,"enemies":"2 Fungi Beasts","floor":14,"turns":2},{"damage":45,"enemies":"Hexaghost","floor":16,"turns":9},{"damage":38,"enemies":"Shell Parasite","floor":18,"turns":7},{"damage":17,"enemies":"2 Thieves","floor":21,"turns":2},{"damage":17,"enemies":"Snake Plant","floor":22,"turns":4},{"damage":18,"enemies":"Centurion and Healer","floor":23,"turns":2}],"seed_played":"-6769630497455600308","potions_obtained":[{"floor":1,"key":"Weak Potion"},{"floor":4,"key":"SkillPotion"},{"floor":10,"key":"SkillPotion"},{"floor":16,"key":"Block Potion"}],"is_trial":false,"path_per_floor":["M","?","$","M","?","E","?","?","T","M","R","E","R","M","R","B",null,"M","?","$","M","M","M"],"character_chosen":"HERMIT","items_purchased":["hermit:Dissolve","hermit:Spyglass","hermit:HighCaliber+1"],"campfire_rested":2,"item_purchase_floors":[3,20,20],"current_hp_per_floor":[72,47,47,32,50,53,46,46,46,39,61,47,69,67,67,22,75,37,37,52,35,18,0,0],"gold":68,"neow_bonus":"RANDOM_COMMON_RELIC","is_daily":false,"chose_seed":false,"campfire_upgraded":1,"win_rate":0.0,"timestamp":1610435780,"path_taken":["M","?","$","M","?","E","?","?","T","M","R","E","R","M","R","BOSS","M","?","$","M","M","M"],"items_purchased_type":["Card","Relic","Card"],"build_version":"2020-12-22","purchased_purges":0,"victory":false,"max_hp_per_floor":[75,75,75,75,75,75,75,75,75,75,75,75,75,75,75,75,75,75,75,75,75,75,75,75],"card_choices":[{"not_picked":["hermit:Cheat","hermit:Coalescence"],"picked":"hermit:TrackingShot","floor":1},{"not_picked":["hermit:WideOpen+1","hermit:Vantage"],"picked":"hermit:Quickdraw+1","floor":4},{"not_picked":["hermit:TakeAim","hermit:HoleUp"],"picked":"hermit:Headshot+1","floor":6},{"not_picked":["hermit:SprayPray+1","hermit:Dive"],"picked":"hermit:CursedWeapon+1","floor":7},{"not_picked":["hermit:WideOpen+1","hermit:CalledShot+1"],"picked":"hermit:FinalCanter+1","floor":10},{"not_picked":["hermit:TakeAim","hermit:Shortfuse+1","hermit:WideOpen+1"],"picked":"SKIP","floor":12},{"not_picked":["hermit:Shortfuse+1","hermit:WideOpen+1"],"picked":"hermit:TakeAim","floor":12},{"not_picked":["hermit:WideOpen+1","hermit:DeadMansHand"],"picked":"hermit:Brawl","floor":14},{"not_picked":["hermit:BlackWind+1","hermit:Purgatory+1"],"picked":"hermit:FatalDesire","floor":16},{"not_picked":["hermit:HighCaliber+1","hermit:Feint"],"picked":"hermit:Ricochet+1","floor":18},{"not_picked":["hermit:CalledShot+1","hermit:Adapt"],"picked":"hermit:SprayPray+1","floor":21},{"not_picked":["hermit:Showdown+1","hermit:WideOpen+1"],"picked":"hermit:Quickdraw+1","floor":22}],"player_experience":222989,"relics_obtained":[{"floor":6,"key":"MealTicket"},{"floor":7,"key":"Odd Mushroom"},{"floor":9,"key":"hermit:Horseshoe"},{"floor":12,"key":"Bottled Flame"}],"event_choices":[{"damage_healed":0,"gold_gain":0,"player_choice":"Success","damage_taken":25,"relics_obtained":["Molten Egg 2"],"max_hp_gain":0,"max_hp_loss":0,"event_name":"Scrap Ooze","floor":2,"gold_loss":0},{"damage_healed":18,"gold_gain":0,"player_choice":"Healed","damage_taken":0,"max_hp_gain":0,"max_hp_loss":0,"event_name":"The Cleric","floor":5,"gold_loss":35},{"damage_healed":0,"gold_gain":0,"player_choice":"Fought Mushrooms","damage_taken":0,"max_hp_gain":0,"max_hp_loss":0,"event_name":"Mushrooms","floor":7,"gold_loss":0},{"damage_healed":0,"gold_gain":0,"player_choice":"Take Wound","damage_taken":0,"relics_obtained":["Golden Idol"],"max_hp_gain":0,"max_hp_loss":0,"event_name":"Golden Idol","floor":8,"gold_loss":0,"cards_obtained":["Injury"]},{"damage_healed":0,"gold_gain":0,"player_choice":"Gave Potion","damage_taken":0,"relics_obtained":["Sundial"],"max_hp_gain":0,"max_hp_loss":0,"event_name":"WeMeetAgain","floor":19,"gold_loss":0}],"is_beta":false,"boss_relics":[{"not_picked":["Ectoplasm","Sozu"],"picked":"Black Star"}],"items_purged_floors":[],"is_endless":false,"potions_floor_spawned":[1,4,10,16],"killed_by":"Centurion and Healer","ascension_level":0}}