{"host":"t4ahr8360jjehcuv","time":1610441144,"event":{"mods":["BaseMod","Colored Map","DeckTracker","Highlight Path","Keyboard Shortcuts","Minty Spire (QoL Compilation)","Permanent Neow","Quick Restart","SuperFastMode","everything is the same but u backflip on backflip"],"gold_per_floor":[115,135,135,155,55,82,98,98,98],"floor_reached":8,"playtime":352,"items_purged":["Strike_G"],"score":64,"play_id":"37a7c11f-624c-471f-9054-5e4e7b33ef5c","local_time":"20210112174544","is_ascension_mode":true,"campfire_choices":[],"circlet_count":0,"master_deck":["Strike_G","Strike_G","Strike_G","Defend_G","Defend_G","Defend_G","Defend_G","Defend_G","Survivor","Neutralize","Dagger Spray","Dagger Throw","Backflip","Blade Dance","PiercingWail","Footwork"],"relics":["Ring of the Snake","Thread and Needle","Shuriken"],"acts_visited":["Exordium"],"potions_floor_usage":[],"damage_taken":[{"damage":7.0,"enemies":"Jaw Worm","floor":1.0,"turns":5.0},{"damage":0.0,"enemies":"Cultist","floor":2.0,"turns":3.0},{"damage":0.0,"enemies":"2 Louse","floor":4.0,"turns":2.0},{"damage":30.0,"enemies":"Lagavulin","floor":6.0,"turns":10.0},{"damage":0.0,"enemies":"Exordium Wildlife","floor":7.0,"turns":2.0},{"damage":0,"enemies":"3 Sentries","floor":8,"turns":1}],"seed_played":"-2747555504793381425","potions_obtained":[{"floor":2.0,"key":"Regen Potion"}],"is_trial":false,"path_per_floor":["M","M","?","M","$","E","M","E"],"character_chosen":"THE_SILENT","items_purchased":["Blade Dance"],"campfire_rested":0,"item_purchase_floors":[5],"current_hp_per_floor":[42,42,42,42,42,12,12,12,12],"gold":98,"neow_bonus":"ONE_RARE_RELIC","is_daily":false,"chose_seed":false,"campfire_upgraded":0,"win_rate":0.0,"timestamp":1610441144,"path_taken":["M","M","?","M","?","E","M","E"],"items_purchased_type":["Card"],"build_version":"2020-12-22","purchased_purges":1,"victory":false,"max_hp_per_floor":[70,70,70,70,70,70,70,70,70],"card_choices":[{"not_picked":["Backflip","Flying Knee"],"picked":"Dagger Spray","floor":1.0},{"not_picked":["Dodge and Roll","Outmaneuver"],"picked":"Dagger Throw","floor":2.0},{"not_picked":["Dagger Spray","Bane"],"picked":"Backflip","floor":4.0},{"not_picked":["After Image","Flying Knee"],"picked":"PiercingWail","floor":6.0},{"not_picked":["Calculated Gamble","Blade Dance"],"picked":"Footwork","floor":7.0}],"player_experience":48825,"relics_obtained":[{"floor":6.0,"key":"Shuriken"}],"event_choices":[{"cards_removed":["Strike_G"],"damage_healed":0.0,"max_hp_gain":0.0,"max_hp_loss":0.0,"gold_gain":0.0,"event_name":"Bonfire Elementals","player_choice":"Offered Basic","floor":3.0,"gold_loss":0.0,"damage_taken":0.0}],"is_beta":false,"boss_relics":[],"items_purged_floors":[5],"is_endless":false,"potions_floor_spawned":[2],"killed_by":"3 Sentries","ascension_level":2}}