{"host":"wy5pcbg592uilh9l","time":1610427931,"event":{"mods":["AchievementEnabler","Act Like it!","BaseMod","BetterRewards","Curses Come First","Gensokyo","Hubris","Infinite Spire","Marisa????????","Minty Spire (QoL Compilation)","Permanent Neow","Replay The Spire","StSLib"],"gold_per_floor":[109,119,119,119,154,187,187,201,201,248,260,260,286,300,300,417,417,450,467,494,494,519,570,570,570,641,696,764,764,834,874,874,971,1021,1040,370,383,401,401,459,67,136,136,136,136,149,215,235,235,235],"floor_reached":51,"playtime":4413,"items_purged":["Strike_MRS","Strike_MRS","Regret","Pain"],"score":1293,"play_id":"881079b9-8297-4433-a144-0e826ca39b51","local_time":"20210111230531","is_ascension_mode":true,"campfire_choices":[{"floor":7,"key":"REST"},{"floor":12,"key":"REST"},{"data":"MillisecondPulsars","floor":15,"key":"SMITH"},{"floor":24,"key":"REST"},{"floor":32,"key":"REST"},{"data":"MaximisePower","floor":44,"key":"SMITH"},{"floor":49,"key":"REST"}],"circlet_count":0,"master_deck":["Strike_MRS","Defend_MRS","Defend_MRS","Defend_MRS","Defend_MRS","MasterSpark","UpSweep","MeteoricShower","WitchOfGreed","NonDirectionalLaser","Acceleration","GrandCross","FairyDestructionRay","IllusionStar","NonDirectionalLaser","MillisecondPulsars+1","ReplayTheSpireMod:Splinters","Gensokyo:AllTheWorldsEvil","EarthLightRay","ShootTheMoon+1","WitchOfGreed+1","Replay:Fractal Strike","AsteroidBelt+1","DragonMeteor","infinitespire:Starlight","MagicChant","6A+1","CollectingQuirk+1","WitchLeyline+1","Acceleration","MaximisePower+1","AlicesGift+1","EarthLightRay+1","UnstableBomb+1","CollectingQuirk+1","MysteriousBeam+1"],"relics":["MiniHakkero","Chemical X","Singing Bowl","Onion Ring","White Beast Statue","Pet Ghost","Replay:Rubber Ducky","Replay:Ancient Bell","Replay:Wax Seal","hubris:CrystalStatue","hubris:MedicalManual","Nloth\u0027s Gift","Omamori","hubris:MobiusCoin","Snack Pack","ExperimentalFamiliar","Molten Egg 2","ReplayTheSpireMod:Shallot","hubris:RunicObelisk","hubris:EmptyBottle","Question Card","WarpedTongs","hubris:DeckOfHolding","ClockworkSouvenir","InkBottle","Pen Nib"],"acts_visited":["Exordium","TheCity","TheBeyond"],"potions_floor_usage":[5,6,10,10,10,11,14,16,16,16,22,23,27,27,28,28,30,30,31,33,33,33,33,33,35,38,38,46,47,48,48,50,50,50],"damage_taken":[{"damage":0,"enemies":"Jaw Worm","floor":1,"turns":1},{"damage":0,"enemies":"2 Louse","floor":2,"turns":1},{"damage":0,"enemies":"Cultist","floor":5,"turns":2},{"damage":0,"enemies":"Gremlin Nob","floor":6,"turns":2},{"damage":0,"enemies":"2 Fungi Beasts","floor":8,"turns":1},{"damage":8,"enemies":"Lagavulin","floor":10,"turns":3},{"damage":0,"enemies":"Red Slaver","floor":11,"turns":1},{"damage":11,"enemies":"Replay:BlueRogue","floor":13,"turns":2},{"damage":0,"enemies":"Exordium Thugs","floor":14,"turns":2},{"damage":30,"enemies":"The Guardian","floor":16,"turns":5},{"damage":4,"enemies":"Shell Parasite","floor":18,"turns":2},{"damage":2,"enemies":"3 Byrds","floor":19,"turns":2},{"damage":0,"enemies":"Centurion and Healer","floor":20,"turns":3},{"damage":0,"enemies":"Shelled Parasite and Fungi","floor":22,"turns":2},{"damage":36,"enemies":"Slavers","floor":23,"turns":4},{"damage":30,"enemies":"Cultist and Chosen","floor":27,"turns":5},{"damage":80,"enemies":"Nightmare","floor":28,"turns":9},{"damage":35,"enemies":"Slavers","floor":30,"turns":4},{"damage":4,"enemies":"Snecko","floor":31,"turns":3},{"damage":20,"enemies":"Collector","floor":33,"turns":4},{"damage":0,"enemies":"Orb Walker","floor":35,"turns":1},{"damage":0,"enemies":"3 Shapes","floor":37,"turns":2},{"damage":0,"enemies":"Spire Growth","floor":38,"turns":1},{"damage":39,"enemies":"R_Hoarder","floor":40,"turns":4},{"damage":4,"enemies":"4 Shapes","floor":42,"turns":2},{"damage":27,"enemies":"Writhing Mass","floor":46,"turns":3},{"damage":4,"enemies":"Giant Head","floor":47,"turns":3},{"damage":0,"enemies":"Maw","floor":48,"turns":2},{"damage":0,"enemies":"Donu and Deca","floor":50,"turns":2}],"seed_played":"-2955884797710113668","potions_obtained":[{"floor":1,"key":"AttackPotion"},{"floor":5,"key":"BottledSpark"},{"floor":5,"key":"Block Potion"},{"floor":6,"key":"AttackPotion"},{"floor":8,"key":"ColorlessPotion"},{"floor":10,"key":"Explosive Potion"},{"floor":10,"key":"Adrenaline Potion"},{"floor":11,"key":"SteroidPotion"},{"floor":13,"key":"Block Potion"},{"floor":14,"key":"DuplicationPotion"},{"floor":16,"key":"Venom Potion"},{"floor":16,"key":"FairyPotion"},{"floor":18,"key":"ShroomBrew"},{"floor":18,"key":"Languid Potion"},{"floor":19,"key":"CultistPotion"},{"floor":20,"key":"PowerPotion"},{"floor":22,"key":"Swift Potion"},{"floor":23,"key":"Toxic Potion"},{"floor":27,"key":"EssenceOfSteel"},{"floor":27,"key":"Toxic Potion"},{"floor":28,"key":"Fire Potion"},{"floor":28,"key":"Elixir"},{"floor":28,"key":"Strength Potion"},{"floor":30,"key":"Venom Potion"},{"floor":30,"key":"ColorlessPotion"},{"floor":30,"key":"EntropicBrew"},{"floor":31,"key":"Doom Potion"},{"floor":33,"key":"StarNLove"},{"floor":35,"key":"Doom Potion"},{"floor":38,"key":"SteroidPotion"},{"floor":40,"key":"ColorlessPotion"},{"floor":40,"key":"ColorlessPotion"},{"floor":47,"key":"BottledSpark"},{"floor":48,"key":"FearPotion"}],"is_trial":false,"path_per_floor":["M","M","?","?","M","E","R","M","T","E","M","R","E","M","R","B",null,"M","M","M","?","M","E","R","?","T","M","NM","AVR","E","M","R","B",null,"M","$","M","M","?","E","$","M","T","R","$","M","E","M","R","B",null],"character_chosen":"MARISA","items_purchased":["Chemical X","Singing Bowl","MeteoricShower","WitchOfGreed","Onion Ring","NonDirectionalLaser","Acceleration","hubris:EmptyBottle","Question Card","AttackPotion","WitchLeyline+1","Acceleration","ClockworkSouvenir","FairyPotion"],"campfire_rested":5,"item_purchase_floors":[0,0,0,0,0,0,0,36,36,36,36,36,41,41],"current_hp_per_floor":[35,37,37,30,30,30,53,53,53,47,47,71,62,62,62,34,91,87,89,89,89,93,61,89,89,89,63,28,28,11,11,39,33,95,97,97,97,97,97,64,64,62,62,62,62,45,57,75,99,99],"gold":235,"neow_bonus":"","is_daily":false,"chose_seed":false,"campfire_upgraded":2,"win_rate":0.0,"timestamp":1610427931,"path_taken":["M","M","?","?","M","E","R","?","T","E","M","R","E","M","R","BOSS","M","M","M","?","?","E","R","?","T","M","NM","AVR","E","M","R","BOSS","M","$","M","M","?","E","?","?","T","R","$","M","E","M","R","BOSS"],"items_purchased_type":["Relic","Relic","Card","Card","Relic","Card","Card","Relic","Relic","Potion","Card","Card","Relic","Potion"],"build_version":"2020-12-22","purchased_purges":4,"victory":true,"max_hp_per_floor":[77,79,79,79,79,79,79,79,79,81,81,81,83,83,83,85,91,91,91,91,91,93,95,95,95,95,95,95,95,95,95,95,95,95,97,97,97,97,97,97,97,97,97,97,97,99,99,99,99,99],"card_choices":[{"not_picked":["6A","ShootingEcho","LuminesStrike"],"picked":"Singing Bowl","floor":1},{"not_picked":["SporeBomb","AsteroidBelt","6A"],"picked":"Singing Bowl","floor":2},{"not_picked":["GravityBeat","StarDustReverie"],"picked":"GrandCross","floor":5},{"not_picked":["ChargeUpSpray","EnergyFlow"],"picked":"FairyDestructionRay","floor":6},{"not_picked":["DC","6A"],"picked":"IllusionStar","floor":8},{"not_picked":["IllusionStar","GravityBeat","MilkyWay"],"picked":"Singing Bowl","floor":10},{"not_picked":["AsteroidBelt","6A"],"picked":"NonDirectionalLaser","floor":11},{"not_picked":["UnstableBomb","ShootingEcho","NonDirectionalLaser"],"picked":"Singing Bowl","floor":13},{"not_picked":["AsteroidBelt","GrandCross"],"picked":"MillisecondPulsars","floor":14},{"not_picked":["BigCrunch","EscapeVelocity","JA"],"picked":"Singing Bowl","floor":16},{"not_picked":["infinitespire:Pacifist","ReplayTheSpireMod:Splinters","hubris:Wrath"],"picked":"Singing Bowl","floor":17},{"not_picked":["Hallucinations","Gensokyo:AllTheWorldsEvil","Gensokyo:ImpossibleRequest"],"picked":"Singing Bowl","floor":17},{"not_picked":["Regret","Replay:Sluggish","infinitespire:Pacifist"],"picked":"Singing Bowl","floor":17},{"not_picked":["GalacticHalo","SporeBomb"],"picked":"EarthLightRay","floor":18},{"not_picked":["LuminesStrike","IllusionStar"],"picked":"ShootTheMoon+1","floor":19},{"not_picked":["PulseMagic","StarlightTyphoon+1"],"picked":"WitchOfGreed+1","floor":20},{"not_picked":["PulseMagic","DarkMatter+1","BlazingStar"],"picked":"Singing Bowl","floor":22},{"not_picked":["JA","FinalSpark","SuperNova"],"picked":"Singing Bowl","floor":23},{"not_picked":["infinitespire:Gouge","ReplayTheSpireMod:Black Plague"],"picked":"Replay:Fractal Strike","floor":25},{"not_picked":["DarkMatter+1","GravityBeat"],"picked":"AsteroidBelt+1","floor":27},{"not_picked":["SatelliteIllusion","DC+1"],"picked":"DragonMeteor","floor":28},{"not_picked":["DarkSpark+1","JA+1"],"picked":"MagicChant","floor":30},{"not_picked":["GravityBeat+1","WitchOfGreed+1"],"picked":"6A+1","floor":31},{"not_picked":["BigCrunch","StarDustReverie"],"picked":"CollectingQuirk+1","floor":33},{"not_picked":["AsteroidBelt+1","NonDirectionalLaser+1","MilkyWay"],"picked":"Singing Bowl","floor":35},{"not_picked":["WitchOfGreed+1","DragonMeteor+1","NonDirectionalLaser+1"],"picked":"MaximisePower","floor":37},{"not_picked":["StarBarrage+1","Singularity+1","OortCloud"],"picked":"AlicesGift+1","floor":38},{"not_picked":["BlazingStar+1","AsteroidBelt+1","SporeBomb"],"picked":"EarthLightRay+1","floor":40},{"not_picked":["PulseMagic","PowerUp","ChargeUpSpray+1"],"picked":"UnstableBomb+1","floor":42},{"not_picked":["MilkyWay+1","JA+1","LuminesStrike+1","NonDirectionalLaser+1"],"picked":"Singing Bowl","floor":46},{"not_picked":["FinalSpark+1","BinaryStars","Robbery+1"],"picked":"CollectingQuirk+1","floor":47},{"not_picked":["DoubleSpark+1","BinaryStars","IllusionStar+1"],"picked":"MysteriousBeam+1","floor":48}],"player_experience":256014,"relics_obtained":[{"floor":6,"key":"Pet Ghost"},{"floor":10,"key":"Replay:Mystery Machine"},{"floor":13,"key":"Replay:Rubber Ducky"},{"floor":23,"key":"Omamori"},{"floor":26,"key":"hubris:MobiusCoin"},{"floor":28,"key":"Snack Pack"},{"floor":30,"key":"ReplayTheSpireMod:Shallot"},{"floor":40,"key":"hubris:DeckOfHolding"},{"floor":43,"key":"InkBottle"},{"floor":47,"key":"Pen Nib"}],"event_choices":[{"damage_healed":0,"gold_gain":0,"player_choice":"Success","damage_taken":7,"relics_obtained":["White Beast Statue"],"max_hp_gain":0,"max_hp_loss":0,"event_name":"Scrap Ooze","floor":4,"gold_loss":0},{"damage_healed":0,"gold_gain":0,"player_choice":"Traded Relic","damage_taken":0,"relics_obtained":["Nloth\u0027s Gift"],"max_hp_gain":0,"max_hp_loss":0,"event_name":"N\u0027loth","floor":21,"relics_lost":["Replay:Mystery Machine"],"gold_loss":0},{"damage_healed":0,"gold_gain":0,"player_choice":"Rummage","damage_taken":0,"relics_obtained":["WarpedTongs"],"max_hp_gain":0,"max_hp_loss":0,"event_name":"Accursed Blacksmith","floor":39,"gold_loss":0,"cards_obtained":["Pain"]}],"is_beta":false,"boss_relics":[{"not_picked":["Sozu","Replay:Drink Me"],"picked":"Replay:Ancient Bell"},{"not_picked":["infinitespire:Lucky Rock","Regal Pillow"],"picked":"Replay:Wax Seal"},{"not_picked":["Toxic Egg 2","HornCleat"],"picked":"hubris:CrystalStatue"},{"not_picked":["Calipers","CaptainsWheel"],"picked":"hubris:MedicalManual"},{"not_picked":["hubris:GrandSneckoEye","Coffee Dripper"],"picked":"hubris:RunicObelisk"}],"items_purged_floors":[0,0,36,41],"is_endless":false,"potions_floor_spawned":[1,5,6,8,10,11,13,14,16,18,19,20,22,23,27,28,30,31,33,35,37,38,40,42,46,47,48],"ascension_level":3}}