{"host":"0ttaavwaei2fh9kw","time":1610471606,"event":{"mods":["Act Like it!","Aspiration","BaseMod","Chen","Colored Map","Decade(王小明)","Downfall","Gensokyo","Hallownest","Hubris","Infinite Spire","KinomotoSakuraMod(木之本樱)","KomeijiMod","Lobotomy","LobotomyExtend","Marisa（F雨　魔理沙）","Minty Spire (QoL Compilation)","Prisma Mod","Reimu（博丽灵梦）","Replay The Spire","Spicy Shops","StSLib","The Servant 0.9.4","WarShipGirlsR/战舰少女R mod","Youmu（魂魄妖梦）"],"gold_per_floor":[112,127,7,20,20,31,31,31,83,320,332,344,369,397,409,522,534,556,582,594,617,646,692,704,716,728,740,752,819,123,197,209,320,332,401,91,120,190,202,214,604,676,760,772,784,796,881,770,782,839,839],"floor_reached":50,"playtime":4072,"items_purged":[],"score":747,"play_id":"ae0d7ac0-1b78-4f5a-84fa-6ee0586e14da","local_time":"20210113011326","is_ascension_mode":false,"campfire_choices":[{"data":"Dash_Komeiji","floor":7.0,"key":"SMITH"},{"data":"SenseofElegance","floor":24.0,"key":"SMITH"},{"data":"IceTornado","floor":32.0,"key":"SMITH"},{"data":"MiraiBunraku","floor":40.0,"key":"SMITH"},{"floor":44,"key":"DIG"},{"floor":49,"key":"DIG"}],"circlet_count":0,"master_deck":["Strike_Komeiji","Strike_Komeiji","Strike_Komeiji+1","Defend_Komeiji+1","Defend_Komeiji+1","Dash_Komeiji+1","NingyouKisou+1","NingyouSousou+1","SeekerWire+1","SeekerDolls+1","WumiGaWareru","IceTornado+1","AbyssNova","NingyouFukuhei+1","VampireKiss+1","infinitespire:Fortify","SenseofElegance+1","Gensokyo:ManorOfTheDishes","NingyouSP+1","NingyouMusou+1","HisouTensoku","MiraiBunraku+1","infinitespire:Fortify","HelanNingyou"],"relics":["KomeijisEye","SpellCardsRule","MusicBox","CogitoBucket","LetterFromLob","hubris:Icosahedron","Bag of Marbles","Gensokyo:Justice","MawBank","War Paint","CrystalOfMemory","hubris:Towel","Gensokyo:YoukaiFlower","aspiration:SecretTechniqueScroll","Ring of Peace","ReplayTheSpireMod:Ring of Collecting","Gensokyo:ConquerorOfFear","ReplayTheSpireMod:Ring of Challenge","MigarariNingyou","aspiration:TomeofQuesting","Replay:Lucky Slots","HandDrill","ReiryokuShyu","AtMidnight","DollysMirror","infinitespire:Joker Card","Replay:Kaleidoscope","Smiling Mask","infinitespire:Beetle Shell","FossilizedHelix","Shovel","Ring of Fury","Onion Ring","hubris:Zylophone","hubris:MobiusCoin","Juzu Bracelet","GoodDreamPillow","aspiration:HiddenCompartment"],"acts_visited":["Gensokyo:Gensokyo","Gensokyo:Gensokyoer","Gensokyo:Gensokyoest"],"potions_floor_usage":[],"damage_taken":[{"damage":2.0,"enemies":"Gensokyo:Gryphon","floor":1.0,"turns":5.0},{"damage":0.0,"enemies":"Gensokyo:3_Fairies","floor":2.0,"turns":3.0},{"damage":5.0,"enemies":"Gensokyo:Python","floor":4.0,"turns":3.0},{"damage":1.0,"enemies":"Gensokyo:CorruptedTreant","floor":6.0,"turns":10.0},{"damage":19.0,"enemies":"Gensokyo:Cirno","floor":10.0,"turns":6.0},{"damage":5.0,"enemies":"Gensokyo:VengefulSpirit","floor":13.0,"turns":4.0},{"damage":0.0,"enemies":"Gensokyo:Kitsune","floor":14.0,"turns":6.0},{"damage":9.0,"enemies":"Gensokyo:Kokoro","floor":16.0,"turns":10.0},{"damage":3.0,"enemies":"Gensokyo:CosmicMonolith","floor":18.0,"turns":7.0},{"damage":0.0,"enemies":"Gensokyo:3_Dogs","floor":19.0,"turns":3.0},{"damage":22.0,"enemies":"Gensokyo:Swordslinger","floor":21.0,"turns":6.0},{"damage":0.0,"enemies":"Gensokyo:3_Gloops","floor":22.0,"turns":3.0},{"damage":0.0,"enemies":"Nightmare","floor":23.0,"turns":8.0},{"damage":0.0,"enemies":"Gensokyo:Chomper_and_Gloop","floor":29.0,"turns":5.0},{"damage":0.0,"enemies":"Gensokyo:Slime_Group","floor":31.0,"turns":8.0},{"damage":0.0,"enemies":"Gensokyo:Kaguya","floor":33.0,"turns":16.0},{"damage":36.0,"enemies":"Gensokyo:3_Bats","floor":35.0,"turns":8.0},{"damage":0.0,"enemies":"Gensokyo:AncientGuardian","floor":37.0,"turns":8.0},{"damage":0.0,"enemies":"Gensokyo:Sharpion","floor":38.0,"turns":8.0},{"damage":20,"enemies":"Gensokyo:Doremy","floor":41,"turns":20},{"damage":0,"enemies":"Gensokyo:SeedOfUnknown","floor":42,"turns":7},{"damage":0,"enemies":"Nightmare","floor":47,"turns":10},{"damage":0,"enemies":"Gensokyo:Yuyuko","floor":50,"turns":10}],"seed_played":"5921639056328477481","potions_obtained":[{"floor":1.0,"key":"Guardian:BlockOnCardUsePotion"},{"floor":6.0,"key":"Explosive Potion"},{"floor":10.0,"key":"infinitespire:BlackPotion"},{"floor":14.0,"key":"UndeadPotion"}],"is_trial":false,"path_per_floor":["M","M","COS","M","?","M","R","?","T","E","?","?","M","M","R_BF","B",null,"M","M","?","M","M","NM","R","?","T","?","?","M","COS","M","R","B",null,"M","COS","M","M","?","R","E","M","T","R","?","?","NM","?","R_BF","B"],"character_chosen":"KomeijiSatori","items_purchased":[],"campfire_rested":0,"item_purchase_floors":[],"current_hp_per_floor":[48,48,48,43,43,42,42,42,42,25,25,25,20,20,35,28,50,50,50,50,49,49,50,50,50,50,46,46,46,46,46,46,46,46,32,32,32,32,32,32,46,46,46,46,46,46,46,46,46,0,0],"gold":839,"neow_bonus":"","is_daily":false,"chose_seed":false,"campfire_upgraded":4,"win_rate":0.0,"timestamp":1610471606,"path_taken":["M","M","COS","M","?","M","R","?","T","E","?","?","?","M","R_BF","BOSS","M","M","?","?","M","NM","R","?","T","?","?","M","COS","M","R","BOSS","M","COS","M","?","?","R","E","?","T","R","?","?","NM","?","R_BF","BOSS"],"items_purchased_type":[],"build_version":"2020-12-22","purchased_purges":0,"victory":false,"max_hp_per_floor":[50,50,50,50,50,50,50,50,50,50,50,50,50,50,50,50,50,50,50,50,50,50,50,50,50,50,46,46,46,46,46,46,46,46,46,46,46,46,46,46,46,46,46,46,46,46,46,46,46,1,1],"card_choices":[{"not_picked":["Murderer","CrumblingArmor"],"picked":"SpiderBud","floor":1.0},{"not_picked":["VampireKiss","KinbakuJin+1"],"picked":"NingyouKisou+1","floor":1.0},{"not_picked":["DochyakuKami+1","Sabishigari+1"],"picked":"KouPou+1","floor":2.0},{"not_picked":["NingyouChiyari+1","NingyouShinki+1"],"picked":"NingyouSousou+1","floor":4.0},{"not_picked":["MusuNoYume","NingyouKasou+1","Sabishigari+1"],"picked":"SKIP","floor":6.0},{"not_picked":["OoedoNingyou+1","DochyakuKami+1"],"picked":"SeekerWire+1","floor":10.0},{"not_picked":["ArtfulChanter","NingyouMusou+1"],"picked":"SeekerDolls","floor":13.0},{"not_picked":["NingyouKisou+1","KokorosuKi+1"],"picked":"WumiGaWareru","floor":14.0},{"not_picked":["TenguhouSokujitsuken","LunaticRedEyes"],"picked":"IceTornado","floor":16.0},{"not_picked":["KeiseiJin+1","DemonLordCradle"],"picked":"AbyssNova","floor":18.0},{"not_picked":["KeiseiJin+1","DemonLordCradle","ShyakuBuku+1"],"picked":"SKIP","floor":19.0},{"not_picked":["ArtfulChanter+1","KeiseiJin+1"],"picked":"NingyouFukuhei+1","floor":21.0},{"not_picked":["KeiseiJin+1","Sabishigari+1"],"picked":"VampireKiss","floor":22.0},{"not_picked":["infinitespire:SevenWalls","infinitespire:NeuralNetwork"],"picked":"infinitespire:Fortify","floor":23.0},{"not_picked":["RikonNoKama+1","MajikuruSanhai+1"],"picked":"SenseofElegance","floor":23.0},{"not_picked":["SuitokuNoKyoryu","DochyakuKami+1","VampireKiss"],"picked":"SKIP","floor":29.0},{"not_picked":["NingyouChiyari+1","Mishyaguji+1"],"picked":"NingyouSP+1","floor":31.0},{"not_picked":["Mishyaguji+1","TenguhouSokujitsuken"],"picked":"NingyouMusou+1","floor":31.0},{"not_picked":["EverywhereHibernate","TerribleSouvenir"],"picked":"HisouTensoku","floor":33.0},{"not_picked":["JigokuNoTaiyou","MusouMyousyu"],"picked":"MiraiBunraku","floor":35.0},{"not_picked":["EnMu+1","NingyouKisou+1","NingyouOkisou+1"],"picked":"SKIP","floor":35.0},{"not_picked":["KokorosuKi+1","NingyouShinki+1","Agarareta+1"],"picked":"SKIP","floor":37.0},{"not_picked":["SeekerDolls+1","Agarareta+1","SeekerWire+1"],"picked":"SKIP","floor":38.0},{"not_picked":["NingyouFukuhei+1","HisouTensoku","MissingPower"],"picked":"SKIP","floor":41},{"not_picked":["RikonNoKama+1","HagoromoMizu","KokorosuKi+1"],"picked":"SKIP","floor":42},{"not_picked":["YoukiSo+1","SenyouGoraku+1"],"picked":"HelanNingyou","floor":47}],"player_experience":186713,"relics_obtained":[{"floor":1.0,"key":"LetterFromLob"},{"floor":9.0,"key":"MawBank"},{"floor":10.0,"key":"CrystalOfMemory"},{"floor":20.0,"key":"Ring of Peace"},{"floor":20.0,"key":"ReplayTheSpireMod:Ring of Collecting"},{"floor":23.0,"key":"Whetstone"},{"floor":26.0,"key":"ReplayTheSpireMod:Ring of Challenge"},{"floor":26.0,"key":"MigarariNingyou"},{"floor":29.0,"key":"Gensokyo:ConquerorOfFear"},{"floor":35.0,"key":"AtMidnight"},{"floor":38.0,"key":"Smiling Mask"},{"floor":41,"key":"FossilizedHelix"},{"floor":43,"key":"Ring of Fury"},{"floor":43,"key":"Onion Ring"},{"floor":44,"key":"hubris:Zylophone"},{"floor":47,"key":"hubris:MobiusCoin"},{"floor":47,"key":"Juzu Bracelet"},{"floor":49,"key":"aspiration:HiddenCompartment"}],"event_choices":[],"is_beta":false,"boss_relics":[{"not_picked":["aspiration:FutureDiary","Tiny House"],"picked":"aspiration:SecretTechniqueScroll"},{"not_picked":["Replay:Drink Me","Empty Cage"],"picked":"ReiryokuShyu"}],"items_purged_floors":[],"is_endless":true,"potions_floor_spawned":[1,6,10,13,14,23,29,31,41,42],"killed_by":"Gensokyo:Yuyuko","ascension_level":0}}