{"host":"5yoj846f700ld8qy","time":1610487033,"event":{"mods":["AchievementEnabler","BaseMod","Better Altar","Better Match","Better Note","Better Sensory Stone","Better Skull","Better Third Choice","Colored Map","Colored Powertips","Minty Spire (QoL Compilation)","StSLib"],"gold_per_floor":[369,369,108,127,0,27,27,61,61,61,77,42,42,42,42,131,131,131,131,46,0,0,0,0,0,0,0,0,0,0,0,0,0,0],"floor_reached":33,"language":"ENG","playtime":1462,"items_purged":["Strike_R"],"score":513,"play_id":"07b325ec-6302-4a05-891c-dc4b6141a708","local_time":"20210112233033","is_ascension_mode":true,"campfire_choices":[{"data":"Enlightenment","floor":7,"key":"SMITH"},{"data":"Flame Barrier","floor":10,"key":"SMITH"},{"data":"Double Tap","floor":13,"key":"SMITH"},{"data":"Bash","floor":15,"key":"SMITH"},{"floor":23,"key":"REST"},{"data":"Seeing Red","floor":27,"key":"SMITH"},{"floor":32,"key":"REST"}],"circlet_count":0,"master_deck":["AscendersBane","Strike_R","Strike_R","Strike_R","Strike_R","Defend_R","Defend_R","Defend_R","Bash+1","Clothesline","Mayhem","Shockwave","Enlightenment+1","Double Tap+1","Flame Barrier+1","Reaper","Perfected Strike","Feed","Seeing Red+1","Shrug It Off","Juggernaut"],"relics":["Burning Blood","Blue Candle","Regal Pillow","Oddly Smooth Stone","Golden Idol","Ectoplasm","Nilry\u0027s Codex","Ornamental Fan","Bottled Flame","Pocketwatch","Boot"],"acts_visited":["Exordium","TheCity"],"potions_floor_usage":[4,8,24,28,29,31],"damage_taken":[{"damage":6,"enemies":"Cultist","floor":1,"turns":3},{"damage":7,"enemies":"Small Slimes","floor":4,"turns":3},{"damage":20,"enemies":"Lagavulin","floor":6,"turns":6},{"damage":33,"enemies":"Gremlin Nob","floor":8,"turns":5},{"damage":7,"enemies":"2 Louse","floor":11,"turns":4},{"damage":17,"enemies":"The Guardian","floor":16,"turns":10},{"damage":8,"enemies":"Shell Parasite","floor":18,"turns":5},{"damage":23,"enemies":"2 Thieves","floor":21,"turns":4},{"damage":22,"enemies":"Slavers","floor":24,"turns":5},{"damage":20,"enemies":"3 Cultists","floor":25,"turns":6},{"damage":0,"enemies":"Snecko","floor":28,"turns":1},{"damage":56,"enemies":"Gremlin Leader","floor":29,"turns":7},{"damage":18,"enemies":"Snake Plant","floor":30,"turns":4},{"damage":0,"enemies":"Chosen and Byrds","floor":31,"turns":4},{"damage":76,"enemies":"Automaton","floor":33,"turns":10}],"seed_played":"7788968522248351842","potions_obtained":[{"floor":2,"key":"Regen Potion"},{"floor":2,"key":"Explosive Potion"},{"floor":8,"key":"SmokeBomb"},{"floor":16,"key":"SpeedPotion"},{"floor":21,"key":"LiquidMemories"},{"floor":24,"key":"Fire Potion"},{"floor":30,"key":"AttackPotion"}],"is_trial":false,"path_per_floor":["M","?","$","M","?","E","R","E","T","R","M","?","R","?","R","B",null,"M","?","?","M","?","R","E","M","T","R","M","E","M","M","R","B"],"character_chosen":"IRONCLAD","items_purchased":["Mayhem"],"campfire_rested":2,"item_purchase_floors":[3],"current_hp_per_floor":[68,68,68,67,73,59,59,46,46,46,45,63,63,63,63,52,63,67,46,46,35,35,67,70,59,59,59,65,19,18,33,70,11,11],"gold":0,"neow_bonus":"TWO_FIFTY_GOLD","is_daily":false,"chose_seed":false,"campfire_upgraded":5,"win_rate":0.0,"timestamp":1610487033,"path_taken":["M","?","$","?","?","E","R","E","T","R","M","?","R","?","R","BOSS","M","?","?","M","?","R","E","M","T","R","?","E","M","M","R","BOSS"],"items_purchased_type":["Card"],"build_version":"2020-12-22","purchased_purges":1,"victory":false,"max_hp_per_floor":[68,68,68,68,74,74,74,74,74,74,74,74,74,67,67,67,67,67,67,67,67,67,67,70,73,73,73,73,73,73,76,76,76,76],"card_choices":[{"not_picked":["Sword Boomerang","Inflame"],"picked":"Clothesline","floor":1},{"not_picked":["Havoc","Heavy Blade"],"picked":"Shockwave","floor":4},{"not_picked":["Combust","Disarm"],"picked":"Double Tap","floor":6},{"not_picked":["Wild Strike","Havoc"],"picked":"Flame Barrier","floor":8},{"not_picked":["Thunderclap","Clothesline","Sword Boomerang"],"picked":"SKIP","floor":11},{"not_picked":["Brutality","Limit Break"],"picked":"Reaper","floor":16},{"not_picked":["Havoc","Wild Strike"],"picked":"Perfected Strike","floor":18},{"not_picked":["Pommel Strike","Flex+1"],"picked":"Feed","floor":21},{"not_picked":["Bloodletting","Blood for Blood"],"picked":"Seeing Red","floor":24},{"not_picked":["Fire Breathing","Searing Blow"],"picked":"Shrug It Off","floor":25},{"not_picked":["Armaments","Perfected Strike","Headbutt"],"picked":"SKIP","floor":29},{"not_picked":["Fire Breathing","Combust","Dark Embrace+1"],"picked":"SKIP","floor":30},{"not_picked":["Anger","Havoc"],"picked":"Juggernaut","floor":31}],"player_experience":392968,"relics_obtained":[{"floor":6,"key":"Blue Candle"},{"floor":8,"key":"Regal Pillow"},{"floor":9,"key":"Oddly Smooth Stone"},{"floor":19,"key":"Nilry\u0027s Codex"},{"floor":24,"key":"Bottled Flame"},{"floor":26,"key":"Pocketwatch"},{"floor":29,"key":"Boot"}],"event_choices":[{"damage_healed":0,"gold_gain":0,"player_choice":"Got Potions","damage_taken":0,"max_hp_gain":0,"max_hp_loss":0,"event_name":"Lab","floor":2,"gold_loss":0},{"damage_healed":0,"gold_gain":0,"player_choice":"RENOUNCE","damage_taken":127,"max_hp_gain":0,"max_hp_loss":0,"event_name":"betterThird:BetterSerpent","floor":5,"gold_loss":127,"cards_obtained":["Enlightenment"]},{"damage_healed":18,"gold_gain":0,"player_choice":"Healed","damage_taken":0,"max_hp_gain":0,"max_hp_loss":0,"event_name":"The Cleric","floor":12,"gold_loss":35},{"damage_healed":0,"gold_gain":0,"player_choice":"Lose Max HP","damage_taken":0,"relics_obtained":["Golden Idol"],"max_hp_gain":0,"max_hp_loss":7,"event_name":"Golden Idol","floor":14,"gold_loss":0},{"damage_healed":0,"gold_gain":0,"player_choice":"Obtained Book","damage_taken":21,"max_hp_gain":0,"max_hp_loss":0,"event_name":"Cursed Tome","floor":19,"gold_loss":0},{"damage_healed":0,"gold_gain":0,"player_choice":"Obtained Relic","damage_taken":0,"relics_obtained":["Ornamental Fan"],"max_hp_gain":0,"max_hp_loss":0,"event_name":"Addict","floor":20,"gold_loss":85},{"cards_removed":["Defend_R"],"damage_healed":0,"gold_gain":0,"player_choice":"Offered Basic","damage_taken":0,"max_hp_gain":0,"max_hp_loss":0,"event_name":"Bonfire Elementals","floor":22,"gold_loss":0}],"is_beta":false,"boss_relics":[{"not_picked":["Fusion Hammer","Black Blood"],"picked":"Ectoplasm"}],"items_purged_floors":[3],"is_endless":false,"potions_floor_spawned":[8,16,21,24,28,30],"killed_by":"Automaton","ascension_level":15}}