{"host":"f6w7z8zvb0mi4wy9","time":1610411784,"event":{"mods":["BaseMod","Colored Map","Minty Spire (QoL Compilation)","READ ME - Guardian Mod","StSLib","SuperFastMode","The Jungle"],"gold_per_floor":[118,118,131,151,151,181,181,208,208,242,317,317,349,364,364,461,461,479,493,510,510,521,553,553,586,661,695,710,516,541,555,555,653,653,667,684,522,1521,645,680,680,710,710,761,792,810,810,844,844,844,844,844,176,207,207],"floor_reached":56,"playtime":2303,"items_purged":["Strike_G","Strike_G","Defend_G","Defend_G"],"score":1678,"play_id":"89df89a1-5e36-4dc2-a219-10bb9e37071e","local_time":"20210112093624","is_ascension_mode":true,"campfire_choices":[{"data":"Neutralize","floor":7.0,"key":"SMITH"},{"floor":12,"key":"REST"},{"data":"Accuracy","floor":15,"key":"SMITH"},{"data":"Well Laid Plans","floor":32,"key":"SMITH"},{"floor":41,"key":"REST"},{"floor":49,"key":"RECALL"},{"data":"Finisher","floor":52,"key":"SMITH"}],"circlet_count":0,"master_deck":["Strike_G+1","Strike_G+1","Defend_G","Defend_G","Survivor","Neutralize+1","PiercingWail","Blade Dance+1","Well Laid Plans+1","Accuracy+1","Finisher+1","Heel Hook","Reflex+1","Calculated Gamble+1","Malaise+1","Cloak And Dagger+1","Endless Agony","Blade Dance+1","Terror+1","Blade Dance+1","Tactician+1","Cloak And Dagger+1","Cloak And Dagger+1","Tools of the Trade+1","Die Die Die","Deflect+1","Slice+1","Flash of Steel","Backflip+1","Apotheosis+1","Dramatic Entrance","Quick Slash+1","Distraction+1","Calculated Gamble+1","Escape Plan+1","Cloak And Dagger+1","Accuracy+1","Distraction+1","Backstab","Escape Plan+1","Footwork+1","After Image+1"],"relics":["Ring of the Snake","Toxic Egg 2","Smiling Mask","Frozen Egg 2","Pen Nib","Meat on the Bone","WristBlade","Pantograph","Blood Vial","Omamori","Lee\u0027s Waffle","Dream Catcher","Empty Cage","HornCleat","Anchor","TheAbacus","InkBottle","Mummified Hand","Pear","Tough Bandages","Calipers","Incense Burner","Bronze Scales","Centennial Puzzle","Art of War"],"acts_visited":["Exordium","TheCity","TheBeyond","TheEnding"],"potions_floor_usage":[8,16,18,23,27,33,33,45,50,54,55],"damage_taken":[{"damage":0.0,"enemies":"Jaw Worm","floor":1.0,"turns":8.0},{"damage":0.0,"enemies":"2 Louse","floor":3.0,"turns":2.0},{"damage":0.0,"enemies":"Small Slimes","floor":4.0,"turns":3.0},{"damage":21.0,"enemies":"3 Sentries","floor":6.0,"turns":11.0},{"damage":6,"enemies":"Gremlin Nob","floor":8,"turns":4},{"damage":21,"enemies":"Lagavulin","floor":10,"turns":8},{"damage":9,"enemies":"3 Sentries","floor":13,"turns":8},{"damage":2,"enemies":"2 Fungi Beasts","floor":14,"turns":4},{"damage":2,"enemies":"Hexaghost","floor":16,"turns":9},{"damage":0,"enemies":"Spheric Guardian","floor":18,"turns":3},{"damage":0,"enemies":"Shell Parasite","floor":19,"turns":3},{"damage":10,"enemies":"Centurion and Healer","floor":20,"turns":4},{"damage":0,"enemies":"Cultist and Chosen","floor":22,"turns":3},{"damage":11,"enemies":"Book of Stabbing","floor":23,"turns":5},{"damage":18,"enemies":"Gremlin Leader","floor":25,"turns":3},{"damage":8,"enemies":"Book of Stabbing","floor":27,"turns":4},{"damage":0,"enemies":"Snake Plant","floor":28,"turns":2},{"damage":1,"enemies":"Gremlin Leader","floor":30,"turns":3},{"damage":0,"enemies":"Centurion and Healer","floor":31,"turns":2},{"damage":7,"enemies":"Champ","floor":33,"turns":5},{"damage":29,"enemies":"3 Shapes","floor":35,"turns":4},{"damage":0,"enemies":"3 Darklings","floor":36,"turns":2},{"damage":6,"enemies":"Reptomancer","floor":40,"turns":4},{"damage":0,"enemies":"Giant Head","floor":42,"turns":3},{"damage":0,"enemies":"2 Orb Walkers","floor":44,"turns":3},{"damage":0,"enemies":"Nemesis","floor":45,"turns":3},{"damage":0,"enemies":"Transient","floor":46,"turns":5},{"damage":0,"enemies":"Reptomancer","floor":48,"turns":3},{"damage":30,"enemies":"Time Eater","floor":50,"turns":9},{"damage":1,"enemies":"Shield and Spear","floor":54,"turns":3},{"damage":37,"enemies":"The Heart","floor":55,"turns":8}],"seed_played":"-9037655274712668980","potions_obtained":[{"floor":4.0,"key":"Poison Potion"},{"floor":6.0,"key":"PowerPotion"},{"floor":13,"key":"LiquidBronze"},{"floor":16,"key":"AttackPotion"},{"floor":18,"key":"Poison Potion"},{"floor":20,"key":"Block Potion"},{"floor":25,"key":"Strength Potion"},{"floor":28,"key":"Strength Potion"},{"floor":30,"key":"DistilledChaos"},{"floor":31,"key":"FairyPotion"},{"floor":35,"key":"Ancient Potion"},{"floor":40,"key":"SteroidPotion"},{"floor":44,"key":"GamblersBrew"},{"floor":48,"key":"BlessingOfTheForge"}],"is_trial":false,"path_per_floor":["M","?","M","M","?","E","R","E","T","E","?","R","E","M","R","B",null,"M","M","M","?","M","E","?","E","T","E","M","$","E","M","R","B",null,"M","M","$","?","$","E","R","E","T","?","E","M","?","E","R","B",null,"R","$","E","B",null],"character_chosen":"THE_SILENT","items_purchased":["Lee\u0027s Waffle","Flash of Steel","Backflip+1","Apotheosis+1","HornCleat","Anchor","TheAbacus","Dramatic Entrance","Bronze Scales","Distraction+1","Backstab","Escape Plan+1","Footwork+1","Centennial Puzzle","Dexterity Potion"],"campfire_rested":2,"item_purchase_floors":[29,37,37,39,39,39,39,39,53,53,53,53,53,53,53],"current_hp_per_floor":[77,62,62,62,62,41,41,35,35,14,3,26,17,27,27,37,77,77,77,67,67,67,56,56,50,50,44,46,84,83,84,84,77,84,55,57,57,57,57,53,78,80,90,92,94,94,94,94,94,64,94,94,94,93,57],"gold":207,"neow_bonus":"TEN_PERCENT_HP_BONUS","is_daily":false,"chose_seed":false,"campfire_upgraded":4,"win_rate":0.0,"timestamp":1610411784,"path_taken":["M","?","M","M","?","E","R","E","T","E","?","R","E","M","R","BOSS","M","M","M","?","M","E","?","E","T","E","?","$","E","M","R","BOSS","M","?","$","?","$","E","R","E","T","?","E","M","?","E","R","BOSS","R","$","E","BOSS"],"items_purchased_type":["Relic","Card","Card","Card","Relic","Relic","Relic","Card","Relic","Card","Card","Card","Card","Relic","Potion"],"build_version":"2020-12-22","purchased_purges":4,"victory":true,"max_hp_per_floor":[77,77,77,77,77,77,77,77,77,77,77,77,77,77,77,77,77,77,77,77,77,77,77,77,77,77,77,77,84,84,84,84,84,84,84,84,84,84,84,84,84,84,94,94,94,94,94,94,94,94,94,94,94,94,94],"card_choices":[{"not_picked":["Choke","Bouncing Flask"],"picked":"PiercingWail","floor":1.0},{"not_picked":["PiercingWail","Noxious Fumes"],"picked":"Blade Dance","floor":3.0},{"not_picked":["Underhanded Strike","Skewer"],"picked":"Well Laid Plans","floor":4.0},{"not_picked":["Deflect+1","Malaise+1"],"picked":"Accuracy","floor":6.0},{"not_picked":["Sucker Punch","Riddle With Holes"],"picked":"Finisher","floor":8},{"not_picked":["Tools of the Trade+1","Well Laid Plans+1"],"picked":"Heel Hook","floor":10},{"not_picked":["Quick Slash","Footwork+1"],"picked":"Reflex+1","floor":13},{"not_picked":["Setup+1","Dagger Spray"],"picked":"Calculated Gamble+1","floor":14},{"not_picked":["A Thousand Cuts+1","Burst+1"],"picked":"Malaise+1","floor":16},{"not_picked":["Acrobatics+1","Crippling Poison+1"],"picked":"Cloak And Dagger+1","floor":18},{"not_picked":["Setup+1","Flechettes"],"picked":"Endless Agony","floor":19},{"not_picked":["Deflect+1","Crippling Poison+1"],"picked":"Blade Dance+1","floor":20},{"not_picked":["Riddle With Holes+1","Poisoned Stab"],"picked":"Blade Dance+1","floor":22},{"not_picked":["Setup+1","All Out Attack"],"picked":"Tactician+1","floor":23},{"not_picked":["Flying Knee","Prepared+1","Riddle With Holes+1"],"picked":"SKIP","floor":25},{"not_picked":["Quick Slash","Blade Dance+1"],"picked":"Cloak And Dagger+1","floor":27},{"not_picked":["Prepared+1","Dodge and Roll+1"],"picked":"Cloak And Dagger+1","floor":28},{"not_picked":["Setup+1","Crippling Poison+1"],"picked":"Tools of the Trade+1","floor":30},{"not_picked":["Skewer","Concentrate+1","PiercingWail+1"],"picked":"SKIP","floor":31},{"not_picked":["Glass Knife","Doppelganger+1"],"picked":"Die Die Die","floor":33},{"not_picked":["Dodge and Roll+1","Bane"],"picked":"Deflect+1","floor":35},{"not_picked":["All Out Attack+1","Poisoned Stab"],"picked":"Slice+1","floor":36},{"not_picked":["Dagger Spray+1","Underhanded Strike+1"],"picked":"Quick Slash+1","floor":40},{"not_picked":["Dagger Throw","Acrobatics+1"],"picked":"Distraction+1","floor":41},{"not_picked":["Deflect+1","Dagger Spray","Flying Knee+1"],"picked":"SKIP","floor":42},{"not_picked":["All Out Attack","Choke"],"picked":"Calculated Gamble+1","floor":44},{"not_picked":["Bouncing Flask+1","Prepared+1"],"picked":"Escape Plan+1","floor":45},{"not_picked":["Quick Slash","Dodge and Roll+1"],"picked":"Cloak And Dagger+1","floor":46},{"not_picked":["Sucker Punch+1","Dodge and Roll+1","Expertise+1"],"picked":"SKIP","floor":48},{"not_picked":["Noxious Fumes+1","Eviscerate+1"],"picked":"After Image+1","floor":54}],"player_experience":860056,"relics_obtained":[{"floor":6.0,"key":"Toxic Egg 2"},{"floor":8,"key":"Smiling Mask"},{"floor":9,"key":"Frozen Egg 2"},{"floor":10,"key":"Pen Nib"},{"floor":13,"key":"Meat on the Bone"},{"floor":23,"key":"Pantograph"},{"floor":25,"key":"Blood Vial"},{"floor":27,"key":"Omamori"},{"floor":30,"key":"Dream Catcher"},{"floor":40,"key":"InkBottle"},{"floor":42,"key":"Mummified Hand"},{"floor":43,"key":"Pear"},{"floor":44,"key":"Tough Bandages"},{"floor":45,"key":"Calipers"},{"floor":48,"key":"Incense Burner"},{"floor":54,"key":"Art of War"}],"event_choices":[{"damage_healed":0.0,"max_hp_gain":0.0,"max_hp_loss":0.0,"gold_gain":0.0,"event_name":"Shining Light","player_choice":"Entered Light","floor":2.0,"gold_loss":0.0,"damage_taken":15.0,"cards_upgraded":["Strike_G","Strike_G"]},{"damage_healed":0.0,"max_hp_gain":0.0,"max_hp_loss":0.0,"gold_gain":0.0,"event_name":"Liars Game","player_choice":"Ignored","floor":5.0,"gold_loss":0.0,"damage_taken":0.0},{"damage_healed":0,"gold_gain":75,"player_choice":"Gather Gold","damage_taken":11,"max_hp_gain":0,"max_hp_loss":0,"event_name":"World of Goop","floor":11,"gold_loss":0},{"damage_healed":0,"gold_gain":0,"player_choice":"Read","damage_taken":0,"max_hp_gain":0,"max_hp_loss":0,"event_name":"The Library","floor":21,"gold_loss":0,"cards_obtained":["Terror"]},{"damage_healed":0,"gold_gain":0,"player_choice":"Upgraded","damage_taken":0,"max_hp_gain":0,"max_hp_loss":0,"event_name":"Upgrade Shrine","floor":24,"gold_loss":0,"cards_upgraded":["Blade Dance"]},{"damage_healed":0,"gold_gain":999,"player_choice":"Gold","damage_taken":0,"max_hp_gain":0,"max_hp_loss":0,"event_name":"MindBloom","floor":38,"gold_loss":0,"cards_obtained":["Normality","Normality"]},{"damage_healed":0,"gold_gain":0,"player_choice":"Fight","damage_taken":0,"max_hp_gain":0,"max_hp_loss":0,"event_name":"Mysterious Sphere","floor":44,"gold_loss":0},{"damage_healed":0,"gold_gain":0,"player_choice":"Copied","damage_taken":0,"max_hp_gain":0,"max_hp_loss":0,"event_name":"Duplicator","floor":47,"gold_loss":0,"cards_obtained":["Accuracy"]}],"is_beta":false,"boss_relics":[{"not_picked":["Cursed Key","Philosopher\u0027s Stone"],"picked":"WristBlade"},{"not_picked":["Runic Dome","Busted Crown"],"picked":"Empty Cage"}],"items_purged_floors":[29,37,39,53],"is_endless":false,"potions_floor_spawned":[4,6,13,16,18,20,25,28,30,31,35,40,44,48],"ascension_level":1}}