{"host":"yuoancq4cku3x8wq","time":1610466633,"event":{"mods":["AchievementEnabler","BaseMod","Minty Spire (QoL Compilation)","Quick Restart","StSLib","SuperFastMode"],"gold_per_floor":[117,117,117,167,183,183,223,223,223,248,292,292,51,51,51,144,144,165,184,184,197,197,237,258,291,316,349,349,385,406,48,48,139,139,154,154,154,487,505,540,540,575,602,602,477,496,529,304,304,304,304,304,304,129,162,162],"floor_reached":57,"playtime":1305,"items_purged":["Defend_P","Strike_P","Strike_P","Strike_P","Strike_P"],"score":3469,"play_id":"daa8698b-d600-4da6-99ce-82999180987d","local_time":"20210112235033","is_ascension_mode":true,"campfire_choices":[{"data":"Eruption","floor":6.0,"key":"SMITH"},{"data":"Tantrum","floor":8.0,"key":"SMITH"},{"data":"Ragnarok","floor":12.0,"key":"SMITH"},{"floor":15.0,"key":"RECALL"},{"data":"Wallop","floor":28.0,"key":"SMITH"},{"data":"Ragnarok","floor":32.0,"key":"SMITH"},{"data":"Brilliance","floor":41.0,"key":"SMITH"},{"data":"DevaForm","floor":44.0,"key":"SMITH"},{"data":"DeusExMachina","floor":49.0,"key":"SMITH"},{"data":"Vigilance","floor":53,"key":"SMITH"}],"circlet_count":0,"master_deck":["AscendersBane","Defend_P","Defend_P","Eruption+1","Vigilance+1","Crescendo","Tantrum+1","ClearTheMind","Ragnarok+1","Brilliance+1","MasterReality","Wallop+1","Necronomicurse","Ragnarok+1","DevaForm+1","Adaptation","Vault","Fasting2+1","FearNoEvil","Omniscience","Wallop+1","DeusExMachina+1","Adaptation"],"relics":["PureWater","NeowsBlessing","Bag of Preparation","Matryoshka","Juzu Bracelet","OrangePellets","CaptainsWheel","Snecko Eye","Necronomicon","Strawberry","Vajra","Pen Nib","Anchor","Prayer Wheel","Omamori","Sozu","Toy Ornithopter","Bag of Marbles","Lantern","Singing Bowl","Bronze Scales"],"acts_visited":["Exordium","TheCity","TheBeyond","TheEnding"],"potions_floor_usage":[56],"damage_taken":[{"damage":0.0,"enemies":"Small Slimes","floor":1.0,"turns":1.0},{"damage":0.0,"enemies":"Jaw Worm","floor":5.0,"turns":1.0},{"damage":0.0,"enemies":"Lagavulin","floor":7.0,"turns":1.0},{"damage":0.0,"enemies":"Cultist","floor":10.0,"turns":1.0},{"damage":12.0,"enemies":"3 Sentries","floor":11.0,"turns":6.0},{"damage":16.0,"enemies":"Hexaghost","floor":16.0,"turns":5.0},{"damage":0.0,"enemies":"Spheric Guardian","floor":18.0,"turns":1.0},{"damage":4.0,"enemies":"3 Byrds","floor":19.0,"turns":3.0},{"damage":14.0,"enemies":"Snake Plant","floor":21.0,"turns":2.0},{"damage":0.0,"enemies":"Slavers","floor":23.0,"turns":2.0},{"damage":0.0,"enemies":"Sentry and Sphere","floor":24.0,"turns":1.0},{"damage":0.0,"enemies":"Book of Stabbing","floor":25.0,"turns":1.0},{"damage":0.0,"enemies":"Slavers","floor":27.0,"turns":2.0},{"damage":0.0,"enemies":"Gremlin Leader","floor":29.0,"turns":4.0},{"damage":0.0,"enemies":"Centurion and Healer","floor":30.0,"turns":1.0},{"damage":0.0,"enemies":"Champ","floor":33.0,"turns":3.0},{"damage":0.0,"enemies":"Orb Walker","floor":35.0,"turns":1.0},{"damage":0.0,"enemies":"3 Shapes","floor":39.0,"turns":3.0},{"damage":0.0,"enemies":"Giant Head","floor":40.0,"turns":4.0},{"damage":0.0,"enemies":"Nemesis","floor":42.0,"turns":2.0},{"damage":0.0,"enemies":"3 Darklings","floor":46.0,"turns":2.0},{"damage":0.0,"enemies":"Reptomancer","floor":47.0,"turns":1.0},{"damage":0,"enemies":"Donu and Deca","floor":50,"turns":3},{"damage":1,"enemies":"Awakened One","floor":51,"turns":5},{"damage":17,"enemies":"Shield and Spear","floor":55,"turns":3},{"damage":102,"enemies":"The Heart","floor":56,"turns":6}],"seed_played":"4823163182042277652","potions_obtained":[{"floor":7.0,"key":"Weak Potion"},{"floor":10.0,"key":"SneckoOil"},{"floor":19.0,"key":"DuplicationPotion"},{"floor":21.0,"key":"FairyPotion"}],"is_trial":false,"path_per_floor":["M","?","?","?","M","R","E","R","T","M","E","R","$","?","R","B",null,"M","M","?","M","?","E","M","E","T","E","R","E","M","$","R","B",null,"M","?","?","?","M","E","R","E","T","R","$","M","E","$","R","B","B",null,"R","$","E","B",null],"character_chosen":"WATCHER","items_purchased":["OrangePellets","Adaptation","Omamori","Adaptation"],"campfire_rested":0,"item_purchase_floors":[13,31,31,48],"current_hp_per_floor":[61,61,61,61,61,61,61,61,61,61,49,49,49,23,23,7,48,48,44,44,30,9,16,16,16,16,16,16,16,16,16,16,16,56,56,56,56,56,56,56,56,56,56,56,56,56,56,56,56,56,55,66,66,66,51,14],"gold":162,"neow_bonus":"THREE_ENEMY_KILL","is_daily":false,"chose_seed":false,"campfire_upgraded":9,"win_rate":0.0,"timestamp":1610466633,"path_taken":["M","?","?","?","M","R","E","R","T","M","E","R","$","?","R","BOSS","M","M","?","M","?","E","M","E","T","E","R","E","M","$","R","BOSS","M","?","?","?","M","E","R","E","T","R","?","M","E","$","R","BOSS","BOSS","R","$","E","BOSS"],"items_purchased_type":["Relic","Card","Relic","Card"],"build_version":"2020-12-22","purchased_purges":5,"victory":true,"max_hp_per_floor":[68,62,62,62,62,62,62,62,62,62,62,62,62,62,62,62,62,62,62,62,62,62,69,69,69,69,69,69,69,69,69,69,69,69,69,69,69,69,69,69,69,69,69,69,69,69,69,69,69,69,69,69,69,69,71,71],"card_choices":[{"not_picked":["ThirdEye","SashWhip"],"picked":"Crescendo","floor":1.0},{"not_picked":["Prostrate","Evaluate","WindmillStrike"],"picked":"SKIP","floor":5.0},{"not_picked":["EmptyFist","ForeignInfluence"],"picked":"Tantrum","floor":7.0},{"not_picked":["FlyingSleeves","SandsOfTime"],"picked":"ClearTheMind","floor":10.0},{"not_picked":["Conclude","Wish"],"picked":"Ragnarok","floor":11.0},{"not_picked":["SpiritShield","Establishment"],"picked":"Brilliance","floor":16.0},{"not_picked":["CutThroughFate","Crescendo","Consecrate"],"picked":"SKIP","floor":18.0},{"not_picked":["Sanctity+1","Indignation+1","Meditate"],"picked":"SKIP","floor":19.0},{"not_picked":["FlurryOfBlows","Crescendo","Nirvana+1"],"picked":"SKIP","floor":21.0},{"not_picked":["CarveReality","Halt"],"picked":"Ragnarok","floor":23.0},{"not_picked":["BattleHymn","FlurryOfBlows","ClearTheMind+1"],"picked":"SKIP","floor":24.0},{"not_picked":["Weave","Evaluate","BowlingBash"],"picked":"SKIP","floor":25.0},{"not_picked":["SashWhip+1","JustLucky","MentalFortress"],"picked":"SKIP","floor":27.0},{"not_picked":["ThirdEye+1","Consecrate+1","Protect"],"picked":"SKIP","floor":29.0},{"not_picked":["FlyingSleeves","Tantrum"],"picked":"DevaForm","floor":30.0},{"not_picked":["Meditate","FlyingSleeves","Consecrate+1"],"picked":"SKIP","floor":30.0},{"not_picked":["Blasphemy","DeusExMachina"],"picked":"Vault","floor":33.0},{"not_picked":["Pray","FearNoEvil"],"picked":"Fasting2","floor":35.0},{"not_picked":["EmptyBody","Worship"],"picked":"FearNoEvil","floor":35.0},{"not_picked":["EmptyBody","Protect","CutThroughFate"],"picked":"SKIP","floor":39.0},{"not_picked":["Protect","DevaForm","Pray"],"picked":"SKIP","floor":39.0},{"not_picked":["FollowUp","EmptyBody+1"],"picked":"Omniscience","floor":40.0},{"not_picked":["Sanctity","ReachHeaven","CutThroughFate"],"picked":"SKIP","floor":42.0},{"not_picked":["CutThroughFate","EmptyFist+1"],"picked":"Wallop+1","floor":46.0},{"not_picked":["FlyingSleeves","DeceiveReality","JustLucky"],"picked":"SKIP","floor":46.0},{"not_picked":["Adaptation+1","LikeWater"],"picked":"DeusExMachina","floor":47.0},{"not_picked":["SashWhip+1","EmptyMind","Pray"],"picked":"Singing Bowl","floor":55}],"player_experience":270961,"relics_obtained":[{"floor":7.0,"key":"Bag of Preparation"},{"floor":9.0,"key":"Matryoshka"},{"floor":11.0,"key":"Juzu Bracelet"},{"floor":22.0,"key":"Necronomicon"},{"floor":23.0,"key":"Strawberry"},{"floor":25.0,"key":"Vajra"},{"floor":26.0,"key":"Pen Nib"},{"floor":26.0,"key":"Anchor"},{"floor":29.0,"key":"Prayer Wheel"},{"floor":40.0,"key":"Toy Ornithopter"},{"floor":42.0,"key":"Bag of Marbles"},{"floor":43.0,"key":"Lantern"},{"floor":47.0,"key":"Singing Bowl"},{"floor":55,"key":"Bronze Scales"}],"event_choices":[{"damage_healed":0.0,"max_hp_gain":0.0,"max_hp_loss":6.0,"gold_gain":0.0,"event_name":"Golden Idol","player_choice":"Lose Max HP","floor":2.0,"gold_loss":0.0,"damage_taken":0.0,"relics_obtained":["Golden Idol"]},{"cards_removed":["Defend_P"],"damage_healed":0.0,"max_hp_gain":0.0,"max_hp_loss":0.0,"gold_gain":0.0,"event_name":"Living Wall","player_choice":"Forget","floor":3.0,"gold_loss":0.0,"damage_taken":0.0},{"damage_healed":0.0,"max_hp_gain":0.0,"max_hp_loss":0.0,"gold_gain":50.0,"event_name":"Golden Shrine","player_choice":"Pray","floor":4.0,"gold_loss":0.0,"damage_taken":0.0},{"damage_healed":0.0,"max_hp_gain":0.0,"max_hp_loss":0.0,"gold_gain":0.0,"event_name":"Scrap Ooze","player_choice":"Success","floor":14.0,"gold_loss":0.0,"damage_taken":26.0,"relics_obtained":["CaptainsWheel"]},{"damage_healed":0.0,"max_hp_gain":0.0,"max_hp_loss":0.0,"gold_gain":0.0,"event_name":"Match and Keep!","player_choice":"2 cards matched","floor":20.0,"gold_loss":0.0,"damage_taken":0.0,"cards_obtained":["MasterReality","Wallop"]},{"damage_healed":0.0,"max_hp_gain":0.0,"max_hp_loss":0.0,"gold_gain":0.0,"event_name":"Cursed Tome","player_choice":"Obtained Book","floor":22.0,"gold_loss":0.0,"damage_taken":21.0},{"damage_healed":0.0,"max_hp_gain":0.0,"max_hp_loss":0.0,"gold_gain":0.0,"event_name":"Accursed Blacksmith","player_choice":"Forge","floor":36.0,"gold_loss":0.0,"damage_taken":0.0,"cards_upgraded":["Fasting2"]},{"damage_healed":0.0,"max_hp_gain":0.0,"max_hp_loss":0.0,"gold_gain":0.0,"event_name":"SensoryStone","player_choice":"Memory 1","floor":37.0,"gold_loss":0.0,"damage_taken":0.0},{"damage_healed":0.0,"max_hp_gain":0.0,"max_hp_loss":0.0,"gold_gain":333.0,"event_name":"The Moai Head","player_choice":"Gave Idol","floor":38.0,"relics_lost":["Golden Idol"],"gold_loss":0.0,"damage_taken":0.0}],"is_beta":false,"boss_relics":[{"not_picked":["VioletLotus","Tiny House"],"picked":"Snecko Eye"},{"not_picked":["Runic Pyramid","Fusion Hammer"],"picked":"Sozu"}],"items_purged_floors":[13,31,45,48,54],"is_endless":false,"potions_floor_spawned":[7,10,19,21,27,29,35,40,46],"ascension_level":20}}