{"host":"j4g6ia6asvpyu2b0","time":1610492225,"event":{"mods":["BaseMod","Colored Map","Minty Spire (QoL Compilation)","Permanent Neow","Quick Restart","Relic Stats","StSLib","Unceasing Turn Reminder"],"gold_per_floor":[363,363,383,383,50,79,79,107,107,136,136,136,150,199,199,199,199],"floor_reached":16,"language":"ENG","playtime":368,"items_purged":[],"score":183,"play_id":"91d0785d-662d-4289-afe3-c23055e10b06","local_time":"20210112155705","is_ascension_mode":true,"campfire_choices":[{"data":"Electrodynamics","floor":7.0,"key":"SMITH"},{"data":"Sunder","floor":11,"key":"SMITH"},{"data":"Capacitor","floor":15,"key":"SMITH"}],"circlet_count":0,"master_deck":["AscendersBane","Strike_B","Strike_B+1","Strike_B","Strike_B","Defend_B","Defend_B","Defend_B+1","Defend_B","Zap","Dualcast","Conserve Battery","Sunder+1","Self Repair","Electrodynamics+1","Capacitor+1","Streamline","Cold Snap"],"relics":["Cracked Core","PreservedInsect","Toolbox","Mercury Hourglass","Akabeko","CeramicFish","Golden Idol","InkBottle"],"acts_visited":["Exordium"],"potions_floor_usage":[16],"damage_taken":[{"damage":10.0,"enemies":"Jaw Worm","floor":1.0,"turns":3.0},{"damage":7.0,"enemies":"Small Slimes","floor":3.0,"turns":3.0},{"damage":10.0,"enemies":"Lagavulin","floor":6.0,"turns":7.0},{"damage":5,"enemies":"3 Sentries","floor":8,"turns":4},{"damage":0,"enemies":"2 Louse","floor":10,"turns":2},{"damage":0,"enemies":"Large Slime","floor":13,"turns":2},{"damage":24,"enemies":"Lagavulin","floor":14,"turns":5},{"damage":14,"enemies":"The Guardian","floor":16,"turns":5}],"seed_played":"-2799160652813655167","potions_obtained":[{"floor":8,"key":"FocusPotion"},{"floor":13,"key":"DistilledChaos"}],"is_trial":false,"path_per_floor":["M","?","M","?","$","E","R","E","T","M","R","?","M","E","R","B"],"character_chosen":"DEFECT","items_purchased":["PreservedInsect","Self Repair","Toolbox"],"campfire_rested":0,"item_purchase_floors":[5,5,5],"current_hp_per_floor":[58,51,44,29,29,26,26,21,21,28,28,28,28,14,14,0,0],"gold":199,"neow_bonus":"TWO_FIFTY_GOLD","is_daily":false,"chose_seed":false,"campfire_upgraded":3,"win_rate":0.0,"timestamp":1610492225,"path_taken":["M","?","M","?","$","E","R","E","T","M","R","?","M","E","R","BOSS"],"items_purchased_type":["Relic","Card","Relic"],"build_version":"2020-12-22","purchased_purges":0,"victory":false,"max_hp_per_floor":[75,75,75,75,75,75,75,75,75,75,75,69,69,69,69,69,69],"relic_stats":{"counters":[8,31],"Golden Idol":11,"CeramicFish":18,"PreservedInsect":89,"obtain_stats":[{"Golden Idol":12,"CeramicFish":9,"Toolbox":5,"PreservedInsect":5,"Cracked Core":0,"Akabeko":8,"InkBottle":14,"Mercury Hourglass":6},{"Golden Idol":5,"CeramicFish":4,"Toolbox":2,"PreservedInsect":2,"Cracked Core":0,"Akabeko":4,"InkBottle":7,"Mercury Hourglass":3},{"Golden Idol":19,"CeramicFish":17,"Toolbox":6,"PreservedInsect":6,"Cracked Core":0,"Akabeko":17,"InkBottle":26,"Mercury Hourglass":13}],"InkBottle":[2],"Mercury Hourglass":[48]},"card_choices":[{"not_picked":["Recycle","Redo"],"picked":"Conserve Battery","floor":1.0},{"not_picked":["Go for the Eyes","FTL"],"picked":"Sunder","floor":3.0},{"not_picked":["Chill","Chaos"],"picked":"Electrodynamics","floor":6.0},{"not_picked":["Conserve Battery","Turbo"],"picked":"Capacitor","floor":8},{"not_picked":["Go for the Eyes","Leap"],"picked":"Streamline","floor":10},{"not_picked":["Stack","Go for the Eyes","Blizzard"],"picked":"SKIP","floor":13},{"not_picked":["Beam Cell","FTL"],"picked":"Cold Snap","floor":14}],"player_experience":825413,"relics_obtained":[{"floor":6.0,"key":"Mercury Hourglass"},{"floor":8,"key":"Akabeko"},{"floor":9,"key":"CeramicFish"},{"floor":14,"key":"InkBottle"}],"event_choices":[{"cards_removed":["Pain"],"damage_healed":0.0,"max_hp_gain":0.0,"max_hp_loss":0.0,"gold_gain":0.0,"event_name":"Golden Wing","player_choice":"Card Removal","floor":2.0,"gold_loss":0.0,"damage_taken":7.0},{"damage_healed":0.0,"max_hp_gain":0.0,"max_hp_loss":0.0,"gold_gain":0.0,"event_name":"Shining Light","player_choice":"Entered Light","floor":4.0,"gold_loss":0.0,"damage_taken":15.0,"cards_upgraded":["Strike_B","Defend_B"]},{"damage_healed":0,"gold_gain":0,"player_choice":"Lose Max HP","damage_taken":0,"relics_obtained":["Golden Idol"],"max_hp_gain":0,"max_hp_loss":6,"event_name":"Golden Idol","floor":12,"gold_loss":0}],"is_beta":false,"boss_relics":[],"items_purged_floors":[],"is_endless":false,"potions_floor_spawned":[8,13,14],"killed_by":"The Guardian","ascension_level":11}}