{"host":"Ian","time":1610444493,"event":{"mods":["BaseMod","Bestiary","Block Reminder","Colored Map","Highlight Path","Key Reminder","Minty Spire (QoL Compilation)","Relic Stats"],"gold_per_floor":[110,122,139,8,8,33,33,61,85,85,85,85,101,113,113,189,189,199,199,199,0,13,13,48,48,73,84,111,111,111,111],"floor_reached":30,"playtime":1294,"items_purged":["Strike_R","Defend_R"],"score":552,"play_id":"cfe3b9e6-f60a-4dad-8153-8fa18d92bbff","local_time":"20210112094133","is_ascension_mode":true,"campfire_choices":[{"data":"Wild Strike","floor":7.0,"key":"SMITH"},{"floor":10.0,"key":"REST"},{"data":"Perfected Strike","floor":12.0,"key":"SMITH"},{"data":"Rage","floor":15.0,"key":"SMITH"},{"data":"Armaments","floor":23.0,"key":"SMITH"},{"data":"Battle Trance","floor":25,"key":"SMITH"}],"circlet_count":0,"master_deck":["AscendersBane","Strike_R","Strike_R","Strike_R","Strike_R","Defend_R","Defend_R","Defend_R","Bash","Perfected Strike+1","Armaments+1","Twin Strike","Wild Strike+1","Thunderclap","Rage+1","Dropkick","Battle Trance+1","Offering","Uppercut","Ghostly","Ghostly","Ghostly","Finesse","Spot Weakness","Burning Pact","Second Wind"],"relics":["Burning Blood","Ancient Tea Set","Blood Vial","PreservedInsect","Ornamental Fan","SlaversCollar","Gremlin Horn","WingedGreaves","keyreminder:keyreminder","Frozen Egg 2"],"acts_visited":["Exordium","TheCity"],"potions_floor_usage":[30],"damage_taken":[{"damage":21.0,"enemies":"Small Slimes","floor":1.0,"turns":6.0},{"damage":4.0,"enemies":"2 Louse","floor":2.0,"turns":3.0},{"damage":1.0,"enemies":"Cultist","floor":3.0,"turns":3.0},{"damage":32.0,"enemies":"Gremlin Nob","floor":6.0,"turns":4.0},{"damage":35.0,"enemies":"Lagavulin","floor":8.0,"turns":4.0},{"damage":2.0,"enemies":"Looter","floor":13.0,"turns":2.0},{"damage":7.0,"enemies":"3 Louse","floor":14.0,"turns":3.0},{"damage":7.0,"enemies":"Slime Boss","floor":16.0,"turns":7.0},{"damage":22.0,"enemies":"3 Byrds","floor":18.0,"turns":7.0},{"damage":8.0,"enemies":"2 Thieves","floor":22.0,"turns":3.0},{"damage":12,"enemies":"Slavers","floor":24,"turns":5},{"damage":26,"enemies":"Cultist and Chosen","floor":27,"turns":7},{"damage":11,"enemies":"Book of Stabbing","floor":28,"turns":4},{"damage":18,"enemies":"Sentry and Sphere","floor":30,"turns":6}],"seed_played":"-6961158872514672456","potions_obtained":[{"floor":2.0,"key":"Explosive Potion"},{"floor":3.0,"key":"SpeedPotion"},{"floor":14.0,"key":"Explosive Potion"},{"floor":22.0,"key":"PowerPotion"},{"floor":27,"key":"SpeedPotion"}],"is_trial":false,"path_per_floor":["M","M","M","$","?","E","R","E","T","R","?","R","M","M","R","B",null,"M","T","?","$","M","R","E","R","T","M","E","?","M"],"character_chosen":"IRONCLAD","items_purchased":["Wild Strike","Finesse"],"campfire_rested":1,"item_purchase_floors":[4,21],"current_hp_per_floor":[60,62,67,67,72,46,46,17,17,43,43,43,49,50,50,51,78,64,64,43,43,41,41,37,37,37,19,16,16,0,0],"gold":111,"neow_bonus":"TEN_PERCENT_HP_BONUS","is_daily":false,"chose_seed":false,"campfire_upgraded":5,"win_rate":0.0,"timestamp":1610444493,"path_taken":["M","M","M","$","?","E","R","E","T","R","?","R","M","M","R","BOSS","M","?","?","$","M","R","E","R","T","M","E","?","?"],"items_purchased_type":["Card","Card"],"build_version":"2020-12-18","purchased_purges":2,"victory":false,"max_hp_per_floor":[82,82,82,82,87,87,87,87,87,87,87,87,87,87,87,87,87,87,87,43,43,43,43,43,43,43,43,43,43,43,43],"relic_stats":{"Blood Vial":16,"Gremlin Horn":[2,5],"counters":[14,64],"Ornamental Fan":[72],"PreservedInsect":84,"obtain_stats":[{"Blood Vial":8,"keyreminder:keyreminder":26,"SlaversCollar":17,"Gremlin Horn":19,"Ornamental Fan":11,"PreservedInsect":9,"WingedGreaves":24,"Frozen Egg 2":28,"Ancient Tea Set":6,"Burning Blood":0},{"Blood Vial":5,"keyreminder:keyreminder":11,"SlaversCollar":8,"Gremlin Horn":9,"Ornamental Fan":5,"PreservedInsect":5,"WingedGreaves":11,"Frozen Egg 2":13,"Ancient Tea Set":4,"Burning Blood":0},{"Blood Vial":20,"keyreminder:keyreminder":47,"SlaversCollar":32,"Gremlin Horn":39,"Ornamental Fan":20,"PreservedInsect":20,"WingedGreaves":47,"Frozen Egg 2":58,"Ancient Tea Set":16,"Burning Blood":0}],"Burning Blood":78},"card_choices":[{"not_picked":["Havoc","Rage"],"picked":"Perfected Strike","floor":1.0},{"not_picked":["Flex","Shrug It Off"],"picked":"Armaments","floor":2.0},{"not_picked":["Shockwave","Clash"],"picked":"Twin Strike","floor":3.0},{"not_picked":["Barricade","Clothesline"],"picked":"Thunderclap","floor":6.0},{"not_picked":["Flex","Dual Wield"],"picked":"Rage","floor":8.0},{"not_picked":["Heavy Blade","Thunderclap"],"picked":"Dropkick","floor":13.0},{"not_picked":["True Grit","Flex"],"picked":"Battle Trance","floor":14.0},{"not_picked":["Barricade","Demon Form"],"picked":"Offering","floor":16.0},{"not_picked":["Clothesline","Havoc"],"picked":"Uppercut","floor":18.0},{"not_picked":["Body Slam","Havoc","Twin Strike"],"picked":"SKIP","floor":22.0},{"not_picked":["Clothesline","Sentinel"],"picked":"Spot Weakness","floor":24},{"not_picked":["Heavy Blade","Sword Boomerang","Flex"],"picked":"SKIP","floor":27},{"not_picked":["Rage","Inflame+1"],"picked":"Burning Pact","floor":28}],"player_experience":2671115,"relics_obtained":[{"floor":6.0,"key":"Ancient Tea Set"},{"floor":8.0,"key":"Blood Vial"},{"floor":9.0,"key":"PreservedInsect"},{"floor":19.0,"key":"Gremlin Horn"},{"floor":24,"key":"WingedGreaves"},{"floor":28,"key":"Frozen Egg 2"}],"event_choices":[{"damage_healed":0.0,"max_hp_gain":5.0,"max_hp_loss":0.0,"gold_gain":0.0,"event_name":"Big Fish","player_choice":"Donut","floor":5.0,"gold_loss":0.0,"damage_taken":0.0},{"damage_healed":0.0,"max_hp_gain":0.0,"max_hp_loss":0.0,"gold_gain":0.0,"event_name":"WeMeetAgain","player_choice":"Gave Potion","floor":11.0,"gold_loss":0.0,"damage_taken":0.0,"relics_obtained":["Ornamental Fan"]},{"damage_healed":0.0,"max_hp_gain":0.0,"max_hp_loss":44.0,"gold_gain":0.0,"event_name":"Ghosts","player_choice":"Became a Ghost","floor":20.0,"gold_loss":0.0,"damage_taken":0.0,"cards_obtained":["Ghostly","Ghostly","Ghostly"]},{"damage_healed":0,"gold_gain":0,"player_choice":"Read","damage_taken":0,"max_hp_gain":0,"max_hp_loss":0,"event_name":"The Library","floor":29,"gold_loss":0,"cards_obtained":["Second Wind"]}],"is_beta":true,"boss_relics":[{"not_picked":["Black Blood","Velvet Choker"],"picked":"SlaversCollar"}],"items_purged_floors":[4,21],"is_endless":false,"potions_floor_spawned":[2,3,14,22,27],"killed_by":"Sentry and Sphere","ascension_level":20}}