{"host":"1yemetsqamtkb9ct","time":1610448957,"event":{"mods":["AchievementEnabler","BaseMod","Colored Map","Custom Start","KOR Keyword Fix","Lobotomy","Minty Spire (QoL Compilation)","Quick Restart","Random Character Button","StSLib","SuperFastMode"],"gold_per_floor":[12,30,30,48,48,87,87,111,138,138,163,163,186,111,111,216,216,215,215,69,83,83,83],"floor_reached":22,"playtime":699,"items_purged":["SpecialBullet"],"score":186,"play_id":"784d3b03-bbd4-4e7d-a8b4-5c6365e56f6c","local_time":"20210112195557","is_ascension_mode":false,"campfire_choices":[],"circlet_count":0,"master_deck":["SpecialBullet","SpecialBullet","SpecialBullet","SpecialBullet","SpecialBullet","SecurityCode","CentralCode","FeatherOfHonor","Twilight","Hypocrisy","Scorched","ControlCode","TT2Protocol","Freischutz","WelfareCode","DisciplinaryCode","VoidDream"],"relics":["CogitoBucket","Golden Idol","Oddly Smooth Stone","Potion Belt","AdjustmentMirror","Sozu","Bag of Preparation"],"acts_visited":["Exordium","TheCity"],"potions_floor_usage":[],"damage_taken":[{"damage":11.0,"enemies":"Jaw Worm","floor":1.0,"turns":2.0},{"damage":8.0,"enemies":"Small Slimes","floor":2.0,"turns":4.0},{"damage":0.0,"enemies":"2 Louse","floor":4.0,"turns":1.0},{"damage":18.0,"enemies":"Lagavulin","floor":6.0,"turns":8.0},{"damage":0.0,"enemies":"Large Slime","floor":8.0,"turns":3.0},{"damage":6.0,"enemies":"Red Slaver","floor":11.0,"turns":2.0},{"damage":0.0,"enemies":"3 Louse","floor":13.0,"turns":1.0},{"damage":33.0,"enemies":"Hexaghost","floor":16.0,"turns":9.0},{"damage":9.0,"enemies":"Chosen","floor":18.0,"turns":6.0},{"damage":15.0,"enemies":"Shell Parasite","floor":21.0,"turns":5.0},{"damage":64,"enemies":"Cultist and Chosen","floor":22,"turns":2}],"seed_played":"5466327512156304707","potions_obtained":[{"floor":6.0,"key":"Block Potion"},{"floor":8.0,"key":"SteroidPotion"},{"floor":13.0,"key":"AttackPotion"}],"is_trial":false,"path_per_floor":["M","M","?","M","?","E","R","M","T","R","M","R","M","$","R","B",null,"M","?","$","M","M"],"character_chosen":"Angela","items_purchased":["Bag of Preparation"],"campfire_rested":0,"item_purchase_floors":[20],"current_hp_per_floor":[67,67,67,70,53,43,43,51,51,51,53,53,61,61,61,36,70,69,69,69,62,0,0],"gold":83,"neow_bonus":"TRANSFORM_TWO_CARDS","is_daily":false,"chose_seed":false,"campfire_upgraded":0,"win_rate":0.0,"timestamp":1610448957,"path_taken":["M","M","?","M","?","E","R","M","T","R","M","R","M","$","R","BOSS","M","?","$","M","M"],"items_purchased_type":["Relic"],"build_version":"2020-12-22","purchased_purges":1,"victory":false,"max_hp_per_floor":[70,70,70,70,70,70,70,70,70,70,70,70,70,70,70,70,70,70,70,70,70,70,70],"card_choices":[{"not_picked":["Spore","Penitence"],"picked":"SKIP","floor":1.0},{"not_picked":["Pleasure","FourthMatchFlame"],"picked":"SKIP","floor":2.0},{"not_picked":["FourthMatchFlame","Soda"],"picked":"SKIP","floor":4.0},{"not_picked":["FairyFestival","UniverseFragment"],"picked":"Scorched","floor":6.0},{"not_picked":["Tough","CrimsonScar"],"picked":"SKIP","floor":6.0},{"not_picked":["CherryBlossom","Logging"],"picked":"SKIP","floor":8.0},{"not_picked":["CUTE","Wingbeat"],"picked":"SKIP","floor":11.0},{"not_picked":["MeatLantern","Woodsman"],"picked":"Freischutz","floor":13.0},{"not_picked":["Loneliness","Amita"],"picked":"SKIP","floor":13.0},{"not_picked":["Yin","OSAHOGD"],"picked":"VoidDream","floor":18.0},{"not_picked":["WristCuter","FourthMatchFlame+1"],"picked":"SKIP","floor":18.0},{"not_picked":["Noise","Wingbeat"],"picked":"SKIP","floor":21.0}],"player_experience":606586,"relics_obtained":[{"floor":6.0,"key":"Oddly Smooth Stone"},{"floor":9.0,"key":"Potion Belt"}],"event_choices":[{"damage_healed":0.0,"max_hp_gain":0.0,"max_hp_loss":0.0,"gold_gain":0.0,"cards_transformed":["SpecialBullet"],"event_name":"Living Wall","player_choice":"Change","floor":3.0,"gold_loss":0.0,"damage_taken":0.0,"cards_obtained":["Hypocrisy"]},{"damage_healed":0.0,"max_hp_gain":0.0,"max_hp_loss":0.0,"gold_gain":0.0,"event_name":"Golden Idol","player_choice":"Take Damage","floor":5.0,"gold_loss":0.0,"damage_taken":17.0,"relics_obtained":["Golden Idol"]},{"damage_healed":0.0,"max_hp_gain":0.0,"max_hp_loss":0.0,"gold_gain":0.0,"event_name":"Ghosts","player_choice":"Ignored","floor":19.0,"gold_loss":0.0,"damage_taken":0.0}],"is_beta":false,"boss_relics":[{"not_picked":["Coffee Dripper","Ectoplasm"],"picked":"Sozu"}],"items_purged_floors":[14],"is_endless":false,"potions_floor_spawned":[6,8,13],"killed_by":"Cultist and Chosen","ascension_level":0}}