{"host":"6yklbc9za0aylqsj","time":1610454525,"event":{"mods":["AchievementEnabler","BaseMod","Bestiary","Colored Map","Colored Powertips","Minty Spire (QoL Compilation)","Rare Cards Sparkle","Relic Stats","Slay-I","StSLib"],"gold_per_floor":[111,111,124,134,149,149,166,201,228,243,270,301,331,353,365,480,492,520,543,324,423,498,498,527,527,554,581,581,581,596,596,596,596,596],"floor_reached":33,"playtime":1015,"items_purged":["Strike_G"],"score":340,"play_id":"d19b8280-1f16-414e-ad41-1014e2a64b5e","local_time":"20210112132845","is_ascension_mode":true,"campfire_choices":[{"floor":6.0,"key":"RECALL"},{"data":"Cloak And Dagger","floor":15.0,"key":"SMITH"},{"data":"Envenom","floor":23.0,"key":"SMITH"},{"data":"Finisher","floor":29.0,"key":"SMITH"},{"floor":32.0,"key":"REST"}],"circlet_count":0,"master_deck":["Strike_G+1","Strike_G+1","Strike_G+1","Defend_G+1","Defend_G+1","Defend_G+1","Defend_G+1","Defend_G+1","Survivor","Neutralize","Die Die Die","Masterful Stab","Iron Wave","Dagger Spray","Dagger Throw","Sucker Punch","Finisher+1","Cloak And Dagger+1","Backstab","Envenom+1","CurseOfTheBell","Dodge and Roll+1","Backflip+1","Leg Sweep+1","PiercingWail+1"],"relics":["Ring of the Snake","Toy Ornithopter","Art of War","MawBank","Calling Bell","Toxic Egg 2","The Specimen","PreservedInsect","Anchor","Snake Skull","Nloth\u0027s Gift"],"acts_visited":["Exordium","TheCity"],"potions_floor_usage":[33],"damage_taken":[{"damage":2.0,"enemies":"Small Slimes","floor":1.0,"turns":2.0},{"damage":0.0,"enemies":"Cultist","floor":3.0,"turns":3.0},{"damage":0.0,"enemies":"Jaw Worm","floor":4.0,"turns":3.0},{"damage":0.0,"enemies":"Blue Slaver","floor":5.0,"turns":3.0},{"damage":7.0,"enemies":"Exordium Thugs","floor":7.0,"turns":4.0},{"damage":2.0,"enemies":"3 Sentries","floor":8.0,"turns":5.0},{"damage":0.0,"enemies":"Looter","floor":10.0,"turns":2.0},{"damage":5.0,"enemies":"Gremlin Nob","floor":11.0,"turns":4.0},{"damage":6.0,"enemies":"Blue Slaver","floor":12.0,"turns":4.0},{"damage":0.0,"enemies":"Gremlin Gang","floor":13.0,"turns":3.0},{"damage":0.0,"enemies":"2 Fungi Beasts","floor":14.0,"turns":2.0},{"damage":11.0,"enemies":"Slime Boss","floor":16.0,"turns":8.0},{"damage":19.0,"enemies":"Shell Parasite","floor":18.0,"turns":8.0},{"damage":10.0,"enemies":"Chosen","floor":19.0,"turns":6.0},{"damage":15.0,"enemies":"Gremlin Leader","floor":24.0,"turns":5.0},{"damage":0.0,"enemies":"Slavers","floor":27.0,"turns":3.0},{"damage":18.0,"enemies":"Snecko","floor":30.0,"turns":7.0},{"damage":41,"enemies":"Collector","floor":33,"turns":5}],"seed_played":"-5990272661206382512","potions_obtained":[{"floor":4.0,"key":"SneckoOil"},{"floor":5.0,"key":"Weak Potion"},{"floor":7.0,"key":"Swift Potion"},{"floor":11.0,"key":"LiquidMemories"},{"floor":12.0,"key":"Energy Potion"},{"floor":30.0,"key":"CultistPotion"}],"is_trial":false,"path_per_floor":["M","?","M","M","M","R","M","E","T","M","E","M","M","M","R","B",null,"M","M","$","?","?","R","E","?","T","E","?","R","M","?","R","B"],"character_chosen":"THE_SILENT","items_purchased":["PreservedInsect"],"campfire_rested":1,"item_purchase_floors":[20],"current_hp_per_floor":[47,47,47,47,47,47,40,38,38,43,43,37,37,37,37,36,70,51,41,41,41,34,34,24,24,24,24,24,24,6,6,27,0,0],"gold":596,"neow_bonus":"THREE_RARE_CARDS","is_daily":false,"chose_seed":false,"campfire_upgraded":3,"win_rate":0.0,"timestamp":1610454525,"path_taken":["M","?","M","M","M","R","M","E","T","M","E","?","M","M","R","BOSS","M","M","$","?","?","R","E","?","T","E","?","R","M","?","R","BOSS"],"items_purchased_type":["Relic"],"build_version":"2020-12-22","purchased_purges":1,"victory":false,"max_hp_per_floor":[70,70,70,70,70,70,70,70,70,70,70,70,70,70,70,70,70,70,70,70,70,70,70,70,70,70,70,70,70,70,70,70,70,70],"relic_stats":{"counters":[18,77],"PreservedInsect":86,"Snake Skull":[18],"Art of War":[2],"Nloth\u0027s Gift":0,"MawBank":108,"obtain_stats":[{"Calling Bell":17,"Anchor":24,"The Specimen":17,"PreservedInsect":20,"Snake Skull":27,"Art of War":9,"Juzu Bracelet":17,"Nloth\u0027s Gift":31,"Toxic Egg 2":17,"MawBank":11,"Toy Ornithopter":8,"Ring of the Snake":0},{"Calling Bell":12,"Anchor":15,"The Specimen":12,"PreservedInsect":14,"Snake Skull":16,"Art of War":6,"Juzu Bracelet":12,"Nloth\u0027s Gift":17,"Toxic Egg 2":12,"MawBank":8,"Toy Ornithopter":6,"Ring of the Snake":0},{"Calling Bell":43,"Anchor":62,"The Specimen":43,"PreservedInsect":57,"Snake Skull":65,"Art of War":20,"Juzu Bracelet":43,"Nloth\u0027s Gift":72,"Toxic Egg 2":43,"MawBank":26,"Toy Ornithopter":20,"Ring of the Snake":0}],"Toy Ornithopter":30,"Ring of the Snake":[36]},"card_choices":[{"not_picked":["A Thousand Cuts","Corpse Explosion"],"picked":"Die Die Die","floor":0.0},{"not_picked":["Slice","Outmaneuver"],"picked":"Masterful Stab","floor":1.0},{"not_picked":["Bouncing Flask","Dodge and Roll"],"picked":"Dagger Spray","floor":3.0},{"not_picked":["Venomology","Choke","Slice"],"picked":"SKIP","floor":4.0},{"not_picked":["Slice","Blur"],"picked":"Dagger Throw","floor":5.0},{"not_picked":["Choke","Eviscerate"],"picked":"Sucker Punch","floor":7.0},{"not_picked":["Reflex","Dodge and Roll"],"picked":"Finisher","floor":8.0},{"not_picked":["Distraction","Noxious Fumes","Dodge and Roll"],"picked":"SKIP","floor":10.0},{"not_picked":["Prepared","Dodge and Roll","Distraction"],"picked":"SKIP","floor":11.0},{"not_picked":["Slice","Escape Plan"],"picked":"Cloak And Dagger","floor":12.0},{"not_picked":["Bouncing Flask","Quick Slash","Accuracy"],"picked":"SKIP","floor":13.0},{"not_picked":["Footwork","Outmaneuver"],"picked":"Backstab","floor":14.0},{"not_picked":["Night Terror","Doppelganger"],"picked":"Envenom","floor":16.0},{"not_picked":["PiercingWail+1","Sucker Punch"],"picked":"Dodge and Roll+1","floor":18.0},{"not_picked":["Calculated Gamble+1","Bane"],"picked":"Backflip+1","floor":19.0},{"not_picked":["Predator","Sucker Punch"],"picked":"Leg Sweep+1","floor":24.0},{"not_picked":["Glass Knife","Riddle With Holes"],"picked":"PiercingWail+1","floor":27.0},{"not_picked":["Eviscerate+1","Backflip+1","Outmaneuver+1"],"picked":"SKIP","floor":30.0}],"player_experience":695893,"relics_obtained":[{"floor":8.0,"key":"Toy Ornithopter"},{"floor":9.0,"key":"Art of War"},{"floor":11.0,"key":"MawBank"},{"floor":17.0,"key":"Juzu Bracelet"},{"floor":17.0,"key":"Toxic Egg 2"},{"floor":17.0,"key":"The Specimen"},{"floor":24.0,"key":"Anchor"},{"floor":27.0,"key":"Snake Skull"}],"event_choices":[{"cards_removed":["Strike_G"],"damage_healed":0.0,"max_hp_gain":0.0,"max_hp_loss":0.0,"gold_gain":0.0,"event_name":"NoteForYourself","player_choice":"Took Card","floor":2.0,"gold_loss":0.0,"damage_taken":0.0,"cards_obtained":["Iron Wave"]},{"damage_healed":0.0,"max_hp_gain":0.0,"max_hp_loss":0.0,"gold_gain":99.0,"event_name":"Nest","player_choice":"Stole From Cult","floor":21.0,"gold_loss":0.0,"damage_taken":0.0},{"damage_healed":0.0,"max_hp_gain":0.0,"max_hp_loss":0.0,"gold_gain":75.0,"event_name":"FaceTrader","player_choice":"Touch","floor":22.0,"gold_loss":0.0,"damage_taken":7.0},{"damage_healed":0.0,"max_hp_gain":0.0,"max_hp_loss":0.0,"gold_gain":0.0,"event_name":"Back to Basics","player_choice":"Simplicity","floor":25.0,"gold_loss":0.0,"damage_taken":0.0,"cards_upgraded":["Strike_G","Strike_G","Strike_G","Defend_G","Defend_G","Defend_G","Defend_G","Defend_G"]},{"damage_healed":0.0,"max_hp_gain":0.0,"max_hp_loss":0.0,"gold_gain":0.0,"event_name":"Vampires","player_choice":"Ignored","floor":28.0,"gold_loss":0.0,"damage_taken":0.0},{"damage_healed":0.0,"max_hp_gain":0.0,"max_hp_loss":0.0,"gold_gain":0.0,"event_name":"N\u0027loth","player_choice":"Traded Relic","floor":31.0,"relics_lost":["Juzu Bracelet"],"gold_loss":0.0,"damage_taken":0.0,"relics_obtained":["Nloth\u0027s Gift"]}],"is_beta":false,"boss_relics":[{"not_picked":["Tiny House","Philosopher\u0027s Stone"],"picked":"Calling Bell"}],"items_purged_floors":[20],"is_endless":false,"potions_floor_spawned":[4,5,7,11,12,30],"killed_by":"Collector","ascension_level":1}}