{"host":"hvwa7s69zr612rn1","time":1610447007,"event":{"mods":["BaseMod","Colored Map","Colored Powertips","Minty Spire (QoL Compilation)","StSLib","The Bug Knight"],"gold_per_floor":[113,126,126,139,162,188,188,198,198,198,231,231,2,13,13,113,113,128,128,138,138,149,149,175,175,254,272,290,300,300,310,310,409,409,425,96,96,96,0,0,16,27,27,27,61,61,90,1,1,1,1],"floor_reached":50,"playtime":2864,"items_purged":["HollowMod:NailStrikeStart","HollowMod:QuickDashStart"],"score":583,"play_id":"ed0e0271-4229-4570-86eb-770b1049559f","local_time":"20210112212327","is_ascension_mode":true,"campfire_choices":[{"data":"Mayhem","floor":10.0,"key":"SMITH"},{"data":"HollowMod:QuirrelsAssistance","floor":12.0,"key":"SMITH"},{"data":"HollowMod:GoodIntentions","floor":15.0,"key":"SMITH"},{"data":"HollowMod:QuickDashStart","floor":23,"key":"SMITH"},{"data":"HollowMod:RecoilStrike","floor":25,"key":"SMITH"},{"data":"HollowMod:PerfectDash","floor":32,"key":"SMITH"},{"data":"Madness","floor":40,"key":"SMITH"},{"floor":46,"key":"RECALL"},{"data":"HollowMod:HuntersJournal","floor":49,"key":"SMITH"}],"circlet_count":0,"master_deck":["HollowMod:NailStrikeStart+1","HollowMod:NailStrikeStart","HollowMod:NailStrikeStart+1","HollowMod:QuickDashStart+1","HollowMod:QuickDashStart+1","HollowMod:FocusHealStart+1","HollowMod:PogoStrike+1","Mayhem+1","HollowMod:QuirrelsAssistance+1","HollowMod:GoodIntentions+1","HollowMod:HowlingWraiths+1","HollowMod:SoulVessel+1","HollowMod:Weaversong+1","HollowMod:Weaversong+1","HollowMod:VengefulSpirit+1","HollowMod:GreatSlash+1","HollowMod:PerfectDash+1","HollowMod:Weaversong+1","CurseOfTheBell","HollowMod:PogoStrike+1","HollowMod:DashSlash+1","HollowMod:RecoilStrike+1","Madness+1","HollowMod:PerfectDash","HollowMod:HuntersJournal+1","Flash of Steel+1"],"relics":["HollowMod:VesselMask","Anchor","Frozen Egg 2","Art of War","Kunai","Whetstone","SacredBark","Shuriken","Molten Egg 2","Calling Bell","War Paint","Matryoshka","StoneCalendar","DollysMirror","Red Mask","HornCleat","Singing Bowl","Strawberry"],"acts_visited":["Exordium","TheCity","TheBeyond"],"potions_floor_usage":[24,31,33,33,47,50],"damage_taken":[{"damage":7.0,"enemies":"2 Louse","floor":1.0,"turns":3.0},{"damage":8.0,"enemies":"Jaw Worm","floor":2.0,"turns":3.0},{"damage":0.0,"enemies":"Cultist","floor":4.0,"turns":3.0},{"damage":26.0,"enemies":"Lagavulin","floor":6.0,"turns":9.0},{"damage":8.0,"enemies":"Large Slime","floor":8.0,"turns":5.0},{"damage":29.0,"enemies":"3 Sentries","floor":11.0,"turns":7.0},{"damage":0.0,"enemies":"Red Slaver","floor":14.0,"turns":3.0},{"damage":10.0,"enemies":"The Guardian","floor":16.0,"turns":9.0},{"damage":3,"enemies":"Shell Parasite","floor":18,"turns":5},{"damage":0,"enemies":"Spheric Guardian","floor":20,"turns":3},{"damage":5,"enemies":"Snake Plant","floor":22,"turns":4},{"damage":48,"enemies":"Slavers","floor":24,"turns":5},{"damage":0,"enemies":"Cultist and Chosen","floor":27,"turns":5},{"damage":16,"enemies":"Centurion and Healer","floor":28,"turns":4},{"damage":1,"enemies":"Chosen and Byrds","floor":29,"turns":6},{"damage":9,"enemies":"Snake Plant","floor":31,"turns":5},{"damage":49,"enemies":"Automaton","floor":33,"turns":8},{"damage":23,"enemies":"3 Darklings","floor":35,"turns":6},{"damage":17,"enemies":"3 Shapes","floor":41,"turns":4},{"damage":0,"enemies":"Transient","floor":42,"turns":5},{"damage":6,"enemies":"Nemesis","floor":45,"turns":5},{"damage":0,"enemies":"Reptomancer","floor":47,"turns":4},{"damage":60,"enemies":"Donu and Deca","floor":50,"turns":7}],"seed_played":"-5709965900838542615","potions_obtained":[{"floor":4.0,"key":"PowerPotion"},{"floor":8.0,"key":"Regen Potion"},{"floor":14.0,"key":"GamblersBrew"},{"floor":18,"key":"Ancient Potion"},{"floor":21,"key":"PowerPotion"},{"floor":21,"key":"PowerPotion"},{"floor":27,"key":"Swift Potion"},{"floor":31,"key":"Regen Potion"},{"floor":42,"key":"DuplicationPotion"},{"floor":45,"key":"Energy Potion"}],"is_trial":false,"path_per_floor":["M","M","?","M","T","E","?","M","T","R","E","R","$","M","R","B",null,"M","?","M","?","M","R","E","R","T","M","M","M","?","M","R","B",null,"M","$","?","?","?","R","M","M","T","$","E","R","E","$","R","B"],"character_chosen":"THE_BUGKNIGHT","items_purchased":["Whetstone","DollysMirror","HollowMod:DashSlash+1","HollowMod:RecoilStrike+1","Flash of Steel+1"],"campfire_rested":0,"item_purchase_floors":[13,36,36,36,48],"current_hp_per_floor":[68,66,66,66,66,50,35,33,33,33,14,14,14,14,14,10,75,72,72,72,72,67,67,25,25,25,25,15,14,14,11,11,21,75,52,52,52,52,52,52,35,45,45,45,47,47,60,60,60,0,0],"gold":1,"neow_bonus":"RANDOM_COLORLESS_2","is_daily":false,"chose_seed":false,"campfire_upgraded":8,"win_rate":0.0,"timestamp":1610447007,"path_taken":["M","M","?","M","?","E","?","M","T","R","E","R","$","M","R","BOSS","M","?","M","?","?","R","E","R","T","M","M","M","?","?","R","BOSS","M","$","?","?","?","R","M","M","T","?","E","R","E","?","R","BOSS"],"items_purchased_type":["Relic","Relic","Card","Card","Card"],"build_version":"2020-12-22","purchased_purges":2,"victory":false,"max_hp_per_floor":[75,75,75,75,75,75,75,75,75,75,75,75,75,75,75,75,75,75,75,75,75,75,75,75,75,75,75,75,75,75,75,75,75,75,75,75,75,75,75,75,75,75,75,75,77,77,84,84,84,84,84],"card_choices":[{"not_picked":["Violence","Panache"],"picked":"Mayhem","floor":0.0},{"not_picked":["HollowMod:SoulEater","HollowMod:GoodIntentions","HollowMod:Grubsong"],"picked":"SKIP","floor":1.0},{"not_picked":["HollowMod:DashSlash","HollowMod:CloakDash"],"picked":"HollowMod:QuirrelsAssistance","floor":2.0},{"not_picked":["HollowMod:WraithStrike","HollowMod:CornifersMapStart"],"picked":"HollowMod:GoodIntentions","floor":4.0},{"not_picked":["HollowMod:LifebloodCore","HollowMod:InfectedAttack"],"picked":"HollowMod:HowlingWraiths","floor":6.0},{"not_picked":["HollowMod:SiblingsSouls","HollowMod:TaintedHusks","HollowMod:CornifersMapStart"],"picked":"SKIP","floor":8.0},{"not_picked":["HollowMod:AbyssShriek","HollowMod:DoubleDash"],"picked":"HollowMod:SoulVessel+1","floor":11.0},{"not_picked":["HollowMod:DescendingDark","HollowMod:NewJinnsSoul"],"picked":"HollowMod:Weaversong+1","floor":14.0},{"not_picked":["HollowMod:HerrahsAnger","HollowMod:MidwifesHunger"],"picked":"HollowMod:Weaversong+1","floor":16.0},{"not_picked":["HollowMod:TaintedHusks","HollowMod:ShadowDash","HollowMod:DoubleDash"],"picked":"SKIP","floor":18},{"not_picked":["HollowMod:DoubleDash","HollowMod:CornifersMapStart","HollowMod:WraithStrike"],"picked":"SKIP","floor":20},{"not_picked":["HollowMod:VengefulVoid","HollowMod:DescendingDark","HollowMod:BlackTendrils"],"picked":"SKIP","floor":22},{"not_picked":["HollowMod:HowlingWraiths","HollowMod:NewGlowingWomb+1"],"picked":"HollowMod:RecoilStrike","floor":24},{"not_picked":["HollowMod:TaintedHusks","HollowMod:VengefulVoid+1","HollowMod:DoubleDash"],"picked":"SKIP","floor":27},{"not_picked":["HollowMod:VengefulVoid+1","HollowMod:HerrahsAnger","HollowMod:ShapeofUnn+1"],"picked":"SKIP","floor":28},{"not_picked":["HollowMod:ShadowDash","HollowMod:WraithStrike+1"],"picked":"HollowMod:VengefulSpirit+1","floor":29},{"not_picked":["HollowMod:VengefulVoid+1","HollowMod:BlackTendrils+1"],"picked":"HollowMod:PerfectDash","floor":31},{"not_picked":["HollowMod:MidwifesHunger+1","HollowMod:LifebloodCore"],"picked":"HollowMod:Weaversong+1","floor":33},{"not_picked":["HollowMod:DoubleDash","HollowMod:SoulSplash+1","HollowMod:InfectedCysts+1"],"picked":"SKIP","floor":35},{"not_picked":["Purity","Trip"],"picked":"Madness","floor":37},{"not_picked":["HollowMod:CornifersMapStart","HollowMod:SoulStrike+1","HollowMod:FallenFury+1"],"picked":"SKIP","floor":41},{"not_picked":["HollowMod:ChannelNail+1","HollowMod:SiblingsSouls+1"],"picked":"HollowMod:PerfectDash","floor":42},{"not_picked":["HollowMod:SoulSplash","HollowMod:FallenFury+1","HollowMod:SoulVessel+1"],"picked":"Singing Bowl","floor":45},{"not_picked":["HollowMod:MawleksShell","HollowMod:MonomonsArchive"],"picked":"HollowMod:HuntersJournal","floor":47}],"player_experience":352155,"relics_obtained":[{"floor":5.0,"key":"Anchor"},{"floor":6.0,"key":"Frozen Egg 2"},{"floor":9.0,"key":"Art of War"},{"floor":11.0,"key":"Kunai"},{"floor":24,"key":"Shuriken"},{"floor":26,"key":"Molten Egg 2"},{"floor":34,"key":"War Paint"},{"floor":34,"key":"Matryoshka"},{"floor":34,"key":"StoneCalendar"},{"floor":43,"key":"HornCleat"},{"floor":45,"key":"Singing Bowl"},{"floor":47,"key":"Strawberry"}],"event_choices":[{"damage_healed":0.0,"max_hp_gain":0.0,"max_hp_loss":0.0,"gold_gain":0.0,"event_name":"Shining Light","player_choice":"Entered Light","floor":7.0,"gold_loss":0.0,"damage_taken":15.0,"cards_upgraded":["HollowMod:NailStrikeStart","HollowMod:HowlingWraiths"]},{"damage_healed":0,"gold_gain":0,"player_choice":"Ignored","damage_taken":0,"max_hp_gain":0,"max_hp_loss":0,"event_name":"Vampires","floor":19,"gold_loss":0},{"damage_healed":0,"gold_gain":0,"player_choice":"Got Potions","damage_taken":0,"max_hp_gain":0,"max_hp_loss":0,"event_name":"Lab","floor":21,"gold_loss":0},{"damage_healed":0,"gold_gain":0,"cards_transformed":["HollowMod:QuickDashStart"],"player_choice":"Transformed","damage_taken":0,"max_hp_gain":0,"max_hp_loss":0,"event_name":"Transmorgrifier","floor":30,"gold_loss":0,"cards_obtained":["HollowMod:GreatSlash"]},{"damage_healed":0,"gold_gain":0,"player_choice":"Memory 1","damage_taken":0,"max_hp_gain":0,"max_hp_loss":0,"event_name":"SensoryStone","floor":37,"gold_loss":0},{"cards_removed":["HollowMod:RecoilStrike"],"damage_healed":0,"gold_gain":0,"player_choice":"Removed Attack","damage_taken":0,"max_hp_gain":0,"max_hp_loss":0,"event_name":"Falling","floor":38,"gold_loss":0},{"damage_healed":0,"gold_gain":0,"player_choice":"Paid","damage_taken":0,"relics_obtained":["Red Mask"],"max_hp_gain":0,"max_hp_loss":0,"event_name":"Tomb of Lord Red Mask","floor":39,"gold_loss":96}],"is_beta":false,"boss_relics":[{"not_picked":["HollowMod:VoidIdolRelic","Fusion Hammer"],"picked":"SacredBark"},{"not_picked":["Empty Cage","Runic Pyramid"],"picked":"Calling Bell"}],"items_purged_floors":[13,36],"is_endless":false,"potions_floor_spawned":[4,8,14,18,27,28,31,42,45],"killed_by":"Donu and Deca","ascension_level":1}}