{"host":"y3h3n3f7seyagppx","time":1610476064,"event":{"mods":["AlwaysNeverKeys","BaseMod","Better Vampires","Colored Powertips","DeckTracker","Emptier Cage","Minty Spire (QoL Compilation)","Permanent Neow","Quick Restart","Rare Cards Sparkle","Relic Sorter","Relic Stats","StSLib","Transform Curses"],"gold_per_floor":[110,110,130,142,157,157,183,201,273,284,284,559,167,198,198,274,274,288,288,303,336,12,45,45,70,70,120,136,148,160,160,160,160,160],"floor_reached":33,"playtime":6270,"items_purged":["Regret","Strike_R"],"score":619,"play_id":"ced776e9-6df5-41b9-b240-2b4572f7aafd","local_time":"20210112132744","is_ascension_mode":true,"campfire_choices":[{"data":"Hemokinesis","floor":6.0,"key":"SMITH"},{"data":"Carnage","floor":11.0,"key":"SMITH"},{"data":"Bash","floor":15.0,"key":"SMITH"},{"data":"Shrug It Off","floor":24.0,"key":"SMITH"},{"data":"Sword Boomerang","floor":32.0,"key":"SMITH"}],"circlet_count":0,"master_deck":["AscendersBane","Strike_R","Strike_R","Strike_R","Defend_R","Defend_R","Defend_R","Defend_R","Bash+1","Hemokinesis+1","Disarm","Brutality","Carnage+1","Shrug It Off+1","Feed","Spot Weakness","Burning Pact","Impervious","Sword Boomerang+1","Power Through+1","Impervious"],"relics":["Burning Blood","Strawberry","Gambling Chip","HornCleat","Sling","Regal Pillow","Red Skull","Philosopher\u0027s Stone","MutagenicStrength","Red Mask","ClockworkSouvenir","Nunchaku","Pocketwatch","InkBottle"],"acts_visited":["Exordium","TheCity"],"potions_floor_usage":[33],"damage_taken":[{"damage":11.0,"enemies":"2 Louse","floor":1.0,"turns":4.0},{"damage":1.0,"enemies":"Cultist","floor":3.0,"turns":4.0},{"damage":6.0,"enemies":"Jaw Worm","floor":4.0,"turns":5.0},{"damage":34.0,"enemies":"Exordium Thugs","floor":5.0,"turns":7.0},{"damage":10.0,"enemies":"Gremlin Nob","floor":7.0,"turns":3.0},{"damage":10.0,"enemies":"3 Louse","floor":8.0,"turns":6.0},{"damage":3.0,"enemies":"2 Fungi Beasts","floor":10.0,"turns":3.0},{"damage":10.0,"enemies":"Lagavulin","floor":14.0,"turns":5.0},{"damage":30.0,"enemies":"The Guardian","floor":16.0,"turns":14.0},{"damage":15.0,"enemies":"2 Thieves","floor":18.0,"turns":3.0},{"damage":34.0,"enemies":"3 Byrds","floor":20.0,"turns":7.0},{"damage":4.0,"enemies":"Masked Bandits","floor":21.0,"turns":3.0},{"damage":14.0,"enemies":"Gremlin Leader","floor":23.0,"turns":7.0},{"damage":7.0,"enemies":"Slavers","floor":25.0,"turns":5.0},{"damage":2.0,"enemies":"3 Cultists","floor":28.0,"turns":4.0},{"damage":2.0,"enemies":"Centurion and Healer","floor":29.0,"turns":3.0},{"damage":2.0,"enemies":"Cultist and Chosen","floor":30.0,"turns":4.0},{"damage":73,"enemies":"Collector","floor":33,"turns":5}],"seed_played":"4252325443279763245","potions_obtained":[{"floor":3.0,"key":"SteroidPotion"},{"floor":5.0,"key":"CultistPotion"},{"floor":8.0,"key":"DuplicationPotion"},{"floor":10.0,"key":"Block Potion"},{"floor":14.0,"key":"Swift Potion"},{"floor":18.0,"key":"ColorlessPotion"},{"floor":25.0,"key":"DuplicationPotion"}],"is_trial":false,"path_per_floor":["M","?","M","M","M","R","E","M","T","M","R","?","$","E","R","B",null,"M","?","M","?","$","E","R","E","T","?","M","M","M","?","R","B"],"character_chosen":"IRONCLAD","items_purchased":["Sling","Regal Pillow","ClockworkSouvenir","Block Potion"],"campfire_rested":0,"item_purchase_floors":[13,13,22,22],"current_hp_per_floor":[63,70,75,75,47,47,43,39,39,42,42,42,42,38,38,14,65,59,59,34,39,39,31,31,33,33,33,40,47,54,54,54,0,0],"gold":160,"neow_bonus":"REMOVE_CARD","is_daily":false,"chose_seed":false,"campfire_upgraded":5,"win_rate":0.0,"timestamp":1610476064,"path_taken":["M","?","M","M","M","R","E","M","T","?","R","?","$","E","R","BOSS","M","?","M","?","$","E","R","E","T","?","M","M","M","?","R","BOSS"],"items_purchased_type":["Relic","Relic","Relic","Potion"],"build_version":"2020-12-22","purchased_purges":2,"victory":false,"max_hp_per_floor":[75,82,82,82,82,82,82,82,82,82,82,82,82,82,82,82,82,85,85,88,91,91,91,91,94,94,94,97,100,103,103,103,103,103],"relic_stats":{"Regal Pillow":0,"Nunchaku":[4],"counters":[18,92],"Gambling Chip":[37],"obtain_stats":[{"Regal Pillow":13,"Sling":13,"Burning Blood":0,"ClockworkSouvenir":22,"Nunchaku":23,"HornCleat":9,"Strawberry":2,"Gambling Chip":7,"MutagenicStrength":19,"Philosopher\u0027s Stone":17,"Red Mask":21,"Red Skull":14,"InkBottle":26,"Pocketwatch":25},{"Regal Pillow":7,"Sling":7,"Burning Blood":0,"ClockworkSouvenir":12,"Nunchaku":13,"HornCleat":6,"Strawberry":1,"Gambling Chip":5,"MutagenicStrength":10,"Philosopher\u0027s Stone":9,"Red Mask":12,"Red Skull":8,"InkBottle":14,"Pocketwatch":14},{"Regal Pillow":32,"Sling":32,"Burning Blood":0,"ClockworkSouvenir":64,"Nunchaku":71,"HornCleat":29,"Strawberry":4,"Gambling Chip":23,"MutagenicStrength":54,"Philosopher\u0027s Stone":51,"Red Mask":64,"Red Skull":37,"InkBottle":76,"Pocketwatch":76}],"Burning Blood":102,"InkBottle":[5],"Pocketwatch":[27]},"card_choices":[{"not_picked":["Body Slam","Rupture"],"picked":"Iron Wave","floor":1.0},{"not_picked":["Cleave","Havoc"],"picked":"Hemokinesis","floor":3.0},{"not_picked":["Clash","Entrench"],"picked":"Disarm","floor":4.0},{"not_picked":["Sentinel","Body Slam","Heavy Blade"],"picked":"SKIP","floor":5.0},{"not_picked":["Iron Wave","Disarm"],"picked":"Brutality","floor":7.0},{"not_picked":["Heavy Blade","Clash"],"picked":"Carnage","floor":8.0},{"not_picked":["Clash","Pommel Strike","Perfected Strike"],"picked":"SKIP","floor":10.0},{"not_picked":["Inflame","Clash"],"picked":"Shrug It Off","floor":14.0},{"not_picked":["Double Tap","Impervious"],"picked":"Feed","floor":16.0},{"not_picked":["Fire Breathing","Clothesline"],"picked":"Spot Weakness","floor":18.0},{"not_picked":["Dark Embrace","Warcry","Sever Soul"],"picked":"SKIP","floor":20.0},{"not_picked":["Dropkick","Sever Soul"],"picked":"Burning Pact","floor":21.0},{"not_picked":["Disarm","Wild Strike"],"picked":"Impervious","floor":23.0},{"not_picked":["Warcry","Clash","Wild Strike"],"picked":"SKIP","floor":25.0},{"not_picked":["Power Through","Searing Blow"],"picked":"Sword Boomerang","floor":28.0},{"not_picked":["Headbutt","Body Slam"],"picked":"Power Through+1","floor":29.0},{"not_picked":["Burning Pact","Infernal Blade+1","Entrench"],"picked":"SKIP","floor":30.0}],"player_experience":20749097,"relics_obtained":[{"floor":7.0,"key":"Gambling Chip"},{"floor":9.0,"key":"HornCleat"},{"floor":14.0,"key":"Red Skull"},{"floor":21.0,"key":"Red Mask"},{"floor":23.0,"key":"Nunchaku"},{"floor":25.0,"key":"Pocketwatch"},{"floor":26.0,"key":"InkBottle"}],"event_choices":[{"cards_removed":["Iron Wave"],"damage_healed":0.0,"max_hp_gain":0.0,"max_hp_loss":0.0,"gold_gain":0.0,"event_name":"WeMeetAgain","player_choice":"Gave Card","floor":2.0,"gold_loss":0.0,"damage_taken":0.0,"relics_obtained":["Strawberry"]},{"damage_healed":0.0,"max_hp_gain":0.0,"max_hp_loss":0.0,"gold_gain":275.0,"event_name":"Golden Shrine","player_choice":"Desecrate","floor":12.0,"gold_loss":0.0,"damage_taken":0.0,"cards_obtained":["Regret"]},{"damage_healed":0.0,"max_hp_gain":0.0,"max_hp_loss":0.0,"gold_gain":0.0,"event_name":"Drug Dealer","player_choice":"Inject Mutagens","floor":19.0,"gold_loss":0.0,"damage_taken":0.0,"relics_obtained":["MutagenicStrength"]},{"damage_healed":0.0,"max_hp_gain":0.0,"max_hp_loss":0.0,"gold_gain":0.0,"event_name":"Masked Bandits","player_choice":"Fought Bandits","floor":21.0,"gold_loss":0.0,"damage_taken":0.0},{"damage_healed":0.0,"max_hp_gain":0.0,"max_hp_loss":0.0,"gold_gain":50.0,"event_name":"Nest","player_choice":"Stole From Cult","floor":27.0,"gold_loss":0.0,"damage_taken":0.0},{"damage_healed":0.0,"max_hp_gain":0.0,"max_hp_loss":0.0,"gold_gain":0.0,"event_name":"Duplicator","player_choice":"Copied","floor":31.0,"gold_loss":0.0,"damage_taken":0.0,"cards_obtained":["Impervious"]}],"is_beta":false,"boss_relics":[{"not_picked":["Runic Dome","Fusion Hammer"],"picked":"Philosopher\u0027s Stone"}],"items_purged_floors":[13,22],"is_endless":false,"potions_floor_spawned":[3,5,8,10,14,18,25,30],"killed_by":"Collector","ascension_level":20}}