{"host":"3l94tha3a4jgu0q4","time":1610483441,"event":{"mods":["2.2 Compatiblity","AchievementEnabler","BaseMod","Colored Map","Colored Powertips","Highlight Path","Minty Spire (QoL Compilation)","Permanent Neow","StSLib","SuperFastMode","The IronCluck","slay the spire mod where everything is the same but ironclad has a cowboy hat"],"gold_per_floor":[112,112,112,112,0,0,40,54,54,85,121,53,97,52,52,147,147,165,179,194,16,31,31,31],"floor_reached":23,"language":"ENG","playtime":447,"items_purged":["Strike_P","Strike_P"],"score":366,"play_id":"ea8adb16-f591-4a29-aac0-82e4abca7243","local_time":"20210112123041","is_ascension_mode":true,"campfire_choices":[{"data":"MentalFortress","floor":6,"key":"SMITH"},{"floor":15,"key":"REST"}],"circlet_count":0,"master_deck":["AscendersBane","Strike_P","Strike_P","Defend_P","Defend_P+1","Defend_P","Defend_P+1","Eruption+1","Vigilance","Consecrate","MentalFortress+1","SandsOfTime","Consecrate","Evaluate","TalkToTheHand","Indignation","EmptyFist","Devotion","LikeWater","Halt"],"relics":["Runic Dome","Golden Idol","Regal Pillow","War Paint","MawBank","Singing Bowl","Busted Crown"],"acts_visited":["Exordium","TheCity"],"potions_floor_usage":[10,20,23,23],"damage_taken":[{"damage":0,"enemies":"Cultist","floor":1,"turns":5},{"damage":23,"enemies":"Lagavulin","floor":7,"turns":10},{"damage":0,"enemies":"Small Slimes","floor":8,"turns":3},{"damage":12,"enemies":"3 Sentries","floor":10,"turns":5},{"damage":0,"enemies":"2 Louse","floor":11,"turns":1},{"damage":19,"enemies":"Lagavulin","floor":13,"turns":6},{"damage":44,"enemies":"Slime Boss","floor":16,"turns":9},{"damage":21,"enemies":"Chosen","floor":18,"turns":7},{"damage":3,"enemies":"Shell Parasite","floor":19,"turns":5},{"damage":14,"enemies":"3 Cultists","floor":20,"turns":5},{"damage":17,"enemies":"Cultist and Chosen","floor":22,"turns":7},{"damage":1,"enemies":"Book of Stabbing","floor":23,"turns":1}],"seed_played":"1031515862125188894","potions_obtained":[{"floor":8,"key":"StancePotion"},{"floor":13,"key":"EssenceOfSteel"},{"floor":18,"key":"StancePotion"},{"floor":22,"key":"SkillPotion"}],"is_trial":false,"path_per_floor":["M","?","?","?","$","R","E","M","T","E","M","$","E","$","R","B",null,"M","M","M","$","M","E"],"character_chosen":"WATCHER","items_purchased":["MentalFortress","TalkToTheHand","EmptyFist","LikeWater"],"campfire_rested":1,"item_purchase_floors":[5,12,14,21],"current_hp_per_floor":[61,61,66,66,66,66,43,43,43,31,31,31,12,12,46,2,50,31,30,18,18,1,0,0],"gold":31,"neow_bonus":"BOSS_RELIC","is_daily":false,"chose_seed":false,"campfire_upgraded":1,"win_rate":0.0,"timestamp":1610483441,"path_taken":["M","?","?","?","$","R","E","M","T","E","M","$","E","$","R","BOSS","M","M","M","$","M","E"],"items_purchased_type":["Card","Card","Card","Card"],"build_version":"2020-12-22","purchased_purges":2,"victory":false,"max_hp_per_floor":[68,68,73,66,66,66,66,66,66,66,66,66,66,66,66,66,66,68,70,72,72,72,72,72],"card_choices":[{"not_picked":["FollowUp","ThirdEye"],"picked":"Consecrate","floor":1},{"not_picked":["WaveOfTheHand","Collect"],"picked":"SandsOfTime","floor":7},{"not_picked":["CutThroughFate","Prostrate"],"picked":"Consecrate","floor":8},{"not_picked":["Crescendo","FollowUp"],"picked":"Evaluate","floor":10},{"not_picked":["ThirdEye","Worship","JustLucky"],"picked":"SKIP","floor":11},{"not_picked":["ThirdEye","Sanctity"],"picked":"Indignation","floor":13},{"not_picked":["LessonLearned","Vault"],"picked":"Devotion","floor":16},{"not_picked":["PathToVictory"],"picked":"Singing Bowl","floor":18},{"not_picked":["WindmillStrike+1"],"picked":"Singing Bowl","floor":19},{"not_picked":["Perseverance"],"picked":"Singing Bowl","floor":20},{"not_picked":[],"picked":"Halt","floor":22}],"player_experience":1930538,"relics_obtained":[{"floor":7,"key":"Regal Pillow"},{"floor":9,"key":"War Paint"},{"floor":10,"key":"MawBank"},{"floor":13,"key":"Singing Bowl"}],"event_choices":[{"damage_healed":0,"gold_gain":0,"player_choice":"Grow","damage_taken":0,"max_hp_gain":0,"max_hp_loss":0,"event_name":"Living Wall","floor":2,"gold_loss":0,"cards_upgraded":["Eruption"]},{"damage_healed":0,"gold_gain":0,"player_choice":"Donut","damage_taken":0,"max_hp_gain":5,"max_hp_loss":0,"event_name":"Big Fish","floor":3,"gold_loss":0},{"damage_healed":0,"gold_gain":0,"player_choice":"Lose Max HP","damage_taken":0,"relics_obtained":["Golden Idol"],"max_hp_gain":0,"max_hp_loss":7,"event_name":"Golden Idol","floor":4,"gold_loss":0}],"is_beta":false,"boss_relics":[{"not_picked":["Tiny House","Calling Bell"],"picked":"Busted Crown"}],"items_purged_floors":[5,21],"is_endless":false,"potions_floor_spawned":[8,13,18,22],"killed_by":"Book of Stabbing","ascension_level":15}}