{"host":"xzk9bt2l7avnb6n5","time":1610485627,"event":{"mods":["Aspiration","BaseMod","Conspire","Downfall","Highlight Path","Infinite Spire","Minty Spire (QoL Compilation)","Replay The Spire","Shop Mod","StSLib","The Wild Card"],"gold_per_floor":[99,119,137,157,157,82,82,92,112,142,8,8,8,18,32,134,184,208,222,236,236,236,236,236,161,161,161,173,173,173,188,208,312,312,312,362,362,428,9,9,35,40,40,57,57,71,89,89,108,108,108,108,108,108],"floor_reached":52,"language":"ENG","playtime":2429,"items_purged":[],"score":702,"play_id":"d8b85df4-dd8c-44fb-85ee-f1e075adeef3","local_time":"20210112140707","is_ascension_mode":false,"campfire_choices":[{"floor":1.0,"key":"RECALL"},{"data":"Slimebound:Gluttony","floor":6.0,"key":"SMITH"},{"data":"Slimebound:SpikyOuterGoop","floor":13.0,"key":"SMITH"},{"data":"Slimebound:LevelUp","floor":23.0,"key":"SMITH"},{"data":"Slimebound:AcidTongue","floor":25.0,"key":"SMITH"},{"data":"Slimebound:OozeBath","floor":27.0,"key":"SMITH"},{"data":"Slimebound:Schlurp","floor":29.0,"key":"SMITH"},{"data":"Slimebound:MinionMaster","floor":35.0,"key":"SMITH"},{"data":"expansioncontent:StudyTheSpire","floor":40.0,"key":"SMITH"},{"data":"Slimebound:Nibble","floor":43.0,"key":"SMITH"},{"data":"Slimebound:Equalize","floor":45.0,"key":"SMITH"}],"circlet_count":0,"master_deck":["Slimebound:Strike_Slimebound+1","Slimebound:Strike_Slimebound+1","Slimebound:Strike_Slimebound+1","Slimebound:Tackle","Slimebound:Defend_Slimebound+1","Slimebound:Defend_Slimebound+1","Slimebound:Defend_Slimebound+1","Slimebound:Defend_Slimebound+1","Slimebound:Split","Slimebound:CorrosiveSpit+1","Slimebound:Nibble+1","Slimebound:Equalize+1","Slimebound:Gluttony+1","Slimebound:GrowthPunch","Slimebound:SpikyOuterGoop+1","Slimebound:Schlurp+1","Slimebound:RollThrough","Slimebound:LevelUp+1","Slimebound:GrowthPunch","Slimebound:SamplingLick","Slimebound:ViciousTackle","Slimebound:OozeBath+1","Slimebound:PressTheAttack","Slimebound:AcidTongue+1","Slimebound:SlimeBrawl+1","Slimebound:SplitBruiser+1","Slimebound:HauntingLick","Slimebound:MinionMaster+1","Weave+1","expansioncontent:StudyTheSpire+1","Slimebound:MegaLick","Slimebound:HauntingLick","Slimebound:Schlurp+1","Slimebound:MegaLick","Slimebound:ItLooksTasty"],"relics":["Slimebound:AbsorbEndCombat","downfall:HeartBlessingRed","aspiration:FetidBarrel","Slimebound:PotencyRelic","Pondfish Scales","downfall:HeartBlessingGreen","Ornamental Fan","downfall:HeartBlessingBlue","conspire:SpecialSausage","Counterbalance","Happy Flower","MerchantsRug","Akabeko","Orichalcum","ReplayTheSpireMod:Shallot"],"acts_visited":["Exordium","TheCity","TheBeyond","TheEnding"],"potions_floor_usage":[50,50],"damage_taken":[{"damage":4.0,"enemies":"conspire:RoseBush","floor":2.0,"turns":2.0},{"damage":4.0,"enemies":"Cultist","floor":3.0,"turns":3.0},{"damage":7.0,"enemies":"Small Slimes","floor":4.0,"turns":3.0},{"damage":16.0,"enemies":"Exordium Wildlife","floor":8.0,"turns":3.0},{"damage":14.0,"enemies":"Blue Slaver","floor":9.0,"turns":3.0},{"damage":19.0,"enemies":"Replay:BlueRogue","floor":10.0,"turns":3.0},{"damage":11.0,"enemies":"downfall:FleeingMerchant","floor":11.0,"turns":4.0},{"damage":24.0,"enemies":"Lots of Slimes","floor":14.0,"turns":4.0},{"damage":8.0,"enemies":"3 Louse","floor":15.0,"turns":2.0},{"damage":68.0,"enemies":"downfall:Defect","floor":16.0,"turns":7.0},{"damage":11.0,"enemies":"Spheric Guardian","floor":19.0,"turns":4.0},{"damage":8.0,"enemies":"3 Byrds","floor":20.0,"turns":3.0},{"damage":29.0,"enemies":"Centurion and Healer","floor":28.0,"turns":4.0},{"damage":8.0,"enemies":"conspire:HollyBat","floor":31.0,"turns":5.0},{"damage":42.0,"enemies":"Snake Plant","floor":32.0,"turns":4.0},{"damage":49.0,"enemies":"downfall:Watcher","floor":33.0,"turns":6.0},{"damage":11.0,"enemies":"Mind Bloom Boss Battle","floor":36.0,"turns":5.0},{"damage":8.0,"enemies":"downfall:FleeingMerchant","floor":39.0,"turns":4.0},{"damage":14.0,"enemies":"downfall:FleeingMerchant","floor":42.0,"turns":4.0},{"damage":21.0,"enemies":"Orb Walker","floor":44.0,"turns":3.0},{"damage":15.0,"enemies":"3 Shapes","floor":46.0,"turns":5.0},{"damage":17.0,"enemies":"Transient","floor":47.0,"turns":5.0},{"damage":36,"enemies":"4 Shapes","floor":49,"turns":4},{"damage":68,"enemies":"downfall:Silent","floor":50,"turns":9},{"damage":160,"enemies":"downfall:CharBossMerchant","floor":52,"turns":8}],"seed_played":"-8635505791849018479","potions_obtained":[{"floor":3.0,"key":"FearPotion"},{"floor":9.0,"key":"champ:CounterPotion"},{"floor":14.0,"key":"Explosive Potion"},{"floor":15.0,"key":"conspire:TimeTravelPotion"},{"floor":16.0,"key":"LifebloodPotion"},{"floor":31.0,"key":"Fruit Juice"},{"floor":32.0,"key":"AttackPotion"},{"floor":33.0,"key":"FearPotion"},{"floor":36.0,"key":"Fire Potion"},{"floor":49,"key":"Dexterity Potion"}],"is_trial":false,"path_per_floor":["R","M","M","M","?","R","T","M","M","E","$","T","R","M","M","B",null,"R","M","M","AVR","?","R","T","R","?","R","M","R","?","M","M","B",null,"R","?","AVR","?","$","R","T","$","R","M","R","M","M","?","M","B",null,"E"],"character_chosen":"SLIMEBOUND","items_purchased":["Slimebound:LevelUp","Slimebound:GrowthPunch","MerchantsRug","expansioncontent:StudyTheSpire","Akabeko","ReplayTheSpireMod:Shallot","Slimebound:HauntingLick"],"campfire_rested":0,"item_purchase_floors":[11,11,39,39,39,42,42],"current_hp_per_floor":[66,66,66,66,66,66,66,66,66,61,66,66,66,62,66,32,71,71,68,71,71,71,71,71,81,81,81,81,81,66,83,61,52,91,91,91,91,91,91,91,91,91,91,91,91,88,86,86,72,56,91,0,0,0],"gold":108,"neow_bonus":"TEN_PERCENT_HP_BONUS","is_daily":false,"chose_seed":false,"campfire_upgraded":10,"win_rate":0.0,"timestamp":1610485627,"path_taken":["R","M","M","M","?","R","T","M","M","E","$","?","R","M","M","BOSS","R","M","M","AVR","?","R","T","R","?","R","M","R","?","?","M","BOSS","R","?","AVR","?","$","R","T","$","R","M","R","M","M","?","M","BOSS","E"],"items_purchased_type":["Card","Card","Relic","Card","Relic","Relic","Card"],"build_version":"2020-12-22","purchased_purges":0,"victory":false,"max_hp_per_floor":[66,66,66,66,66,66,66,66,66,66,66,66,66,66,66,66,71,71,71,71,71,71,71,71,81,81,81,81,81,86,91,91,91,91,91,91,91,91,91,91,91,91,91,91,91,91,91,91,91,91,91,91,91,91],"card_choices":[{"not_picked":["Slimebound:LeechEnergy","Slimebound:DisruptingSlam"],"picked":"Slimebound:Nibble","floor":2.0},{"not_picked":["Slimebound:PressTheAttack","Slimebound:SplitMire"],"picked":"Slimebound:Equalize","floor":3.0},{"not_picked":["Slimebound:SlimeSpikes","Slimebound:Nibble"],"picked":"Slimebound:Gluttony","floor":4.0},{"not_picked":["Slimebound:SplitBruiser","Slimebound:SplitAcid"],"picked":"Slimebound:GrowthPunch","floor":8.0},{"not_picked":["Slimebound:RainOfGoop","Slimebound:Overexert"],"picked":"Slimebound:SpikyOuterGoop","floor":9.0},{"not_picked":["Slimebound:Prepare","Slimebound:RollThrough"],"picked":"Slimebound:Schlurp","floor":10.0},{"not_picked":["Slimebound:Recollect","Slimebound:GoopSpray"],"picked":"Slimebound:RollThrough","floor":11.0},{"not_picked":["Slimebound:RollThrough","Slimebound:ViciousTackle"],"picked":"Slimebound:SamplingLick","floor":14.0},{"not_picked":["Slimebound:RollThrough","Slimebound:Gluttony"],"picked":"Slimebound:ViciousTackle","floor":15.0},{"not_picked":["Slimebound:DuplicatedForm","Slimebound:Recycling"],"picked":"Slimebound:OozeBath","floor":16.0},{"not_picked":["Slimebound:SplitAcid","Slimebound:GrowthPunch"],"picked":"Slimebound:PressTheAttack","floor":17.0},{"not_picked":["Slimebound:LeechingTouch","Slimebound:GrowthPunch"],"picked":"Slimebound:AcidTongue","floor":19.0},{"not_picked":["Slimebound:SplitLeeching","Slimebound:SplitAcid"],"picked":"Slimebound:SlimeBrawl+1","floor":20.0},{"not_picked":["Slimebound:FlameTackle+1","Slimebound:SpikyOuterGoop+1","Slimebound:LeadByExample"],"picked":"SKIP","floor":28.0},{"not_picked":["Slimebound:Chomp","Slimebound:ProtectTheBoss"],"picked":"Slimebound:SplitBruiser+1","floor":31.0},{"not_picked":["Slimebound:Replication","Slimebound:RollThrough"],"picked":"Slimebound:HauntingLick","floor":32.0},{"not_picked":["Slimebound:SlimeSlap","Slimebound:DouseInSlime"],"picked":"Slimebound:MinionMaster","floor":33.0},{"not_picked":["Recycle","sneckomod:WideSting"],"picked":"Weave+1","floor":39.0},{"not_picked":["Slimebound:RollThrough+1","Slimebound:SplitBruiser+1"],"picked":"Slimebound:MegaLick","floor":42.0},{"not_picked":["Slimebound:FinishingTackle","Slimebound:SplitMire"],"picked":"Slimebound:Schlurp+1","floor":44.0},{"not_picked":["Slimebound:HungryTackle","Slimebound:GoopSpray"],"picked":"Slimebound:MegaLick","floor":46.0},{"not_picked":["Slimebound:ViciousTackle","Slimebound:SlimeBarrage","Slimebound:Teamwork"],"picked":"SKIP","floor":47.0},{"not_picked":["Slimebound:SplitMire","Slimebound:SplitBruiser+1"],"picked":"Slimebound:ItLooksTasty","floor":49}],"player_experience":466123,"relics_obtained":[{"floor":7.0,"key":"aspiration:FetidBarrel"},{"floor":10.0,"key":"Slimebound:PotencyRelic"},{"floor":12.0,"key":"Pondfish Scales"},{"floor":36.0,"key":"Counterbalance"},{"floor":38.0,"key":"Happy Flower"},{"floor":41.0,"key":"Orichalcum"}],"event_choices":[{"damage_healed":0.0,"max_hp_gain":0.0,"max_hp_loss":0.0,"gold_gain":0.0,"event_name":"NoteForYourself","player_choice":"Ignored","floor":5.0,"gold_loss":0.0,"damage_taken":0.0},{"damage_healed":0.0,"max_hp_gain":0.0,"max_hp_loss":0.0,"gold_gain":0.0,"event_name":"Back to Basics","player_choice":"Simplicity","floor":22.0,"gold_loss":0.0,"damage_taken":0.0,"cards_upgraded":["Slimebound:Strike_Slimebound","Slimebound:Strike_Slimebound","Slimebound:Strike_Slimebound","Slimebound:Defend_Slimebound","Slimebound:Defend_Slimebound","Slimebound:Defend_Slimebound","Slimebound:Defend_Slimebound"]},{"damage_healed":0.0,"max_hp_gain":0.0,"max_hp_loss":0.0,"gold_gain":0.0,"event_name":"Vampires","player_choice":"Ignored","floor":26.0,"gold_loss":0.0,"damage_taken":0.0},{"damage_healed":0.0,"max_hp_gain":0.0,"max_hp_loss":0.0,"gold_gain":0.0,"event_name":"conspire:Investor","player_choice":"Leave","floor":48.0,"gold_loss":0.0,"damage_taken":0.0}],"is_beta":false,"boss_relics":[{"not_picked":["Painkiller Herb","aspiration:IroncladSkillbook"],"picked":"Tiny House"},{"not_picked":["Sozu","aspiration:RitualDagger"],"picked":"conspire:SpecialSausage"}],"items_purged_floors":[],"is_endless":false,"potions_floor_spawned":[3,9,14,15,16,19,31,32,33,36,49],"killed_by":"downfall:CharBossMerchant","ascension_level":0}}