{"host":"9jj9tzo2iym4bpat","time":1610461658,"event":{"mods":["Act Like it!","BaseMod","CapriCore","Gensokyo","Luminous","Marisa????????","Minty Spire (QoL Compilation)","Permanent Neow","StSLib","Td1madao Mod","The Animator","The Immortal","The Marked","The Servant 0.9.4"],"gold_per_floor":[129,129,139,150,176,176,176,176,176,215,215,231,245,310,310,310,310],"floor_reached":16,"playtime":903,"items_purged":[],"score":102,"play_id":"e9dfcf93-cc01-4211-b790-2dc6c6be8656","local_time":"20210112082738","is_ascension_mode":false,"campfire_choices":[{"floor":8,"key":"REST"},{"floor":11,"key":"REST"},{"floor":15,"key":"REST"}],"circlet_count":0,"master_deck":["animator:Strike_Konosuba","animator:Defend_Konosuba","animator:Strike","animator:Strike","animator:Strike","animator:Defend","animator:Defend","animator:Defend","animator:Kazuma","animator:Aqua","animator:Saber+1","animator:Vanir","animator:Tyuule","animator:ElricEdward","animator:Melzalgald","animator:Sonic","animator:Jibril","animator:Verdia"],"relics":["animator:LivingPicture","animator:TheMissingPiece","Golden Idol","Darkstone Periapt","Bottled Flame","Peace Pipe"],"acts_visited":["Exordium"],"potions_floor_usage":[10,16,16],"damage_taken":[{"damage":8,"enemies":"Jaw Worm","floor":1,"turns":5},{"damage":0,"enemies":"Cultist","floor":3,"turns":3},{"damage":0,"enemies":"2 Louse","floor":4,"turns":2},{"damage":21,"enemies":"Exordium Wildlife","floor":5,"turns":5},{"damage":18,"enemies":"3 Sentries","floor":10,"turns":5},{"damage":18,"enemies":"Blue Slaver","floor":12,"turns":3},{"damage":15,"enemies":"3 Louse","floor":13,"turns":3},{"damage":37,"enemies":"The Guardian","floor":16,"turns":8}],"seed_played":"6505998796689515043","potions_obtained":[{"floor":1,"key":"Fire Potion"},{"floor":4,"key":"GamblersBrew"},{"floor":5,"key":"AttackPotion"},{"floor":13,"key":"AttackPotion"}],"is_trial":false,"path_per_floor":["M","?","M","M","M","?","T","R","T","E","R","M","M","?","R","B"],"character_chosen":"THE_ANIMATOR","items_purchased":[],"campfire_rested":3,"item_purchase_floors":[],"current_hp_per_floor":[54,54,56,58,39,24,24,42,42,27,45,29,15,15,33,0,0],"gold":310,"neow_bonus":"THREE_RARE_CARDS","is_daily":false,"chose_seed":false,"campfire_upgraded":0,"win_rate":0.0,"timestamp":1610461658,"path_taken":["M","?","M","?","M","?","?","R","T","E","R","M","M","?","R","BOSS"],"items_purchased_type":[],"build_version":"2020-12-22","purchased_purges":0,"victory":false,"max_hp_per_floor":[60,60,60,60,60,60,60,60,60,61,61,61,62,62,62,62,62],"card_choices":[{"not_picked":["animator:Sora","animator:Shiro"],"picked":"animator:Saber","floor":0},{"not_picked":["animator:Archer","animator:MetalKnight"],"picked":"animator:Vanir","floor":1},{"not_picked":["animator:MumenRider","animator:DolaStephanie"],"picked":"animator:Tyuule","floor":3},{"not_picked":["animator:DolaRiku","animator:ShinjiMatou"],"picked":"animator:ElricEdward","floor":4},{"not_picked":["animator:MetalKnight","animator:SilverFang"],"picked":"animator:Melzalgald","floor":5},{"not_picked":["animator:MaesHughes","animator:Assassin"],"picked":"animator:Sonic","floor":10},{"not_picked":["animator:Saber","animator:ShinjiMatou"],"picked":"animator:Jibril","floor":12},{"not_picked":["animator:MumenRider","animator:MaesHughes"],"picked":"animator:Verdia","floor":13}],"player_experience":220896,"relics_obtained":[{"floor":7,"key":"Darkstone Periapt"},{"floor":9,"key":"Bottled Flame"},{"floor":10,"key":"Peace Pipe"}],"event_choices":[{"damage_healed":0,"gold_gain":0,"player_choice":"Upgraded","damage_taken":0,"max_hp_gain":0,"max_hp_loss":0,"event_name":"Upgrade Shrine","floor":2,"gold_loss":0,"cards_upgraded":["animator:Saber"]},{"damage_healed":0,"gold_gain":0,"player_choice":"Take Damage","damage_taken":15,"relics_obtained":["Golden Idol"],"max_hp_gain":0,"max_hp_loss":0,"event_name":"Golden Idol","floor":6,"gold_loss":0},{"damage_healed":0,"gold_gain":65,"player_choice":"Gained Gold","damage_taken":0,"max_hp_gain":0,"max_hp_loss":0,"event_name":"Golden Wing","floor":14,"gold_loss":0}],"is_beta":false,"boss_relics":[],"items_purged_floors":[],"is_endless":false,"potions_floor_spawned":[1,4,5,13],"killed_by":"The Guardian","ascension_level":0}}