{"host":"tom9euzqew4po1rs","time":1610474375,"event":{"mods":["BaseMod","Curses Come First","Downfall","Minty Spire (QoL Compilation)","Quick Restart","Rare Cards Sparkle","Replay The Spire","StSLib","The Cursed"],"gold_per_floor":[99,117,127,141,221,5,5,18,33,46,56,68,7,19,29,29,29,29],"floor_reached":16,"playtime":1114,"items_purged":[],"score":100,"play_id":"a1a7e8f9-90ca-4cc6-abf3-30f5e080fa6c","local_time":"20210112125935","is_ascension_mode":false,"campfire_choices":[{"floor":1,"key":"RECALL"}],"circlet_count":0,"master_deck":["Slimebound:Strike_Slimebound","Slimebound:Strike_Slimebound","Slimebound:Strike_Slimebound","Slimebound:Tackle","Slimebound:Defend_Slimebound","Slimebound:Defend_Slimebound","Slimebound:Defend_Slimebound","Slimebound:Defend_Slimebound","Slimebound:Split","Slimebound:CorrosiveSpit","Slimebound:PressTheAttack","Slimebound:GoopSpray","Slimebound:SplitBruiser","Slimebound:PressTheAttack","Slimebound:SplitAcid","Slimebound:Schlurp","Slimebound:MinionMaster","Slimebound:SamplingLick","Slimebound:Prepare","Slimebound:SplitLeeching","Slimebound:Repurpose","Slimebound:FinishingTackle","Slimebound:LeechingTouch","Slimebound:SelfFormingGoo","Slimebound:GrowthPunch"],"relics":["Slimebound:AbsorbEndCombat","Blood Vial","Ancient Tea Set"],"acts_visited":["Exordium"],"potions_floor_usage":[8,9,11,13,15,16],"damage_taken":[{"damage":9,"enemies":"Small Slimes","floor":2,"turns":3},{"damage":16,"enemies":"Jaw Worm","floor":3,"turns":3},{"damage":4,"enemies":"Cultist","floor":4,"turns":3},{"damage":8,"enemies":"downfall:FleeingMerchant","floor":6,"turns":4},{"damage":21,"enemies":"Red Slaver","floor":8,"turns":4},{"damage":15,"enemies":"Large Slime","floor":9,"turns":3},{"damage":8,"enemies":"Exordium Wildlife","floor":10,"turns":3},{"damage":18,"enemies":"Blue Slaver","floor":11,"turns":3},{"damage":26,"enemies":"Red Slaver","floor":12,"turns":4},{"damage":22,"enemies":"downfall:FleeingMerchant","floor":13,"turns":4},{"damage":17,"enemies":"3 Louse","floor":14,"turns":3},{"damage":22,"enemies":"Exordium Thugs","floor":15,"turns":2},{"damage":69,"enemies":"downfall:Defect","floor":16,"turns":5}],"seed_played":"6700525933470207931","potions_obtained":[{"floor":4,"key":"ColorlessPotion"},{"floor":5,"key":"Regen Potion"},{"floor":5,"key":"CultistPotion"},{"floor":10,"key":"sneckomod:MuddlingPotion"},{"floor":12,"key":"SmokeBomb"},{"floor":14,"key":"Death Potion"},{"floor":15,"key":"Death Potion"}],"is_trial":false,"path_per_floor":["R","M","M","M","?","$","T","M","M","M","M","M","$","M","M","B"],"character_chosen":"SLIMEBOUND","items_purchased":["Slimebound:Schlurp","Ancient Tea Set","Slimebound:LeechingTouch"],"campfire_rested":0,"item_purchase_floors":[6,6,13],"current_hp_per_floor":[66,61,53,57,41,59,59,59,62,66,60,52,54,57,49,0,0,0],"gold":29,"neow_bonus":"TEN_PERCENT_HP_BONUS","is_daily":false,"chose_seed":false,"campfire_upgraded":0,"win_rate":0.0,"timestamp":1610474375,"path_taken":["R","M","M","M","?","$","T","M","M","M","M","?","$","M","M","BOSS"],"items_purchased_type":["Card","Relic","Card"],"build_version":"2020-12-22","purchased_purges":0,"victory":false,"max_hp_per_floor":[66,66,66,66,66,66,66,66,66,66,66,66,66,66,66,66,66,66],"card_choices":[{"not_picked":["Slimebound:SplitMire","Slimebound:SlimeSpikes"],"picked":"Slimebound:PressTheAttack","floor":2},{"not_picked":["Slimebound:TongueLash","Slimebound:SplitBruiser"],"picked":"Slimebound:GoopSpray","floor":3},{"not_picked":["Slimebound:Dissolve","Slimebound:GoopSpray"],"picked":"Slimebound:SplitBruiser","floor":4},{"not_picked":["Slimebound:FinishingTackle","Slimebound:FormOfPuddle"],"picked":"Slimebound:PressTheAttack","floor":5},{"not_picked":["Slimebound:SamplingLick","Slimebound:ComboTackle"],"picked":"Slimebound:SplitAcid","floor":6},{"not_picked":["Slimebound:TongueLash","Slimebound:SplitAcid"],"picked":"Slimebound:MinionMaster","floor":8},{"not_picked":["Slimebound:Schlurp","Slimebound:ForwardTackle"],"picked":"Slimebound:SamplingLick","floor":9},{"not_picked":["Slimebound:ComboTackle","Slimebound:Schlurp"],"picked":"Slimebound:Prepare","floor":10},{"not_picked":["Slimebound:ViciousTackle","Slimebound:ComboTackle"],"picked":"Slimebound:SplitLeeching","floor":11},{"not_picked":["Slimebound:GoopSpray","Slimebound:SplitBruiser"],"picked":"Slimebound:Repurpose","floor":12},{"not_picked":["Slimebound:ForwardTackle","Slimebound:ViciousTackle"],"picked":"Slimebound:FinishingTackle","floor":13},{"not_picked":["Slimebound:SlimeSpikes","Slimebound:SplitMire"],"picked":"Slimebound:SelfFormingGoo","floor":14},{"not_picked":["Slimebound:Gluttony","Slimebound:Replication"],"picked":"Slimebound:GrowthPunch","floor":15}],"player_experience":104245,"relics_obtained":[{"floor":5,"key":"Blood Vial"}],"event_choices":[],"is_beta":false,"boss_relics":[],"items_purged_floors":[],"is_endless":false,"potions_floor_spawned":[4,10,12,14,15],"killed_by":"downfall:Defect","ascension_level":0}}