{"host":"2pt9f5ojqg0apn28","time":1610433354,"event":{"mods":["AchievementEnabler","BaseMod","Better Altar","Better Match","Better Note","Better Sensory Stone","Better Skull","Better Third Choice","Colored Map","Colored Powertips","Downfall","Fox Events","Hubris","Infinite Spire","Minty Spire (QoL Compilation)","Replay The Spire","StSLib"],"gold_per_floor":[110,157,157,127,16,16,29,29,152,166,200,200,200,218,218,319,419,430,58,58,70,70,70,70,85,255,380,380,414,433,451,451,551,551,563,578,478,478,9,9,22,39,39,39,59,59,59,59,59,59],"floor_reached":51,"playtime":2522,"items_purged":["Burn","Decay"],"score":655,"play_id":"6f04ce84-645e-4d77-871b-4800d9c7de0b","local_time":"20210112113554","is_ascension_mode":true,"campfire_choices":[{"floor":6.0,"key":"REST"},{"data":"Neutralize","floor":8.0,"key":"SMITH"},{"data":"Sucker Punch","floor":12.0,"key":"SMITH"},{"data":"Quick Slash","floor":15.0,"key":"SMITH"},{"floor":24.0,"key":"REST"},{"floor":32.0,"key":"REST"},{"data":"Envenom","floor":40.0,"key":"SMITH"},{"floor":44.0,"key":"REST"},{"floor":49.0,"key":"REST"}],"circlet_count":1,"master_deck":["Strike_G","Strike_G","Defend_G","Defend_G","Defend_G+1","Defend_G","Defend_G","Survivor","Neutralize+1","Infinite Blades","Quick Slash+1","Underhanded Strike+1","Sucker Punch+1","Flying Knee","Infinite Blades","Poison Darts","ReplayTheSpireMod:Speed Training","Accuracy","infinitespire:UltimateForm","Tactician+1","Cloak And Dagger","Underhanded Strike+1","hubris:SlightOfHand+1","Envenom+1","Flying Knee+1","Deadly Poison","Poisoned Stab","Catalyst+1","Parasite","Backflip"],"relics":["Empty Cage","Circlet","betterThird:SlimedRelic","Regal Pillow","Orichalcum","Sozu","Ice Cream","Replay:Mystery Machine","Kunai","Gremlin Food","Replay:Blank Codex","Pantograph","hubris:RunicObelisk","ReplayTheSpireMod:Ninjato","Vajra","hubris:DeckOfHolding","hubris:Icosahedron"],"acts_visited":["Exordium","TheCity","TheBeyond"],"potions_floor_usage":[],"damage_taken":[{"damage":4.0,"enemies":"Jaw Worm","floor":1.0,"turns":6.0},{"damage":17.0,"enemies":"Colosseum Slavers","floor":2.0,"turns":5.0},{"damage":0.0,"enemies":"2 Louse","floor":7.0,"turns":3.0},{"damage":5.0,"enemies":"Small Slimes","floor":10.0,"turns":3.0},{"damage":14.0,"enemies":"Lagavulin","floor":11.0,"turns":8.0},{"damage":0.0,"enemies":"Blue Slaver","floor":14.0,"turns":4.0},{"damage":25.0,"enemies":"Fading Forest","floor":16.0,"turns":11.0},{"damage":4.0,"enemies":"3 Byrds","floor":18.0,"turns":5.0},{"damage":8.0,"enemies":"Chosen","floor":21.0,"turns":5.0},{"damage":10.0,"enemies":"Slavers","floor":23.0,"turns":2.0},{"damage":19.0,"enemies":"Snake Plant","floor":25.0,"turns":4.0},{"damage":6.0,"enemies":"Replay:Snechameleon","floor":29.0,"turns":7.0},{"damage":14.0,"enemies":"Shelled Parasite and Fungi","floor":30.0,"turns":4.0},{"damage":5.0,"enemies":"Snecko","floor":31.0,"turns":4.0},{"damage":35.0,"enemies":"Champ","floor":33.0,"turns":10.0},{"damage":5.0,"enemies":"3 Shapes","floor":35.0,"turns":5.0},{"damage":0.0,"enemies":"Orb Walker","floor":36.0,"turns":4.0},{"damage":13.0,"enemies":"Transient","floor":41.0,"turns":5.0},{"damage":22.0,"enemies":"Writhing Mass","floor":42.0,"turns":6.0},{"damage":22.0,"enemies":"4 Shapes","floor":45.0,"turns":7.0},{"damage":38,"enemies":"Replay:Hell Engine","floor":50,"turns":8}],"seed_played":"-232969973327671510","potions_obtained":[{"floor":7.0,"key":"Elixir"},{"floor":11.0,"key":"sneckomod:MuddlingPotion"},{"floor":14.0,"key":"SmokeBomb"}],"is_trial":false,"path_per_floor":["M","?","?","?","$","R","M","R","T","M","E","R","?","M","R","B",null,"M","$","?","M","?","E","R","M","T","T","?","E","M","M","R","B",null,"M","M","$","?","$","R","M","M","T","R","M","?","$","?","R","B",null],"character_chosen":"THE_SILENT","items_purchased":["Underhanded Strike+1","Ice Cream","Accuracy","ReplayTheSpireMod:Ninjato","Vajra","Poisoned Stab"],"campfire_rested":5,"item_purchase_floors":[5,19,19,39,39,39],"current_hp_per_floor":[66,49,49,38,38,59,59,59,59,54,40,40,40,40,40,23,70,66,66,48,40,40,30,66,47,47,47,31,25,11,6,42,32,70,65,65,65,65,65,65,52,30,30,66,44,44,44,44,70,32],"gold":59,"neow_bonus":"BOSS_RELIC","is_daily":false,"chose_seed":false,"campfire_upgraded":4,"win_rate":0.0,"timestamp":1610433354,"path_taken":["M","?","?","?","?","R","M","R","T","?","E","R","?","M","R","BOSS","M","$","?","M","?","E","R","M","T","?","?","E","M","M","R","BOSS","M","M","$","?","$","R","?","M","T","R","M","?","?","?","R","BOSS"],"items_purchased_type":["Card","Relic","Card","Relic","Relic","Card"],"build_version":"2020-12-22","purchased_purges":2,"victory":true,"max_hp_per_floor":[70,70,70,70,70,70,70,70,70,70,70,70,70,70,70,70,70,70,70,70,70,70,70,70,70,70,70,70,70,70,70,70,70,70,70,70,70,70,70,70,70,70,70,70,70,70,70,70,70,70],"card_choices":[{"not_picked":["Quick Slash","Expertise"],"picked":"Infinite Blades","floor":1.0},{"not_picked":["Deadly Poison","Outmaneuver"],"picked":"Quick Slash","floor":2.0},{"not_picked":["hubris:SlightOfHand","Slice"],"picked":"Sucker Punch","floor":7.0},{"not_picked":["Deflect","Finisher"],"picked":"Flying Knee","floor":10.0},{"not_picked":["ReplayTheSpireMod:Tripwire","Underhanded Strike"],"picked":"Infinite Blades","floor":11.0},{"not_picked":["Prepared","Slice","hubris:SlightOfHand"],"picked":"SKIP","floor":14.0},{"not_picked":["Wraith Form v2","Atom Bomb"],"picked":"Poison Darts","floor":16.0},{"not_picked":["Prepared+1","Acrobatics"],"picked":"ReplayTheSpireMod:Speed Training","floor":18.0},{"not_picked":["infinitespire:Starlight","ReplayTheSpireMod:Haul"],"picked":"infinitespire:UltimateForm","floor":20.0},{"not_picked":["Terror","PiercingWail"],"picked":"Tactician","floor":21.0},{"not_picked":["PiercingWail","Underhanded Strike","Riddle With Holes"],"picked":"SKIP","floor":25.0},{"not_picked":["Choke","hubris:TrickCloak"],"picked":"Cloak And Dagger","floor":29.0},{"not_picked":["Predator+1","Backflip"],"picked":"Underhanded Strike+1","floor":30.0},{"not_picked":["Sucker Punch+1","Heel Hook"],"picked":"hubris:SlightOfHand+1","floor":31.0},{"not_picked":["Storm of Steel","Unload"],"picked":"Envenom","floor":33.0},{"not_picked":["Underhanded Strike","Acrobatics+1"],"picked":"Flying Knee+1","floor":35.0},{"not_picked":["Dodge and Roll+1","Calculated Gamble+1"],"picked":"Deadly Poison","floor":36.0},{"not_picked":["hubris:TrickCloak","Sucker Punch"],"picked":"Catalyst","floor":41.0},{"not_picked":["Predator","Finisher+1","ReplayTheSpireMod:The Works"],"picked":"SKIP","floor":42.0},{"not_picked":["hubris:Counter","Expertise"],"picked":"Backflip","floor":45.0}],"player_experience":90100,"relics_obtained":[{"floor":2.0,"key":"foxEvents:LuckyCharm"},{"floor":9.0,"key":"Regal Pillow"},{"floor":11.0,"key":"Orichalcum"},{"floor":26.0,"key":"Kunai"},{"floor":27.0,"key":"Gremlin Food"},{"floor":28.0,"key":"Replay:Blank Codex"},{"floor":29.0,"key":"Pantograph"},{"floor":43.0,"key":"hubris:DeckOfHolding"}],"event_choices":[{"damage_healed":49.0,"max_hp_gain":0.0,"max_hp_loss":70.0,"gold_gain":0.0,"event_name":"betterThird:BetterShining","player_choice":"Embrace Burn","floor":3.0,"gold_loss":0.0,"damage_taken":0.0},{"damage_healed":0.0,"max_hp_gain":0.0,"max_hp_loss":0.0,"gold_gain":0.0,"event_name":"betterThird:BetterGoop","player_choice":"Slimed","floor":4.0,"gold_loss":30.0,"damage_taken":11.0},{"cards_removed":["Strike_G"],"damage_healed":0.0,"max_hp_gain":0.0,"max_hp_loss":0.0,"gold_gain":0.0,"event_name":"Living Wall","player_choice":"Forget","floor":13.0,"gold_loss":0.0,"damage_taken":0.0},{"damage_healed":0.0,"max_hp_gain":0.0,"max_hp_loss":0.0,"gold_gain":0.0,"event_name":"Cursed Tome","player_choice":"Obtained Book","floor":28.0,"gold_loss":0.0,"damage_taken":16.0},{"damage_healed":0.0,"max_hp_gain":0.0,"max_hp_loss":0.0,"gold_gain":0.0,"event_name":"Lab","player_choice":"Got Potions","floor":38.0,"gold_loss":0.0,"damage_taken":0.0},{"damage_healed":0.0,"max_hp_gain":0.0,"max_hp_loss":0.0,"gold_gain":0.0,"event_name":"Mysterious Sphere","player_choice":"Ignored","floor":48.0,"gold_loss":0.0,"damage_taken":0.0}],"is_beta":false,"boss_relics":[{"not_picked":["hubris:Backtick","ReplayTheSpireMod:SealedPack"],"picked":"Sozu"},{"not_picked":["Tiny House","hubris:TerracottaHorce"],"picked":"hubris:RunicObelisk"}],"items_purged_floors":[5,37],"is_endless":false,"potions_floor_spawned":[7,11,14,21,25,29,31,42],"ascension_level":3}}