{"host":"3lu18h28pc0a6dwf","time":1610465278,"event":{"mods":["2.2 Compatiblity","Act Like it!","BaseMod","Colored Map","Downfall","Jorbs\u0027s Wanderer Trilogy","Melee Mod","Minty Spire (QoL Compilation)","Rare Cards Sparkle","Replay The Spire","StSLib","The Cursed"],"gold_per_floor":[99,99,99,99,60,60,60,60,89,14,30,55,73,88,104,204,204,204,220,220,236,236,86,137,163,88,88,88,107,123,273,290,394,394,394,410,77,123,137,137,137,152,152,37,66,85,85,101,115,115],"floor_reached":51,"playtime":3861,"items_purged":["Normality","Pain"],"score":685,"play_id":"64655ee8-3145-4a08-bb5e-03859a5f1ec2","local_time":"20210112102758","is_ascension_mode":false,"campfire_choices":[{"floor":1,"key":"RECALL"},{"data":"Slimebound:Grow","floor":6,"key":"SMITH"},{"data":"Slimebound:RejuvenatingLick","floor":10,"key":"SMITH"},{"data":"Slimebound:PrepareCrush","floor":18,"key":"SMITH"},{"data":"Slimebound:SelfFormingGoo","floor":26,"key":"SMITH"},{"data":"Ghostly","floor":28,"key":"SMITH"},{"data":"1","floor":43,"key":"LIFT"},{"data":"2","floor":47,"key":"LIFT"}],"circlet_count":0,"master_deck":["Slimebound:Strike_Slimebound","Slimebound:Tackle","Slimebound:Defend_Slimebound","Slimebound:Defend_Slimebound","Slimebound:Defend_Slimebound","Slimebound:Split","Slimebound:CorrosiveSpit","Slimebound:SplitLeeching","Slimebound:Grow+1","Slimebound:GoopSpray+1","Slimebound:Prepare","Slimebound:RejuvenatingLick+1","Slimebound:DisruptingSlam","Slimebound:AcidTongue","Slimebound:Recollect","Slimebound:PrepareCrush+1","Slimebound:SelfFormingGoo+1","Ghostly+1","Slimebound:FirmFortitude","Slimebound:OneTwoCombo","Slimebound:RallyTheTroops","Slimebound:Chomp","Slimebound:FormOfPuddle+1","Slimebound:Grow+1","Slimebound:ProtectTheBoss","Slimebound:SlimeSlap","Slimebound:Schlurp+1"],"relics":["Slimebound:AbsorbEndCombat","downfall:HeartsMalice","Shuriken","Thread and Needle","Eternal Feather","downfall:HeartBlessingRed","Sozu","Strawberry","downfall:HeartBlessingBlue","ReplayTheSpireMod:Ring of Collecting","Ring of Hypnosis","Coffee Dripper","Gremlin Horn","Girya","WarpedTongs","ReplayTheSpireMod:Ring of Challenge","Replay:Ringing Soul","Blood Vial"],"acts_visited":["Exordium","TheCity","TheBeyond"],"potions_floor_usage":[16,16,16,29],"damage_taken":[{"damage":0,"enemies":"Small Slimes","floor":3,"turns":1},{"damage":0,"enemies":"downfall:FleeingMerchant","floor":5,"turns":1},{"damage":0,"enemies":"Cultist","floor":8,"turns":1},{"damage":19,"enemies":"3 Sentries","floor":9,"turns":6},{"damage":6,"enemies":"Jaw Worm","floor":11,"turns":3},{"damage":25,"enemies":"Lagavulin","floor":12,"turns":5},{"damage":7,"enemies":"Blue Slaver","floor":13,"turns":2},{"damage":10,"enemies":"Large Slime","floor":14,"turns":4},{"damage":4,"enemies":"2 Fungi Beasts","floor":15,"turns":2},{"damage":28,"enemies":"downfall:Silent","floor":16,"turns":8},{"damage":19,"enemies":"Spheric Guardian","floor":19,"turns":4},{"damage":10,"enemies":"Shell Parasite","floor":21,"turns":3},{"damage":21,"enemies":"Cultist and Chosen","floor":29,"turns":7},{"damage":3,"enemies":"Shelled Parasite and Fungi","floor":30,"turns":3},{"damage":33,"enemies":"Snake Plant","floor":32,"turns":4},{"damage":22,"enemies":"downfall:Ironclad","floor":33,"turns":8},{"damage":6,"enemies":"3 Darklings","floor":36,"turns":4},{"damage":0,"enemies":"downfall:FleeingMerchant","floor":37,"turns":4},{"damage":44,"enemies":"2 Orb Walkers","floor":38,"turns":3},{"damage":24,"enemies":"Orb Walker","floor":39,"turns":4},{"damage":20,"enemies":"Spire Growth","floor":42,"turns":4},{"damage":7,"enemies":"downfall:FleeingMerchant","floor":44,"turns":4},{"damage":12,"enemies":"R_Hoarder","floor":45,"turns":5},{"damage":14,"enemies":"4 Shapes","floor":46,"turns":2},{"damage":10,"enemies":"Transient","floor":48,"turns":5},{"damage":17,"enemies":"Sphere and 2 Shapes","floor":49,"turns":2},{"damage":5,"enemies":"downfall:Defect","floor":50,"turns":7}],"seed_played":"-1055099695184281271","potions_obtained":[{"floor":9,"key":"Adrenaline Potion"},{"floor":11,"key":"Guardian:BlockOnCardUsePotion"},{"floor":12,"key":"GamblersBrew"},{"floor":15,"key":"Explosive Potion"},{"floor":16,"key":"Fire Potion"}],"is_trial":false,"path_per_floor":["R","?","M","T","$","R","T","M","E","R","M","E","M","M","M","B",null,"R","M","?","M","?","?","T","T","R","?","R","M","M","?","M","B",null,"R_BF","M","$","?","M","?","T","M","R","$","E","M","R","M","M","B",null],"character_chosen":"SLIMEBOUND","items_purchased":["Slimebound:GoopSpray+1","Gremlin Horn"],"campfire_rested":0,"item_purchase_floors":[5,37],"current_hp_per_floor":[60,60,60,60,60,60,60,60,60,60,60,54,55,57,60,56,60,60,49,49,45,45,45,52,52,71,71,77,67,74,74,52,68,77,77,72,77,59,53,53,53,60,75,80,74,82,83,86,85,89],"gold":115,"neow_bonus":"THREE_ENEMY_KILL","is_daily":false,"chose_seed":false,"campfire_upgraded":5,"win_rate":0.0,"timestamp":1610465278,"path_taken":["R","?","?","?","?","R","T","M","E","R","M","E","?","M","M","BOSS","R","M","?","M","?","?","T","?","R","?","R","?","M","?","M","BOSS","R_BF","M","?","?","M","?","T","M","R","$","E","?","R","M","M","BOSS"],"items_purchased_type":["Card","Relic"],"build_version":"2020-12-22","purchased_purges":2,"victory":true,"max_hp_per_floor":[60,60,60,60,60,60,60,60,60,60,60,60,60,60,60,60,60,60,60,60,60,60,60,67,67,77,77,77,77,77,77,77,77,77,77,77,77,77,77,77,77,80,80,80,80,83,83,86,89,89],"card_choices":[{"not_picked":["Slimebound:FinishingTackle","Slimebound:FlameTackle"],"picked":"Slimebound:SplitLeeching","floor":3},{"not_picked":["Slimebound:BestDefense","Slimebound:SamplingLick"],"picked":"Slimebound:Grow","floor":5},{"not_picked":["Slimebound:LivingWall","Slimebound:SplitAcid"],"picked":"Slimebound:Prepare","floor":8},{"not_picked":["Slimebound:Schlurp","Slimebound:ComboTackle"],"picked":"Slimebound:RejuvenatingLick","floor":9},{"not_picked":["Slimebound:ForwardTackle","Slimebound:SplitLeeching","Slimebound:LeechEnergy"],"picked":"SKIP","floor":11},{"not_picked":["Slimebound:SlimeBarrage","Slimebound:Prepare","Slimebound:SplitBruiser"],"picked":"SKIP","floor":12},{"not_picked":["Slimebound:RollThrough","Slimebound:SplitLeeching"],"picked":"Slimebound:DisruptingSlam","floor":13},{"not_picked":["Slimebound:Prepare","Slimebound:SplitLeeching"],"picked":"Slimebound:AcidTongue","floor":14},{"not_picked":["Slimebound:ViciousTackle","Slimebound:RollThrough"],"picked":"Slimebound:Recollect","floor":15},{"not_picked":["Slimebound:WasteNot","Slimebound:SelfFormingGoo"],"picked":"Slimebound:PrepareCrush","floor":16},{"not_picked":["Slimebound:SlimeSpikes+1","Slimebound:SplitLeeching+1","Slimebound:ComboTackle"],"picked":"SKIP","floor":19},{"not_picked":["Slimebound:PressTheAttack","Slimebound:SplitAcid","Slimebound:SlimeSpikes"],"picked":"SKIP","floor":21},{"not_picked":["Slimebound:SlimeSpikes+1","Slimebound:SplitLeeching","Slimebound:ViciousTackle"],"picked":"SKIP","floor":29},{"not_picked":["Slimebound:GrowthPunch","Slimebound:SplitBruiser"],"picked":"Slimebound:FirmFortitude","floor":30},{"not_picked":["Slimebound:HauntingLick+1","Slimebound:ViciousTackle"],"picked":"Slimebound:OneTwoCombo","floor":32},{"not_picked":["Slimebound:CheckThePlaybook","Slimebound:SelfFormingGoo"],"picked":"Slimebound:RallyTheTroops","floor":33},{"not_picked":["Slimebound:ViciousTackle+1","Slimebound:RollThrough","Slimebound:SlimeSpikes"],"picked":"SKIP","floor":36},{"not_picked":["Slimebound:SamplingLick+1","Slimebound:HungryTackle+1","Slimebound:PressTheAttack+1"],"picked":"SKIP","floor":37},{"not_picked":["Slimebound:Chomp","Slimebound:Schlurp"],"picked":"Slimebound:FormOfPuddle+1","floor":39},{"not_picked":["Slimebound:GoopTackle+1","Slimebound:SplitLeeching+1"],"picked":"Slimebound:Grow+1","floor":42},{"not_picked":["Slimebound:SplitAcid+1","Slimebound:Grow","Slimebound:SlimeBarrage"],"picked":"SKIP","floor":44},{"not_picked":["Slimebound:TongueLash+1","Slimebound:ComboTackle+1","Slimebound:Schlurp"],"picked":"SKIP","floor":45},{"not_picked":["Slimebound:LeechingTouch","Slimebound:ViciousTackle+1"],"picked":"Slimebound:ProtectTheBoss","floor":46},{"not_picked":["Slimebound:Repurpose+1","Slimebound:SplitAcid"],"picked":"Slimebound:SlimeSlap","floor":48},{"not_picked":["Slimebound:SplitBruiser","Slimebound:FirmFortitude"],"picked":"Slimebound:Schlurp+1","floor":49}],"player_experience":245674,"relics_obtained":[{"floor":4,"key":"Shuriken"},{"floor":7,"key":"Thread and Needle"},{"floor":9,"key":"Eternal Feather"},{"floor":12,"key":"ReplayFunnel"},{"floor":24,"key":"Strawberry"},{"floor":27,"key":"ReplayTheSpireMod:Ring of Collecting"},{"floor":27,"key":"Ring of Hypnosis"},{"floor":38,"key":"Girya"},{"floor":41,"key":"ReplayTheSpireMod:Ring of Challenge"},{"floor":41,"key":"Replay:Ringing Soul"},{"floor":45,"key":"Blood Vial"}],"event_choices":[{"cards_removed":["Slimebound:Defend_Slimebound"],"damage_healed":0,"gold_gain":0,"player_choice":"Purged","damage_taken":0,"max_hp_gain":0,"max_hp_loss":0,"event_name":"Purifier","floor":2,"gold_loss":0},{"cards_removed":["Slimebound:Strike_Slimebound"],"damage_healed":0,"gold_gain":0,"player_choice":"Elegance","damage_taken":0,"max_hp_gain":0,"max_hp_loss":0,"event_name":"Back to Basics","floor":20,"gold_loss":0},{"damage_healed":0,"gold_gain":0,"player_choice":"Read","damage_taken":0,"max_hp_gain":0,"max_hp_loss":0,"event_name":"The Library","floor":22,"gold_loss":0,"cards_obtained":["Slimebound:SelfFormingGoo"]},{"damage_healed":0,"gold_gain":0,"player_choice":"Fight","damage_taken":0,"max_hp_gain":0,"max_hp_loss":0,"event_name":"Mysterious Sphere","floor":38,"gold_loss":0},{"damage_healed":0,"gold_gain":0,"player_choice":"Rummage","damage_taken":0,"relics_obtained":["WarpedTongs"],"max_hp_gain":0,"max_hp_loss":0,"event_name":"Accursed Blacksmith","floor":40,"gold_loss":0,"cards_obtained":["Pain"]}],"is_beta":false,"boss_relics":[{"not_picked":["SacredBark","Philosopher\u0027s Stone"],"picked":"Sozu"},{"not_picked":["Snecko Eye","Astrolabe"],"picked":"Coffee Dripper"}],"items_purged_floors":[37,44],"is_endless":false,"potions_floor_spawned":[9,11,12,15,16,19,30,33,36,38,39,48],"ascension_level":0}}