{"host":"rdkrwszfl07lpbj9","time":1610479485,"event":{"mods":["Act Like it!","Aspiration","BaseMod","Beaked The Cultist","Colored Powertips","Downfall","Friendly Minions","Hermit","Infinite Spire","Minty Spire (QoL Compilation)","Replay The Spire","StSLib","The Construct","The Elementalist","The Hierophant","The Jungle","The Marked","The Runesmith"],"gold_per_floor":[99,112,123,123,134,45,45,45,62,62,62,75,60,86,102,102,102,102],"floor_reached":16,"language":"ENG","playtime":1399,"items_purged":[],"score":92,"play_id":"fa6e98b2-8133-42e8-9349-eb87c8aa2aa0","local_time":"20210112112445","is_ascension_mode":false,"campfire_choices":[{"data":"champ:Taunt","floor":1,"key":"SMITH"}],"circlet_count":0,"master_deck":["champ:Strike","champ:Strike","champ:Defend","champ:Defend","champ:Defend","champ:Defend","champ:Execute","champ:Taunt+1","champ:Shatter+1","champ:FocusedBerserking","champ:AdrenalArmor","champ:HoldFirm","champ:ViciousMockery"],"relics":["champ:ChampionCrown","Art of War","infinitespire:Lucky Rock"],"acts_visited":["Exordium"],"potions_floor_usage":[16,16,16],"damage_taken":[{"damage":13,"enemies":"Small Slimes","floor":2,"turns":6},{"damage":6,"enemies":"Cultist","floor":3,"turns":4},{"damage":2,"enemies":"2 Louse","floor":5,"turns":3},{"damage":10,"enemies":"downfall:FleeingMerchant","floor":6,"turns":4},{"damage":13,"enemies":"Large Slime","floor":9,"turns":8},{"damage":39,"enemies":"Exordium Thugs","floor":12,"turns":8},{"damage":14,"enemies":"downfall:FleeingMerchant","floor":13,"turns":4},{"damage":43,"enemies":"Exordium Wildlife","floor":15,"turns":8},{"damage":140,"enemies":"downfall:Ironclad","floor":16,"turns":13}],"seed_played":"-36499775725762760","potions_obtained":[{"floor":5,"key":"SteroidPotion"},{"floor":9,"key":"Strength Potion"},{"floor":15,"key":"champ:TechniquePotion"}],"is_trial":false,"path_per_floor":["R","M","M","?","M","$","T","R","M","?","?","M","$","T","M","B"],"character_chosen":"THE_CHAMP","items_purchased":["champ:HoldFirm"],"campfire_rested":0,"item_purchase_floors":[6],"current_hp_per_floor":[99,86,85,85,83,78,78,78,72,72,72,64,64,64,60,0,0,0],"gold":102,"neow_bonus":"TEN_PERCENT_HP_BONUS","is_daily":false,"chose_seed":false,"campfire_upgraded":1,"win_rate":0.0,"timestamp":1610479485,"path_taken":["R","M","M","?","M","$","T","R","?","?","?","?","?","?","M","BOSS"],"items_purchased_type":["Card"],"build_version":"2020-12-22","purchased_purges":0,"victory":false,"max_hp_per_floor":[99,99,99,99,99,99,99,99,99,99,99,99,99,99,99,99,99,99],"card_choices":[{"not_picked":["champ:TornadoPunch","champ:Haymaker"],"picked":"champ:Shatter","floor":2},{"not_picked":["champ:FanOfKnives","champ:Riposte","champ:Haymaker"],"picked":"SKIP","floor":3},{"not_picked":["champ:Backstep","champ:EnragedBash"],"picked":"champ:FocusedBerserking","floor":5},{"not_picked":["champ:BringItOn","champ:BerserkersShout"],"picked":"champ:AdrenalArmor","floor":6},{"not_picked":["champ:BringItOn","champ:Aggression","champ:CrookedStrike"],"picked":"SKIP","floor":9},{"not_picked":["champ:LastStand","champ:AdrenalArmor"],"picked":"champ:ViciousMockery","floor":12},{"not_picked":["champ:GutPunch","champ:BerserkersShout","champ:GladiatorsShout"],"picked":"SKIP","floor":13},{"not_picked":["champ:TornadoPunch","champ:PerfectedStrike","champ:SkillfulDodge"],"picked":"SKIP","floor":15}],"player_experience":1004122,"relics_obtained":[{"floor":7,"key":"Art of War"},{"floor":14,"key":"infinitespire:Lucky Rock"}],"event_choices":[{"damage_healed":0,"gold_gain":0,"player_choice":"Upgraded","damage_taken":0,"max_hp_gain":0,"max_hp_loss":0,"event_name":"Upgrade Shrine","floor":4,"gold_loss":0,"cards_upgraded":["champ:Shatter"]},{"cards_removed":["champ:Strike"],"damage_healed":0,"gold_gain":0,"player_choice":"Forget","damage_taken":0,"max_hp_gain":0,"max_hp_loss":0,"event_name":"Living Wall","floor":10,"gold_loss":0}],"is_beta":false,"boss_relics":[],"items_purged_floors":[],"is_endless":false,"potions_floor_spawned":[5,9,15],"killed_by":"downfall:Ironclad","ascension_level":0}}