{"host":"1n288js6hgq5nx1s","time":1610471853,"event":{"mods":["AchievementEnabler","BaseMod","Block Reminder","Colored Powertips","Googly Eyes","Minty Spire (QoL Compilation)","Quick Restart","Rare Cards Sparkle","StSLib","The Cursed"],"gold_per_floor":[109,119,137,147,222,222,222,222,246,265,265,265],"floor_reached":11,"playtime":318,"items_purged":[],"score":68,"play_id":"449ebcd5-7707-45cf-8ec3-b2fbf11a60b2","local_time":"20210112211733","is_ascension_mode":true,"campfire_choices":[{"data":"Zap","floor":6.0,"key":"SMITH"},{"data":"Stack","floor":8.0,"key":"SMITH"}],"circlet_count":0,"master_deck":["Strike_B","Strike_B","Strike_B","Strike_B","Defend_B","Defend_B","Defend_B","Defend_B","Zap+1","Dualcast","Recycle","Storm","Stack+1","Capacitor","Pain","Go for the Eyes"],"relics":["Cracked Core","NeowsBlessing","WarpedTongs","Bag of Marbles"],"acts_visited":[],"potions_floor_usage":[],"damage_taken":[{"damage":0.0,"enemies":"Jaw Worm","floor":1.0,"turns":1.0},{"damage":0.0,"enemies":"2 Louse","floor":2.0,"turns":1.0},{"damage":0.0,"enemies":"Cultist","floor":3.0,"turns":1.0},{"damage":10.0,"enemies":"Looter","floor":4.0,"turns":3.0},{"damage":19.0,"enemies":"Large Slime","floor":10.0,"turns":6.0},{"damage":30,"enemies":"3 Sentries","floor":11,"turns":6}],"seed_played":"5662621292165340534","potions_obtained":[{"floor":3.0,"key":"SteroidPotion"},{"floor":4.0,"key":"Swift Potion"}],"is_trial":false,"path_per_floor":["M","M","M","M","?","R","?","R","T","M","E"],"character_chosen":"DEFECT","items_purchased":[],"campfire_rested":0,"item_purchase_floors":[],"current_hp_per_floor":[75,75,75,65,54,54,54,54,54,35,5,5],"gold":265,"neow_bonus":"THREE_ENEMY_KILL","is_daily":false,"chose_seed":false,"campfire_upgraded":2,"win_rate":0.0,"timestamp":1610471853,"path_taken":["M","M","M","M","?","R","?","R","T","M","E"],"items_purchased_type":[],"build_version":"2020-12-22","purchased_purges":0,"victory":false,"max_hp_per_floor":[75,75,75,75,75,75,75,75,75,75,75,75],"card_choices":[{"not_picked":["Steam","Turbo"],"picked":"Recycle","floor":1.0},{"not_picked":["Tempest","Sweeping Beam"],"picked":"Storm","floor":2.0},{"not_picked":["Undo","Sunder"],"picked":"Stack","floor":3.0},{"not_picked":["Reinforced Body","Beam Cell"],"picked":"Capacitor","floor":4.0},{"not_picked":["Rebound","Chill"],"picked":"Go for the Eyes","floor":10.0}],"player_experience":54108,"relics_obtained":[{"floor":9.0,"key":"Bag of Marbles"}],"event_choices":[{"damage_healed":0.0,"max_hp_gain":0.0,"max_hp_loss":0.0,"gold_gain":75.0,"event_name":"World of Goop","player_choice":"Gather Gold","floor":5.0,"gold_loss":0.0,"damage_taken":11.0},{"damage_healed":0.0,"max_hp_gain":0.0,"max_hp_loss":0.0,"gold_gain":0.0,"event_name":"Accursed Blacksmith","player_choice":"Rummage","floor":7.0,"gold_loss":0.0,"damage_taken":0.0,"relics_obtained":["WarpedTongs"],"cards_obtained":["Pain"]}],"is_beta":false,"boss_relics":[],"items_purged_floors":[],"is_endless":false,"potions_floor_spawned":[3,4],"killed_by":"3 Sentries","ascension_level":1}}