{"host":"8fuipfsvjht9cgcs","time":1610489723,"event":{"mods":["AchievementEnabler","BaseMod","Colored Map","Colored Powertips","DeckTracker","Minty Spire (QoL Compilation)","Replay The Spire","StSLib","SuperFastMode","The Gatherer"],"gold_per_floor":[217,115,130,130,130,130,163,163,217,217,231,244,244,270,270,374,374,393,393,406,3,3,3,32,32,56,56,66,32,62,79,79,79,79],"floor_reached":33,"language":"KOR","playtime":1392,"items_purged":["Strike_R","Strike_R"],"score":490,"play_id":"affb6a0c-73cb-430e-86ff-e2b765cd1d6e","local_time":"20210113111523","is_ascension_mode":true,"campfire_choices":[{"data":"Inflame","floor":6.0,"key":"SMITH"},{"data":"Shrug It Off","floor":8.0,"key":"SMITH"},{"data":"Inflame","floor":13.0,"key":"SMITH"},{"data":"True Grit","floor":15.0,"key":"SMITH"},{"data":"Body Slam","floor":23.0,"key":"SMITH"},{"data":"Dual Wield","floor":27,"key":"SMITH"}],"circlet_count":0,"master_deck":["AscendersBane","Strike_R","Defend_R","Defend_R","Defend_R","Defend_R","Bash","Intimidate","Shrug It Off+1","Inflame+1","ReplayTheSpireMod:LeadingStrike+1","Inflame+1","Body Slam+1","Shrug It Off","True Grit+1","Limit Break","Flex+1","Dual Wield+1","Shrug It Off","Jack Of All Trades","Trip","Metallicize","Entrench","Armaments+1","Dark Embrace"],"relics":["Burning Blood","Durian","PreservedInsect","Chameleon Ring","Sozu","Iron Hammer","Juzu Bracelet","ReplayTheSpireMod:ShopPack","Tiny Chest","ReplayTheSpireMod:Lightbulb","Bag of Marbles","Enchiridion"],"acts_visited":["Exordium","TheCity"],"potions_floor_usage":[24],"damage_taken":[{"damage":5.0,"enemies":"2 Louse","floor":1.0,"turns":3.0},{"damage":7.0,"enemies":"Jaw Worm","floor":3.0,"turns":4.0},{"damage":44.0,"enemies":"Replay:BlueRogue","floor":7.0,"turns":6.0},{"damage":7.0,"enemies":"Small Slimes","floor":11.0,"turns":3.0},{"damage":10.0,"enemies":"Red Slaver","floor":12.0,"turns":5.0},{"damage":10.0,"enemies":"3 Sentries","floor":14.0,"turns":5.0},{"damage":18.0,"enemies":"The Guardian","floor":16.0,"turns":11.0},{"damage":0.0,"enemies":"Chosen","floor":18.0,"turns":6.0},{"damage":10.0,"enemies":"2 Thieves","floor":20.0,"turns":4.0},{"damage":0,"enemies":"Gremlin Leader","floor":24,"turns":4},{"damage":13,"enemies":"Snake Plant","floor":28,"turns":4},{"damage":21,"enemies":"Slavers","floor":30,"turns":6},{"damage":51,"enemies":"3 Cultists","floor":31,"turns":7},{"damage":11,"enemies":"Automaton","floor":33,"turns":4}],"seed_played":"1707154825305782206","potions_obtained":[{"floor":1.0,"key":"BloodPotion"},{"floor":7.0,"key":"Fire Potion"},{"floor":10.0,"key":"Fruit Juice"},{"floor":10.0,"key":"Swift Potion"},{"floor":16.0,"key":"Explosive Potion"}],"is_trial":false,"path_per_floor":["M","$","M","?","?","R","E","R","T","?","M","M","R","E","R_BF","B",null,"M","T","M","$","?","R","E","?","T","R","M","$","E","M","R_BF","B"],"character_chosen":"IRONCLAD","items_purchased":["Shrug It Off","Juzu Bracelet","ReplayTheSpireMod:ShopPack","Shrug It Off","Entrench"],"campfire_rested":0,"item_purchase_floors":[2,21,21,21,29],"current_hp_per_floor":[73,73,72,72,65,65,32,32,32,54,53,49,49,45,45,33,76,82,82,78,78,78,78,84,84,84,84,77,77,62,17,1,0,0],"gold":79,"neow_bonus":"HUNDRED_GOLD","is_daily":false,"chose_seed":false,"campfire_upgraded":6,"win_rate":0.0,"timestamp":1610489723,"path_taken":["M","$","M","?","?","R","E","R","T","?","M","M","R","E","R_BF","BOSS","M","?","M","$","?","R","E","?","T","R","M","?","E","M","R_BF","BOSS"],"items_purchased_type":["Card","Relic","Relic","Card","Card"],"build_version":"2020-12-22","purchased_purges":2,"victory":false,"max_hp_per_floor":[80,80,80,80,80,80,85,85,85,90,90,90,90,90,90,90,90,90,90,90,90,90,90,90,90,90,90,90,90,90,90,90,90,90],"card_choices":[{"not_picked":["Massacre","Rupture"],"picked":"Intimidate","floor":1.0},{"not_picked":["Thunderclap","Hemokinesis"],"picked":"Inflame","floor":3.0},{"not_picked":["Body Slam","Power Through"],"picked":"Inflame","floor":7.0},{"not_picked":["Life Link","ReplayTheSpireMod:Strike From Hell"],"picked":"Body Slam","floor":11.0},{"not_picked":["Shockwave","Reckless Charge"],"picked":"Shrug It Off","floor":12.0},{"not_picked":["Metallicize","Replay:Undeath\u0027s Touch"],"picked":"True Grit","floor":14.0},{"not_picked":["Demonic Infusion","Reaper"],"picked":"Limit Break","floor":16.0},{"not_picked":["ReplayTheSpireMod:Limb From Limb+1","Thunderclap"],"picked":"Flex+1","floor":18.0},{"not_picked":["Thunderclap+1","Feel No Pain"],"picked":"Dual Wield","floor":20.0},{"not_picked":["Blind","Swift Strike"],"picked":"Jack Of All Trades","floor":21.0},{"not_picked":["Replay:Bootleg Shield Generator","The Bomb"],"picked":"Trip","floor":21.0},{"not_picked":["Clash","Rupture+1"],"picked":"Metallicize","floor":24},{"not_picked":["Intimidate","Warcry","Clash+1"],"picked":"SKIP","floor":28},{"not_picked":["Massacre","ReplayTheSpireMod:Muscle Training"],"picked":"Armaments+1","floor":30},{"not_picked":["Intimidate+1","True Grit"],"picked":"Dark Embrace","floor":31}],"player_experience":372620,"relics_obtained":[{"floor":7.0,"key":"Durian"},{"floor":9.0,"key":"PreservedInsect"},{"floor":14.0,"key":"Chameleon Ring"},{"floor":19.0,"key":"Iron Hammer"},{"floor":24,"key":"Tiny Chest"},{"floor":26,"key":"ReplayTheSpireMod:Lightbulb"},{"floor":30,"key":"Bag of Marbles"},{"floor":32,"key":"Enchiridion"}],"event_choices":[{"cards_removed":["Strike_R"],"damage_healed":0.0,"max_hp_gain":0.0,"max_hp_loss":0.0,"gold_gain":0.0,"event_name":"Golden Wing","player_choice":"Card Removal","floor":5.0,"gold_loss":0.0,"damage_taken":7.0},{"damage_healed":0.0,"max_hp_gain":0.0,"max_hp_loss":0.0,"gold_gain":0.0,"event_name":"Lab","player_choice":"Got Potions","floor":10.0,"gold_loss":0.0,"damage_taken":0.0},{"damage_healed":0.0,"max_hp_gain":0.0,"max_hp_loss":0.0,"gold_gain":0.0,"event_name":"Vampires","player_choice":"Ignored","floor":22.0,"gold_loss":0.0,"damage_taken":0.0},{"damage_healed":0,"gold_gain":0,"player_choice":"Obtained Book","damage_taken":16,"max_hp_gain":0,"max_hp_loss":0,"event_name":"Cursed Tome","floor":32,"gold_loss":0}],"is_beta":false,"boss_relics":[{"not_picked":["Pandora\u0027s Box","Black Blood"],"picked":"Sozu"}],"items_purged_floors":[2,21],"is_endless":false,"potions_floor_spawned":[1,7,16,20,24,31],"killed_by":"Automaton","ascension_level":11}}