{"host":"e52c7hvho6xny3hd","time":1610464915,"event":{"mods":["AchievementEnabler","BaseMod","Colored Map","DeckTracker","Minty Spire (QoL Compilation)","Permanent Neow","StSLib"],"gold_per_floor":[115,126,146,31,43,43,74,74,146,146,175,193,8,28,28,28,28],"floor_reached":16,"playtime":685,"items_purged":["Strike_R","Strike_R"],"score":218,"play_id":"2f00512c-85ee-431a-8997-8a1e105b2e78","local_time":"20210113002155","is_ascension_mode":true,"campfire_choices":[{"data":"Reaper","floor":6,"key":"SMITH"},{"floor":8,"key":"REST"},{"data":"Twin Strike","floor":10,"key":"SMITH"},{"data":"True Grit","floor":15,"key":"SMITH"}],"circlet_count":0,"master_deck":["AscendersBane","Strike_R","Strike_R","Strike_R","Defend_R","Defend_R","Defend_R","Defend_R","Bash","Twin Strike+1","Carnage","Reaper+1","Thunderclap","Body Slam","Ghostly Armor","Metallicize","Evolve","True Grit+1"],"relics":["Burning Blood","Bag of Preparation","Prayer Wheel","Kunai","Oddly Smooth Stone"],"acts_visited":["Exordium"],"potions_floor_usage":[],"damage_taken":[{"damage":3.0,"enemies":"Cultist","floor":1.0,"turns":5.0},{"damage":2.0,"enemies":"Jaw Worm","floor":2.0,"turns":3.0},{"damage":2,"enemies":"Small Slimes","floor":3,"turns":3},{"damage":7,"enemies":"Exordium Thugs","floor":5,"turns":4},{"damage":65,"enemies":"Lagavulin","floor":7,"turns":7},{"damage":20,"enemies":"3 Sentries","floor":11,"turns":5},{"damage":14,"enemies":"3 Louse","floor":12,"turns":4},{"damage":3,"enemies":"Exordium Wildlife","floor":14,"turns":4},{"damage":93,"enemies":"Slime Boss","floor":16,"turns":13}],"seed_played":"-768641798236110106","potions_obtained":[{"floor":11,"key":"BlessingOfTheForge"},{"floor":12,"key":"FairyPotion"}],"is_trial":false,"path_per_floor":["M","M","M","$","M","R","E","R","T","R","E","M","$","M","R","B"],"character_chosen":"IRONCLAD","items_purchased":["Carnage","Metallicize"],"campfire_rested":1,"item_purchase_floors":[4,13],"current_hp_per_floor":[71,75,75,75,74,74,15,37,37,37,33,35,35,48,48,0,0],"gold":28,"neow_bonus":"RANDOM_COMMON_RELIC","is_daily":false,"chose_seed":false,"campfire_upgraded":3,"win_rate":0.0,"timestamp":1610464915,"path_taken":["M","M","?","$","M","R","E","R","T","R","E","M","$","M","R","BOSS"],"items_purchased_type":["Card","Card"],"build_version":"2020-12-22","purchased_purges":2,"victory":false,"max_hp_per_floor":[75,75,75,75,75,75,75,75,75,75,75,75,75,75,75,75,75],"card_choices":[{"not_picked":["Heavy Blade","Headbutt"],"picked":"Twin Strike","floor":1.0},{"not_picked":["Perfected Strike","Wild Strike","Havoc"],"picked":"SKIP","floor":2.0},{"not_picked":["Wild Strike","Dark Embrace","Pommel Strike"],"picked":"SKIP","floor":3},{"not_picked":["Twin Strike","Armaments"],"picked":"Reaper","floor":5},{"not_picked":["Headbutt","Uppercut"],"picked":"Thunderclap","floor":7},{"not_picked":["Dual Wield","Evolve"],"picked":"Body Slam","floor":11},{"not_picked":["Flex","Rampage"],"picked":"Ghostly Armor","floor":12},{"not_picked":["Flame Barrier","Carnage","Reckless Charge"],"picked":"SKIP","floor":12},{"not_picked":["Cleave","Thunderclap"],"picked":"Evolve","floor":14},{"not_picked":["Blood for Blood","Entrench"],"picked":"True Grit","floor":14}],"player_experience":656898,"relics_obtained":[{"floor":7,"key":"Prayer Wheel"},{"floor":9,"key":"Kunai"},{"floor":11,"key":"Oddly Smooth Stone"}],"event_choices":[],"is_beta":false,"boss_relics":[],"items_purged_floors":[4,13],"is_endless":false,"potions_floor_spawned":[11,12,14],"killed_by":"Slime Boss","ascension_level":19}}