{"host":"31s8hzukbhz1k6i6","time":1610484097,"event":{"mods":["AchievementEnabler","BaseMod","Bestiary","Colored Map","Filter the Spire","Minty Spire (QoL Compilation)","Relic Stats","ojb\u0027s Info Mod"],"gold_per_floor":[119,134,154,154,154,154,189,189,238,163,173,173,208,47,47,124,124,140,140,51,101,101,101,126,141,141,155,155,155],"floor_reached":28,"language":"ENG","playtime":1234,"items_purged":["Defend_R"],"score":488,"play_id":"c6f37028-37e6-4bae-89cb-50dbb8e17fff","local_time":"20210112124137","is_ascension_mode":true,"campfire_choices":[{"data":"Apotheosis","floor":6,"key":"SMITH"},{"data":"Spot Weakness","floor":8,"key":"SMITH"},{"data":"Shrug It Off","floor":12,"key":"SMITH"},{"data":"Feel No Pain","floor":15,"key":"SMITH"},{"data":"Barricade","floor":23,"key":"SMITH"}],"circlet_count":0,"master_deck":["AscendersBane","Strike_R","Strike_R","Defend_R","Defend_R","Defend_R","Bash","Apotheosis+1","Spot Weakness+1","Twin Strike","Double Tap","Sword Boomerang","Shrug It Off+1","Reaper","Feel No Pain+1","Barricade+1","Uppercut","Writhe","Shrug It Off","Pain","True Grit+1"],"relics":["Burning Blood","Orichalcum","Bag of Preparation","Cursed Key","Self Forming Clay","Pocketwatch","Mummified Hand"],"acts_visited":["Exordium","TheCity"],"potions_floor_usage":[7,7,13,16,28],"damage_taken":[{"damage":0,"enemies":"Cultist","floor":1,"turns":6},{"damage":0,"enemies":"Small Slimes","floor":2,"turns":3},{"damage":2,"enemies":"Jaw Worm","floor":3,"turns":4},{"damage":8,"enemies":"Gremlin Nob","floor":7,"turns":3},{"damage":3,"enemies":"2 Fungi Beasts","floor":11,"turns":3},{"damage":20,"enemies":"3 Sentries","floor":13,"turns":8},{"damage":50,"enemies":"The Guardian","floor":16,"turns":11},{"damage":5,"enemies":"Spheric Guardian","floor":18,"turns":5},{"damage":39,"enemies":"Gremlin Leader","floor":24,"turns":7},{"damage":0,"enemies":"Chosen","floor":25,"turns":3},{"damage":23,"enemies":"Snake Plant","floor":27,"turns":4},{"damage":32,"enemies":"Slavers","floor":28,"turns":2}],"seed_played":"-8240313658345270022","potions_obtained":[{"floor":2,"key":"SteroidPotion"},{"floor":3,"key":"FearPotion"},{"floor":7,"key":"GamblersBrew"},{"floor":11,"key":"BloodPotion"},{"floor":18,"key":"ElixirPotion"}],"is_trial":false,"path_per_floor":["M","M","M","?","?","R","E","R","T","?","M","R","E","$","R","B",null,"M","?","$","?","T","R","E","M","T","M","E"],"character_chosen":"IRONCLAD","items_purchased":["Feel No Pain","Uppercut"],"campfire_rested":0,"item_purchase_floors":[14,20],"current_hp_per_floor":[56,62,66,59,59,59,57,57,57,57,60,60,46,46,46,30,64,65,44,44,44,44,44,42,48,48,31,0,0],"gold":155,"neow_bonus":"RANDOM_COLORLESS_2","is_daily":false,"chose_seed":false,"campfire_upgraded":5,"win_rate":0.0,"timestamp":1610484097,"path_taken":["M","?","M","?","?","R","E","R","T","?","M","R","E","$","R","BOSS","M","?","$","?","?","R","E","M","T","M","E"],"items_purchased_type":["Card","Card"],"build_version":"2020-12-22","purchased_purges":1,"victory":false,"max_hp_per_floor":[75,75,75,75,75,75,75,75,75,75,75,75,75,75,75,75,75,75,80,80,80,80,80,80,80,80,80,80,80],"relic_stats":{"counters":[12,59],"Self Forming Clay":[33],"Mummified Hand":[2],"Bag of Preparation":[12],"Orichalcum":[60],"Cursed Key":2,"obtain_stats":[{"Self Forming Clay":22,"Mummified Hand":26,"Bag of Preparation":13,"Orichalcum":7,"Cursed Key":17,"Burning Blood":0,"Pocketwatch":24},{"Self Forming Clay":8,"Mummified Hand":10,"Bag of Preparation":6,"Orichalcum":4,"Cursed Key":7,"Burning Blood":0,"Pocketwatch":9},{"Self Forming Clay":43,"Mummified Hand":53,"Bag of Preparation":27,"Orichalcum":16,"Cursed Key":38,"Burning Blood":0,"Pocketwatch":50}],"Burning Blood":66,"Pocketwatch":[9]},"card_choices":[{"not_picked":["Master of Strategy","Secret Technique"],"picked":"Apotheosis","floor":0},{"not_picked":["Anger","Disarm"],"picked":"Spot Weakness","floor":1},{"not_picked":["Metallicize","Spot Weakness"],"picked":"Twin Strike","floor":2},{"not_picked":["Inflame","Thunderclap","Carnage"],"picked":"SKIP","floor":3},{"not_picked":["Rage","Reckless Charge"],"picked":"Sword Boomerang","floor":7},{"not_picked":["Dropkick","Cleave"],"picked":"Shrug It Off","floor":11},{"not_picked":["Sword Boomerang","Power Through"],"picked":"Reaper","floor":13},{"not_picked":["Juggernaut","Double Tap"],"picked":"Barricade","floor":16},{"not_picked":["Armaments","Wild Strike+1","Flex"],"picked":"SKIP","floor":18},{"not_picked":["Hemokinesis+1","Armaments"],"picked":"Shrug It Off","floor":24},{"not_picked":["Clothesline","Armaments","Pommel Strike+1"],"picked":"SKIP","floor":25},{"not_picked":["Iron Wave","Infernal Blade"],"picked":"True Grit+1","floor":27}],"player_experience":180415,"relics_obtained":[{"floor":7,"key":"Orichalcum"},{"floor":13,"key":"Bag of Preparation"},{"floor":22,"key":"Self Forming Clay"},{"floor":24,"key":"Pocketwatch"},{"floor":26,"key":"Mummified Hand"}],"event_choices":[{"cards_removed":["Strike_R"],"damage_healed":0,"gold_gain":0,"player_choice":"Card Removal","damage_taken":7,"max_hp_gain":0,"max_hp_loss":0,"event_name":"Golden Wing","floor":4,"gold_loss":0},{"damage_healed":0,"gold_gain":0,"cards_transformed":["Strike_R"],"player_choice":"Change","damage_taken":0,"max_hp_gain":0,"max_hp_loss":0,"event_name":"Living Wall","floor":5,"gold_loss":0,"cards_obtained":["Double Tap"]},{"cards_removed":["Strike_R"],"damage_healed":0,"gold_gain":0,"player_choice":"Card Removal","damage_taken":0,"max_hp_gain":0,"max_hp_loss":0,"event_name":"The Cleric","floor":10,"gold_loss":75},{"damage_healed":0,"gold_gain":0,"player_choice":"Shed Blood","damage_taken":26,"max_hp_gain":5,"max_hp_loss":0,"event_name":"Forgotten Altar","floor":19,"gold_loss":0},{"damage_healed":0,"gold_gain":50,"player_choice":"Stole From Cult","damage_taken":0,"max_hp_gain":0,"max_hp_loss":0,"event_name":"Nest","floor":21,"gold_loss":0}],"is_beta":false,"boss_relics":[{"not_picked":["Mark of Pain","Pandora\u0027s Box"],"picked":"Cursed Key"}],"items_purged_floors":[14],"is_endless":false,"potions_floor_spawned":[2,3,7,11,18],"killed_by":"Slavers","ascension_level":20}}