{"host":"o7ymgqw1bx1zbjaa","time":1610456588,"event":{"mods":["2.2 Compatiblity","AchievementEnabler","Act Like it!","Aspiration","BaseMod","Better Altar","Better Match","Better Note","Better Sensory Stone","Better Skull","Better Third Choice","Colored Map","Conspire","Energized Spire","Highlight Path","Hubris","Infinite Spire","Jedi Mod","Marked Mod","Minty Spire (QoL Compilation)","Pale of the Ancients","Permanent Neow","Quick Restart","Random Character Button","Rare Cards Sparkle","Replay The Spire","Spicy Shops","Spikes Relics","StSLib","The Blue Laboratory","Wandering Minibosses"],"gold_per_floor":[112,126,126,137,0,0,0,35,35,35,35,61,61,72,72,72,72],"floor_reached":16,"playtime":1687,"items_purged":[],"score":119,"play_id":"6d261280-e0ec-4f4e-8a04-0584a6b22579","local_time":"20210112070308","is_ascension_mode":true,"campfire_choices":[{"data":"MarkedMod:OneThousandNeedles","floor":6.0,"key":"SMITH"},{"data":"MarkedMod:OneThousandNeedles","floor":11.0,"key":"SMITH"},{"data":"Enlightenment","floor":13,"key":"SMITH"},{"floor":15,"key":"DIG"}],"circlet_count":0,"master_deck":["Strike_P","Strike_P","Strike_P","Strike_P","Defend_P","Defend_P","Defend_P","Defend_P","Eruption","Vigilance","MarkedMod:OneThousandNeedles+1","MarkedMod:GentlePulse","MarkedMod:OneThousandNeedles+1","Wallop","Enlightenment+1","LikeWater","Sanctity"],"relics":["PureWater","Centennial Puzzle","conspire:DecoderRing","Toy Ornithopter","FossilizedHelix","CultistMask","Molten Egg 2","conspire:Dentures"],"acts_visited":["Exordium"],"potions_floor_usage":[],"damage_taken":[{"damage":3.0,"enemies":"conspire:RoseBush","floor":1.0,"turns":5.0},{"damage":2.0,"enemies":"Cultist","floor":2.0,"turns":3.0},{"damage":4.0,"enemies":"Small Slimes","floor":4.0,"turns":5.0},{"damage":25.0,"enemies":"Replay:BlueRogue","floor":8.0,"turns":4.0},{"damage":6,"enemies":"3 Sentries","floor":12,"turns":6},{"damage":0,"enemies":"Blue Slaver","floor":14,"turns":3},{"damage":85,"enemies":"Fading Forest","floor":16,"turns":10}],"seed_played":"-7719623917745260685","potions_obtained":[{"floor":1.0,"key":"SneckoOil"}],"is_trial":false,"path_per_floor":["M","M","?","M","?","R","T","E","T","?","R","E","R","M","R_BF","B"],"character_chosen":"WATCHER","items_purchased":[],"campfire_rested":0,"item_purchase_floors":[],"current_hp_per_floor":[69,67,67,63,69,69,69,44,44,44,44,38,38,38,38,0,0],"gold":72,"neow_bonus":"THREE_CARDS","is_daily":false,"chose_seed":false,"campfire_upgraded":3,"win_rate":0.0,"timestamp":1610456588,"path_taken":["M","M","?","?","?","R","?","E","T","?","R","E","R","?","R_BF","BOSS"],"items_purchased_type":[],"build_version":"2020-12-22","purchased_purges":0,"victory":false,"max_hp_per_floor":[72,72,72,72,78,78,78,78,78,78,78,78,78,78,78,78,78],"card_choices":[{"not_picked":["SandsOfTime","Vengeance"],"picked":"MarkedMod:OneThousandNeedles","floor":0.0},{"not_picked":["CrushJoints","WheelKick"],"picked":"MarkedMod:GentlePulse","floor":1.0},{"not_picked":["FlyingSleeves","Worship"],"picked":"MarkedMod:OneThousandNeedles","floor":2.0},{"not_picked":["FlyingSleeves","FlurryOfBlows"],"picked":"Wallop","floor":4.0},{"not_picked":["CrushJoints","Prostrate","FlurryOfBlows"],"picked":"SKIP","floor":8.0},{"not_picked":["ForeignInfluence","InnerPeace"],"picked":"LikeWater","floor":12},{"not_picked":["Replay:AtTheReady","SashWhip+1"],"picked":"Sanctity","floor":14}],"player_experience":262330,"relics_obtained":[{"floor":7.0,"key":"conspire:DecoderRing"},{"floor":8.0,"key":"Toy Ornithopter"},{"floor":9.0,"key":"FossilizedHelix"},{"floor":12,"key":"Molten Egg 2"},{"floor":15,"key":"conspire:Dentures"}],"event_choices":[{"damage_healed":0.0,"max_hp_gain":0.0,"max_hp_loss":0.0,"gold_gain":0.0,"event_name":"WeMeetAgain","player_choice":"Gave Potion","floor":3.0,"gold_loss":0.0,"damage_taken":0.0,"relics_obtained":["Centennial Puzzle"]},{"damage_healed":0.0,"max_hp_gain":0.0,"max_hp_loss":0.0,"gold_gain":0.0,"event_name":"betterThird:BetterSerpent","player_choice":"RENOUNCE","floor":5.0,"gold_loss":137.0,"damage_taken":137.0,"cards_obtained":["Enlightenment"]},{"damage_healed":0.0,"max_hp_gain":0.0,"max_hp_loss":0.0,"gold_gain":0.0,"event_name":"FaceTrader","player_choice":"Trade","floor":10.0,"gold_loss":0.0,"damage_taken":0.0,"relics_obtained":["CultistMask"]}],"is_beta":false,"boss_relics":[],"items_purged_floors":[],"is_endless":false,"potions_floor_spawned":[1],"killed_by":"Fading Forest","ascension_level":2}}