{"host":"2xe1naorbvdtp4t7","time":1610452168,"event":{"mods":["BaseMod","Colored Map","Colored Powertips","Dark Map","Minty Spire (QoL Compilation)","Random Character Button","Rare Cards Sparkle","Spire Birthday Party"],"gold_per_floor":[115,135,135,9,84,110,110,135,158,158,108,125,125,145,145,245,245,263,263,263,263,263,263,263,263,263,263,7,7,7,0,0,96,96,114,31,51,1050,1050,1050,1075,1086,1165,1165,1175,63,63,83,83,83,83],"floor_reached":50,"playtime":2228,"items_purged":["Writhe"],"score":570,"play_id":"ff07db53-40e2-47fe-a5ca-7f5444bf1a5f","local_time":"20210112124928","is_ascension_mode":false,"campfire_choices":[{"floor":7.0,"key":"REST"},{"data":"Catalyst","floor":13,"key":"SMITH"},{"floor":15,"key":"REST"},{"floor":23,"key":"REST"},{"data":"Bane","floor":25,"key":"SMITH"},{"data":"Dagger Spray","floor":29,"key":"SMITH"},{"floor":32,"key":"REST"},{"floor":40,"key":"REST"},{"floor":44,"key":"REST"},{"floor":47,"key":"REST"},{"floor":49,"key":"REST"}],"circlet_count":0,"master_deck":["Strike_G+1","Strike_G+1","Strike_G+1","Strike_G+1","Strike_G+1","Defend_G+1","Defend_G+1","Defend_G+1","Defend_G+1","Defend_G+1","Survivor","Neutralize","Burst+1","Flying Knee","Bane","Deadly Poison","Bane+1","Dodge and Roll","Deadly Poison","Dagger Spray+1","Catalyst+1","Bouncing Flask","Unload","Outmaneuver+1","PiercingWail","Glass Knife","Caltrops+1","Leg Sweep","Deflect","Deflect+1","Normality","Normality","Dagger Throw+1","Dodge and Roll+1","Shame","Slice","Sadistic Nature","Cloak And Dagger","Blur","Flechettes","Unload","Slice"],"relics":["Ring of the Snake","Juzu Bracelet","MealTicket","Toy Ornithopter","Cursed Key","Mummified Hand","MutagenicStrength","Pear","Empty Cage","Boot","Ninja Scroll","Bag of Preparation","Pocketwatch","Strange Spoon"],"acts_visited":["Exordium","TheCity","TheBeyond"],"potions_floor_usage":[33,42,50,50],"damage_taken":[{"damage":5.0,"enemies":"Small Slimes","floor":1.0,"turns":4.0},{"damage":0.0,"enemies":"2 Louse","floor":2.0,"turns":3.0},{"damage":14.0,"enemies":"3 Sentries","floor":6.0,"turns":10.0},{"damage":17,"enemies":"Lagavulin","floor":8,"turns":5},{"damage":0,"enemies":"Jaw Worm","floor":12,"turns":2},{"damage":10,"enemies":"2 Fungi Beasts","floor":14,"turns":3},{"damage":17,"enemies":"Hexaghost","floor":16,"turns":6},{"damage":5,"enemies":"Chosen","floor":18,"turns":4},{"damage":52,"enemies":"Collector","floor":33,"turns":8},{"damage":15,"enemies":"Orb Walker","floor":35,"turns":3},{"damage":55,"enemies":"3 Darklings","floor":37,"turns":7},{"damage":21,"enemies":"Nemesis","floor":41,"turns":5},{"damage":34,"enemies":"Transient","floor":42,"turns":5},{"damage":18,"enemies":"Sphere and 2 Shapes","floor":45,"turns":5},{"damage":36,"enemies":"3 Darklings","floor":48,"turns":8},{"damage":135,"enemies":"Time Eater","floor":50,"turns":10}],"seed_played":"-1714358882422244165","potions_obtained":[{"floor":1.0,"key":"FairyPotion"},{"floor":16,"key":"GamblersBrew"},{"floor":33,"key":"BlessingOfTheForge"},{"floor":37,"key":"CultistPotion"},{"floor":42,"key":"Fruit Juice"},{"floor":48,"key":"CunningPotion"}],"is_trial":false,"path_per_floor":["M","M","?","$","?","E","R","E","T","?","?","M","R","M","R","B",null,"M","?","?","?","?","R","?","R","T","?","$","R","?","?","R","B",null,"M","$","M","?","?","R","E","M","T","R","M","$","R","M","R","B"],"character_chosen":"THE_SILENT","items_purchased":["Deadly Poison","Bane","Dodge and Roll","Pear","Leg Sweep","Deflect","Bag of Preparation","Pocketwatch","Strange Spoon","Sadistic Nature","Cloak And Dagger","Blur","Flechettes","Unload"],"campfire_rested":8,"item_purchase_floors":[4,4,4,28,36,36,46,46,46,46,46,46,46,46],"current_hp_per_floor":[65,65,65,65,54,40,61,44,44,61,61,61,61,51,67,50,67,62,62,50,50,50,67,67,67,67,67,77,77,63,63,82,35,82,67,82,27,27,48,72,51,27,27,53,35,50,76,40,66,0,0],"gold":83,"neow_bonus":"ONE_RANDOM_RARE_CARD","is_daily":false,"chose_seed":false,"campfire_upgraded":3,"win_rate":0.0,"timestamp":1610452168,"path_taken":["M","M","?","$","?","E","R","E","T","?","?","M","R","M","R","BOSS","M","?","?","?","?","R","?","R","T","?","$","R","?","?","R","BOSS","M","$","M","?","?","R","E","M","T","R","M","?","R","M","R","BOSS"],"items_purchased_type":["Card","Card","Card","Relic","Card","Card","Relic","Relic","Relic","Card","Card","Card","Card","Card"],"build_version":"2020-12-22","purchased_purges":1,"victory":false,"max_hp_per_floor":[70,70,70,70,70,70,70,70,70,70,67,67,67,67,67,67,67,67,67,67,67,67,67,67,67,67,67,77,77,82,82,82,82,82,82,82,82,82,82,82,82,87,87,87,87,87,87,87,87,87,87],"card_choices":[{"not_picked":["Endless Agony","Terror"],"picked":"Flying Knee","floor":1.0},{"not_picked":["Dash","Flechettes"],"picked":"Bane","floor":2.0},{"not_picked":["Flying Knee","Deflect"],"picked":"Deadly Poison","floor":6.0},{"not_picked":["Dodge and Roll","Accuracy"],"picked":"Dagger Spray","floor":8},{"not_picked":["Quick Slash","Noxious Fumes"],"picked":"Catalyst","floor":12},{"not_picked":["Acrobatics","Slice"],"picked":"Bouncing Flask","floor":14},{"not_picked":["Tools of the Trade","Glass Knife"],"picked":"Unload","floor":16},{"not_picked":["Bane","Prepared"],"picked":"Outmaneuver+1","floor":18},{"not_picked":["After Image","Adrenaline"],"picked":"Glass Knife","floor":33},{"not_picked":["Tactician+1","Prepared"],"picked":"Caltrops+1","floor":35},{"not_picked":["Dagger Spray+1","Underhanded Strike+1"],"picked":"Deflect+1","floor":37},{"not_picked":["Glass Knife","Accuracy+1"],"picked":"Dagger Throw+1","floor":41},{"not_picked":["Infinite Blades","Distraction+1"],"picked":"Dodge and Roll+1","floor":42},{"not_picked":["Dagger Spray","Cloak And Dagger"],"picked":"Slice","floor":45},{"not_picked":["Prepared+1","Underhanded Strike"],"picked":"Slice","floor":48}],"player_experience":56779,"relics_obtained":[{"floor":6.0,"key":"Juzu Bracelet"},{"floor":8,"key":"MealTicket"},{"floor":9,"key":"Toy Ornithopter"},{"floor":26,"key":"Mummified Hand"},{"floor":41,"key":"Boot"},{"floor":43,"key":"Ninja Scroll"}],"event_choices":[{"damage_healed":0.0,"max_hp_gain":0.0,"max_hp_loss":0.0,"gold_gain":0.0,"event_name":"Living Wall","player_choice":"Grow","floor":3.0,"gold_loss":0.0,"damage_taken":0.0,"cards_upgraded":["Burst"]},{"damage_healed":0.0,"max_hp_gain":0.0,"max_hp_loss":0.0,"gold_gain":75.0,"event_name":"World of Goop","player_choice":"Gather Gold","floor":5.0,"gold_loss":0.0,"damage_taken":11.0},{"damage_healed":17,"gold_gain":0,"player_choice":"Healed and dodged fight","damage_taken":0,"max_hp_gain":0,"max_hp_loss":0,"event_name":"Mushrooms","floor":10,"gold_loss":0,"cards_obtained":["Parasite"]},{"cards_removed":["Parasite"],"damage_healed":0,"gold_gain":0,"player_choice":"Card Removal","damage_taken":0,"max_hp_gain":0,"max_hp_loss":0,"event_name":"The Cleric","floor":11,"gold_loss":50},{"damage_healed":0,"gold_gain":0,"player_choice":"Simplicity","damage_taken":0,"max_hp_gain":0,"max_hp_loss":0,"event_name":"Back to Basics","floor":19,"gold_loss":0,"cards_upgraded":["Strike_G","Strike_G","Strike_G","Strike_G","Strike_G","Defend_G","Defend_G","Defend_G","Defend_G","Defend_G"]},{"damage_healed":0,"gold_gain":0,"player_choice":"CARD ","damage_taken":12,"max_hp_gain":0,"max_hp_loss":0,"event_name":"Knowing Skull","floor":20,"potions_obtained":[],"gold_loss":0,"cards_obtained":["Jack Of All Trades"]},{"damage_healed":0,"gold_gain":0,"player_choice":"Ignored","damage_taken":0,"max_hp_gain":0,"max_hp_loss":0,"event_name":"Vampires","floor":21,"gold_loss":0},{"damage_healed":0,"gold_gain":0,"player_choice":"Ignored","damage_taken":0,"max_hp_gain":0,"max_hp_loss":0,"event_name":"Ghosts","floor":22,"gold_loss":0},{"damage_healed":0,"gold_gain":0,"player_choice":"Read","damage_taken":0,"max_hp_gain":0,"max_hp_loss":0,"event_name":"The Library","floor":24,"gold_loss":0,"cards_obtained":["PiercingWail"]},{"damage_healed":0,"gold_gain":0,"player_choice":"Inject Mutagens","damage_taken":0,"relics_obtained":["MutagenicStrength"],"max_hp_gain":0,"max_hp_loss":0,"event_name":"Drug Dealer","floor":27,"gold_loss":0},{"damage_healed":0,"gold_gain":0,"player_choice":"Shed Blood","damage_taken":19,"max_hp_gain":5,"max_hp_loss":0,"event_name":"Forgotten Altar","floor":30,"gold_loss":0},{"damage_healed":0,"gold_gain":0,"player_choice":"Paid Fearfully","damage_taken":0,"max_hp_gain":0,"max_hp_loss":0,"event_name":"Masked Bandits","floor":31,"gold_loss":7},{"damage_healed":0,"gold_gain":999,"player_choice":"Gold","damage_taken":0,"max_hp_gain":0,"max_hp_loss":0,"event_name":"MindBloom","floor":38,"gold_loss":0,"cards_obtained":["Normality","Normality"]},{"damage_healed":21,"gold_gain":0,"player_choice":"Writhe","damage_taken":0,"max_hp_gain":0,"max_hp_loss":0,"event_name":"Winding Halls","floor":39,"gold_loss":0,"cards_obtained":["Writhe"]}],"is_beta":false,"boss_relics":[{"not_picked":["Snecko Eye","HoveringKite"],"picked":"Cursed Key"},{"not_picked":["Fusion Hammer","Runic Dome"],"picked":"Empty Cage"}],"items_purged_floors":[46],"is_endless":false,"potions_floor_spawned":[1,16,33,37,42,48],"killed_by":"Time Eater","ascension_level":0}}