{"host":"m5bsg12zcyqnofur","time":1610445847,"event":{"mods":["AchievementEnabler","BaseMod","BetterRewards","Colored Powertips","Downfall","Hermit","Highlight Path","Minty Spire (QoL Compilation)","Quick Restart","Replay The Spire","Shop Mod","StSLib","The Bug Knight"],"gold_per_floor":[118,129,54,73,83,111,111,111,111,136,150,165,41,55,55,157,157,172,186,198,208,235,235,235],"floor_reached":23,"playtime":1520,"items_purged":["HollowMod:NailStrikeStart","HollowMod:QuickDashStart"],"score":207,"play_id":"dae7c54a-acfc-4b73-bebf-0e7c15a559d8","local_time":"20210112040407","is_ascension_mode":false,"campfire_choices":[{"data":"HollowMod:FocusHealStart","floor":7,"key":"SMITH"},{"floor":15,"key":"REST"}],"circlet_count":0,"master_deck":["HollowMod:NailStrikeStart","HollowMod:NailStrikeStart","HollowMod:NailStrikeStart","HollowMod:QuickDashStart","HollowMod:QuickDashStart","HollowMod:QuickDashStart","HollowMod:FocusHealStart+1","HollowMod:PogoStrike","HollowMod:ChannelNail","HollowMod:ChannelNail","HollowMod:ChannelNail","HollowMod:FallenFury","HollowMod:HowlingWraiths","HollowMod:CycloneSlash","HollowMod:DashSlash","HollowMod:MantisMark","HollowMod:CloakDash","HollowMod:theNailsmith","HollowMod:GrimmsGift+1","HollowMod:MantisMark"],"relics":["HollowMod:VesselMask","Bag of Preparation","Mercury Hourglass","Coffee Dripper","Red Mask"],"acts_visited":["Exordium","TheCity"],"potions_floor_usage":[6,6,10,14,21,23],"damage_taken":[{"damage":5,"enemies":"Small Slimes","floor":1,"turns":3},{"damage":8,"enemies":"2 Louse","floor":2,"turns":3},{"damage":6,"enemies":"Jaw Worm","floor":4,"turns":4},{"damage":10,"enemies":"3 Louse","floor":5,"turns":4},{"damage":17,"enemies":"3 Sentries","floor":6,"turns":4},{"damage":27,"enemies":"Gremlin Nob","floor":10,"turns":5},{"damage":5,"enemies":"Blue Slaver","floor":11,"turns":3},{"damage":0,"enemies":"Lots of Slimes","floor":12,"turns":1},{"damage":12,"enemies":"Exordium Wildlife","floor":14,"turns":2},{"damage":20,"enemies":"Slime Boss","floor":16,"turns":8},{"damage":13,"enemies":"HollowMod:HuskSentry","floor":18,"turns":4},{"damage":0,"enemies":"Chosen","floor":19,"turns":3},{"damage":9,"enemies":"Snecko","floor":20,"turns":5},{"damage":17,"enemies":"Centurion and Healer","floor":21,"turns":5},{"damage":20,"enemies":"Masked Bandits","floor":22,"turns":3},{"damage":49,"enemies":"Replay:Snechameleon","floor":23,"turns":5}],"seed_played":"1673146273225476178","potions_obtained":[{"floor":1,"key":"Reflective Coating"},{"floor":4,"key":"DistilledChaos"},{"floor":6,"key":"LifebloodPotion"},{"floor":11,"key":"Regen Potion"},{"floor":16,"key":"ColorlessPotion"},{"floor":20,"key":"Dexterity Potion"},{"floor":22,"key":"SkillPotion"}],"is_trial":false,"path_per_floor":["M","M","$","M","M","E","R","?","T","E","M","M","$","M","R","B",null,"M","M","M","M","?","E"],"character_chosen":"THE_BUGKNIGHT","items_purchased":["HollowMod:ChannelNail","HollowMod:CloakDash"],"campfire_rested":1,"item_purchase_floors":[0,13],"current_hp_per_floor":[70,62,62,56,46,29,29,34,34,13,8,8,8,1,25,11,80,67,73,70,59,39,0,0],"gold":235,"neow_bonus":"","is_daily":false,"chose_seed":false,"campfire_upgraded":1,"win_rate":0.0,"timestamp":1610445847,"path_taken":["M","M","$","M","M","E","R","?","T","E","M","M","$","M","R","BOSS","M","M","M","M","?","E"],"items_purchased_type":["Card","Card"],"build_version":"2020-12-22","purchased_purges":2,"victory":false,"max_hp_per_floor":[75,75,75,75,75,75,75,80,80,80,80,80,80,80,80,80,80,80,80,80,80,80,80,80],"card_choices":[{"not_picked":["HollowMod:NewLittleFool","HollowMod:MonarchWings"],"picked":"HollowMod:ChannelNail","floor":1},{"not_picked":["HollowMod:InfectedAttack","HollowMod:CornifersMapStart","HollowMod:NewJinnsSoul"],"picked":"SKIP","floor":2},{"not_picked":["HollowMod:CornifersMapStart","HollowMod:MawleksShell"],"picked":"HollowMod:FallenFury","floor":4},{"not_picked":["HollowMod:QuirrelsAssistance","HollowMod:HuntersJournal"],"picked":"HollowMod:HowlingWraiths","floor":5},{"not_picked":["HollowMod:LifebloodCore","HollowMod:SiblingsShadow"],"picked":"HollowMod:CycloneSlash","floor":6},{"not_picked":["HollowMod:DoubleDash","HollowMod:InfectedAttack"],"picked":"HollowMod:DashSlash","floor":10},{"not_picked":["HollowMod:QuirrelsAssistance","HollowMod:HuntersJournal"],"picked":"HollowMod:MantisMark","floor":11},{"not_picked":["HollowMod:CornifersMapStart","HollowMod:InfectedCysts","HollowMod:ShadowDash"],"picked":"SKIP","floor":12},{"not_picked":["HollowMod:CrystalDash","HollowMod:GrimmsGift","HollowMod:CornifersMapStart"],"picked":"SKIP","floor":14},{"not_picked":["HollowMod:MidwifesHunger","HollowMod:LifebloodCore"],"picked":"HollowMod:theNailsmith","floor":16},{"not_picked":["HollowMod:HuntersJournal","HollowMod:GreatSlash"],"picked":"HollowMod:GrimmsGift+1","floor":18},{"not_picked":["HollowMod:SoulSplash","HollowMod:DashSlash+1","HollowMod:GoodIntentions"],"picked":"SKIP","floor":19},{"not_picked":["HollowMod:SoulVessel","HollowMod:HowlingWraiths+1","HollowMod:ShadowDash"],"picked":"SKIP","floor":20},{"not_picked":["HollowMod:DescendingDark","HollowMod:DoubleDash","HollowMod:TaintedHusks"],"picked":"SKIP","floor":21},{"not_picked":["HollowMod:NewJinnsSoul+1","HollowMod:HowlingWraiths"],"picked":"HollowMod:MantisMark","floor":22}],"player_experience":176616,"relics_obtained":[{"floor":6,"key":"Bag of Preparation"},{"floor":10,"key":"Mercury Hourglass"},{"floor":22,"key":"Red Mask"}],"event_choices":[{"damage_healed":0,"gold_gain":0,"player_choice":"Donut","damage_taken":0,"max_hp_gain":5,"max_hp_loss":0,"event_name":"Big Fish","floor":8,"gold_loss":0},{"damage_healed":0,"gold_gain":0,"player_choice":"Fought Bandits","damage_taken":0,"max_hp_gain":0,"max_hp_loss":0,"event_name":"Masked Bandits","floor":22,"gold_loss":0}],"is_beta":false,"boss_relics":[{"not_picked":["Ring of Chaos","SacredBark"],"picked":"Coffee Dripper"}],"items_purged_floors":[3,13],"is_endless":false,"potions_floor_spawned":[1,4,6,11,16,20,22],"killed_by":"Replay:Snechameleon","ascension_level":0}}