{"host":"9vk21r6l9dtkpvh9","time":1610471355,"event":{"mods":["100% Spire Juice","2.2 Compatiblity","AchievementEnabler","Act Like it!","Astrologer","Bartender","BaseMod","Better Altar","Better Match","Better Note","Better Sensory Stone","Better Skull","Better Third Choice","BetterRewards","CapriCore","CatGirl Mod","Colored Map","Colored Powertips","Conspire","DeckTracker","Downfall","Energized Spire","Gensokyo","GifTheSpireLib","Hermit","Hubris","Infinite Spire","Jorbs\u0027s Wanderer Trilogy","Koishi","LagranYue(???·?)","Luminous","Mad Scientist","Marisa????????","Mimic Mod","Minty Spire (QoL Compilation)","Potionbrewer","Rare Cards Sparkle","Relic Stats","Replay The Spire","SOS???????","Shade Mod","Spicy Shops","StSLib","SuperFastMode","Td1madao Mod","The Animator","The Forsaken","The Gatherer","The Hierophant","The Immortal","The Jungle","The Marked","The Mystic","The Necromancer","The Runesmith","The Senshi","The Servant 0.9.4","The Valiant","The Wild Card","TheBandit","TheSwordswoman","TheWitcher","WarShipGirlsR/????R mod","vexMod","???Mod??????Boss"],"gold_per_floor":[114,126,136,147,147,173,193,230,230,230,257,257,290,316,316,422,422,440,11,32,32,70,104,116,151,163,175,8,32,32,71,71,174,174,189,201,201],"floor_reached":36,"playtime":2826,"items_purged":["astrologer:Strike"],"score":468,"play_id":"290edb55-bdbf-4fa4-b13e-dbf64650b81f","local_time":"20210112120915","is_ascension_mode":false,"campfire_choices":[{"floor":12,"key":"REST"},{"floor":24,"key":"REST"},{"floor":30,"key":"REST"},{"floor":32,"key":"REST"}],"circlet_count":0,"master_deck":["astrologer:Strike","astrologer:Strike+1","astrologer:Defend","astrologer:Defend+1","astrologer:Defend","astrologer:Defend+1","astrologer:NorthStar","astrologer:TheFool","astrologer:Moonlight","astrologer:Eclipse+1","astrologer:Strength+1","astrologer:TheEmpress","astrologer:MeteorShower","astrologer:Nova","astrologer:Stardust","astrologer:SpaceDust","astrologer:BlackHole+1","astrologer:CosmicExpanse","astrologer:Strength","astrologer:Opposition+1","infinitespire:Oblivion","ReplayUltimateDefense","hubris:DuctTapeCard","astrologer:TheChariot","astrologer:Glimpse+1"],"relics":["astrologer:SkyMirror","LagranYue:RandomDrawCardRelic","Replay:Bandana","Shovel","SlaversCollar","Membership Card","Gremlin Food","Prayer Beads","MawBank","Archangels Feather","Black Star","SnafuTest:CatRelic","potionbrewer:Torch","hubris:DuctTape","Fusion Hammer"],"acts_visited":["Exordium","TheCity","TheBeyond"],"potions_floor_usage":[3,6,8,22,22,25,29,33,35],"damage_taken":[{"damage":1,"enemies":"Cultist","floor":1,"turns":4},{"damage":0,"enemies":"Jaw Worm","floor":2,"turns":6},{"damage":5,"enemies":"Small Slimes","floor":3,"turns":4},{"damage":5,"enemies":"Red Slaver","floor":4,"turns":5},{"damage":19,"enemies":"Gremlin Nob","floor":6,"turns":5},{"damage":12,"enemies":"Large Slime","floor":7,"turns":8},{"damage":20,"enemies":"Lagavulin","floor":8,"turns":8},{"damage":2,"enemies":"Looter","floor":11,"turns":2},{"damage":14,"enemies":"Exordium Thugs","floor":13,"turns":5},{"damage":5,"enemies":"Blue Slaver","floor":14,"turns":5},{"damage":32,"enemies":"The Guardian","floor":16,"turns":15},{"damage":15,"enemies":"Shell Parasite","floor":18,"turns":12},{"damage":1,"enemies":"Chosen","floor":20,"turns":6},{"damage":60,"enemies":"3 Cultists","floor":22,"turns":8},{"damage":0,"enemies":"Slavers","floor":23,"turns":1},{"damage":22,"enemies":"Snake Plant","floor":25,"turns":5},{"damage":12,"enemies":"Shelled Parasite and Fungi","floor":29,"turns":6},{"damage":46,"enemies":"Book of Stabbing","floor":31,"turns":6},{"damage":15,"enemies":"Champ","floor":33,"turns":14},{"damage":32,"enemies":"3 Shapes","floor":35,"turns":6},{"damage":58,"enemies":"3 Darklings","floor":36,"turns":4}],"seed_played":"5831384235802081042","potions_obtained":[{"floor":1,"key":"potionbrewer:DiscountPotion"},{"floor":3,"key":"potionbrewer:BlacksmithPotion"},{"floor":5,"key":"Elixir"},{"floor":6,"key":"potionbrewer:CleansingPotion"},{"floor":13,"key":"Guardian:BlockOnCardUsePotion"},{"floor":14,"key":"Guardian:BlockOnCardUsePotion"},{"floor":22,"key":"SneckoOil"},{"floor":33,"key":"sneckomod:MuddlingPotion"}],"is_trial":false,"path_per_floor":["M","M","M","M","?","E","M","E","T","?","M","R","M","M","R_BF","B",null,"M","$","M","?","M","E","R","M","T","AVR","$","M","R","E","R","B",null,"M","M"],"character_chosen":"ASTROLOGER","items_purchased":["Membership Card","astrologer:Glimpse","Gremlin Food","Prayer Beads","Regen Potion","ReplayUltimateDefense","Block Potion","SnafuTest:CatRelic"],"campfire_rested":4,"item_purchase_floors":[19,19,19,19,19,28,28,28],"current_hp_per_floor":[74,74,69,64,64,45,33,19,19,19,17,41,27,22,46,14,81,66,66,65,65,20,20,44,22,22,22,22,18,42,2,26,15,81,49,0,0],"gold":201,"neow_bonus":"RANDOM_EVENT","is_daily":false,"chose_seed":false,"campfire_upgraded":0,"win_rate":0.0,"timestamp":1610471355,"path_taken":["M","M","M","?","?","E","M","E","T","?","?","R","M","M","R_BF","BOSS","M","$","M","?","M","E","R","M","T","AVR","?","?","R","E","R","BOSS","M","M"],"items_purchased_type":["Relic","Card","Relic","Relic","Potion","Card","Potion","Relic"],"build_version":"2020-12-22","purchased_purges":1,"victory":false,"max_hp_per_floor":[75,75,75,75,75,75,75,81,81,81,81,81,81,81,81,81,81,81,81,81,81,81,81,81,81,81,81,81,81,81,81,81,81,81,81,81,81],"relic_stats":{"Shovel":0,"counters":[21,135],"Black Star":1,"MawBank":60,"obtain_stats":[{"Gremlin Food":19,"LagranYue:RandomDrawCardRelic":0,"hubris:DuctTape":31,"Prayer Beads":19,"vexMod:BerryBomb":8,"MawBank":23,"potionbrewer:Torch":31,"SlaversCollar":17,"SnafuTest:CatRelic":28,"Replay:Bandana":6,"Shovel":9,"Archangels Feather":27,"astrologer:SkyMirror":0,"Fusion Hammer":34,"Black Star":27,"Membership Card":19},{"Gremlin Food":12,"LagranYue:RandomDrawCardRelic":0,"hubris:DuctTape":18,"Prayer Beads":12,"vexMod:BerryBomb":7,"MawBank":15,"potionbrewer:Torch":18,"SlaversCollar":11,"SnafuTest:CatRelic":16,"Replay:Bandana":5,"Shovel":7,"Archangels Feather":16,"astrologer:SkyMirror":0,"Fusion Hammer":19,"Black Star":16,"Membership Card":12},{"Gremlin Food":79,"LagranYue:RandomDrawCardRelic":0,"hubris:DuctTape":111,"Prayer Beads":79,"vexMod:BerryBomb":40,"MawBank":94,"potionbrewer:Torch":111,"SlaversCollar":67,"SnafuTest:CatRelic":99,"Replay:Bandana":24,"Shovel":40,"Archangels Feather":99,"astrologer:SkyMirror":0,"Fusion Hammer":125,"Black Star":99,"Membership Card":79}]},"card_choices":[{"not_picked":["astrologer:CometStrike","astrologer:ReadTheStars"],"picked":"astrologer:Moonlight","floor":1},{"not_picked":["astrologer:Novile","astrologer:Prismatic"],"picked":"astrologer:Eclipse","floor":2},{"not_picked":["astrologer:MeteorShower","astrologer:Stardust"],"picked":"astrologer:Strength","floor":3},{"not_picked":["astrologer:Sunrise","astrologer:Prismatic"],"picked":"astrologer:TheEmpress","floor":4},{"not_picked":["astrologer:Alignment","astrologer:Stardust"],"picked":"astrologer:Glimpse","floor":6},{"not_picked":["astrologer:Moonlight","astrologer:Radiance"],"picked":"astrologer:MeteorShower","floor":7},{"not_picked":["astrologer:Judgement","astrologer:TheEmperor"],"picked":"astrologer:Nova","floor":8},{"not_picked":["astrologer:Conjunction","astrologer:SolarFlare"],"picked":"astrologer:Stardust","floor":11},{"not_picked":["astrologer:Eclipse","astrologer:Still"],"picked":"astrologer:SpaceDust","floor":13},{"not_picked":["astrologer:SolarFlare","astrologer:FrozenStar","astrologer:ReadTheStars"],"picked":"SKIP","floor":14},{"not_picked":["astrologer:Alignment","astrologer:Fate"],"picked":"astrologer:BlackHole","floor":16},{"not_picked":["astrologer:Eclipse","astrologer:Shine","astrologer:TheEmpress"],"picked":"SKIP","floor":18},{"not_picked":["astrologer:TheMoon+1","astrologer:StarOfMisfortune"],"picked":"astrologer:CosmicExpanse","floor":20},{"not_picked":["astrologer:Observe","astrologer:CometStrike"],"picked":"astrologer:Strength","floor":22},{"not_picked":["astrologer:SolarFlare","astrologer:Eclipse"],"picked":"astrologer:Opposition+1","floor":23},{"not_picked":["astrologer:Stardust","astrologer:FrozenStar","astrologer:Eclipse"],"picked":"SKIP","floor":25},{"not_picked":["astrologer:Opposition","astrologer:HeatDeath","astrologer:Eclipse"],"picked":"SKIP","floor":29},{"not_picked":["astrologer:Radiance","astrologer:TheHermit+1","astrologer:Opposition+1"],"picked":"SKIP","floor":31},{"not_picked":["astrologer:RejectReality","astrologer:HeatDeath"],"picked":"astrologer:TheChariot","floor":33},{"not_picked":["astrologer:Conjunction","astrologer:SolarFlare+1"],"picked":"astrologer:Glimpse+1","floor":35}],"player_experience":656405,"relics_obtained":[{"floor":6,"key":"Replay:Bandana"},{"floor":8,"key":"vexMod:BerryBomb"},{"floor":9,"key":"Shovel"},{"floor":23,"key":"MawBank"},{"floor":31,"key":"potionbrewer:Torch"},{"floor":31,"key":"hubris:DuctTape"}],"event_choices":[{"damage_healed":0,"gold_gain":0,"player_choice":"Donut","damage_taken":0,"max_hp_gain":5,"max_hp_loss":0,"event_name":"Big Fish","floor":0,"gold_loss":0},{"damage_healed":0,"gold_gain":0,"player_choice":"Forge","damage_taken":0,"max_hp_gain":0,"max_hp_loss":0,"event_name":"Accursed Blacksmith","floor":10,"gold_loss":0,"cards_upgraded":["astrologer:Strength"]},{"cards_removed":["astrologer:Strike"],"damage_healed":0,"gold_gain":0,"player_choice":"Offered Basic","damage_taken":0,"max_hp_gain":0,"max_hp_loss":0,"event_name":"Bonfire Elementals","floor":21,"gold_loss":0}],"is_beta":false,"boss_relics":[{"not_picked":["energizedSpire:SpiderWeb","vexMod:DeviousBotling"],"picked":"SlaversCollar"},{"not_picked":["theForsaken:PaleLantern","Silver_Glasses"],"picked":"Fusion Hammer"}],"items_purged_floors":[27],"is_endless":false,"potions_floor_spawned":[1,3,6,13,14,20,22,33],"killed_by":"3 Darklings","ascension_level":0}}