{"host":"Rich","time":1610420089,"event":{"mods":["AchievementEnabler","BaseMod","Highlight Path","Minty Spire (QoL Compilation)","Relic Stats"],"gold_per_floor":[116,116,41,59,59,59,59],"floor_reached":6,"playtime":219,"items_purged":[],"score":68,"play_id":"07176dd8-ea63-494a-bf3e-4b4c342ee4e7","local_time":"20210111215449","is_ascension_mode":true,"campfire_choices":[],"circlet_count":0,"master_deck":["AscendersBane","Strike_G","Strike_G","Strike_G","Strike_G","Defend_G","Defend_G","Defend_G","Defend_G","Defend_G","Survivor","Neutralize","Adrenaline+1","Underhanded Strike","Cloak And Dagger"],"relics":["Ring of the Snake"],"acts_visited":["Exordium"],"potions_floor_usage":[6],"damage_taken":[{"damage":3,"enemies":"Cultist","floor":1,"turns":6},{"damage":6,"enemies":"Small Slimes","floor":4,"turns":6},{"damage":2,"enemies":"3 Sentries","floor":6,"turns":6}],"seed_played":"-3531662914544034606","potions_obtained":[{"floor":4,"key":"EssenceOfSteel"},{"floor":5,"key":"Block Potion"}],"is_trial":false,"path_per_floor":["M","?","?","M","?","E"],"character_chosen":"THE_SILENT","items_purchased":[],"campfire_rested":0,"item_purchase_floors":[],"current_hp_per_floor":[56,56,56,50,50,48,48],"gold":59,"neow_bonus":"THREE_RARE_CARDS","is_daily":false,"chose_seed":false,"campfire_upgraded":0,"win_rate":0.0,"timestamp":1610420089,"path_taken":["M","?","?","M","?","E"],"items_purchased_type":[],"build_version":"2020-12-18","purchased_purges":0,"victory":false,"max_hp_per_floor":[60,60,60,60,60,60,60],"relic_stats":{"counters":[3,18],"obtain_stats":[{"Ring of the Snake":0},{"Ring of the Snake":0},{"Ring of the Snake":0}],"Ring of the Snake":[6]},"card_choices":[{"not_picked":["Die Die Die","Doppelganger"],"picked":"Adrenaline","floor":0},{"not_picked":["Prepared","Outmaneuver"],"picked":"Underhanded Strike","floor":1},{"not_picked":["Terror","Acrobatics"],"picked":"Cloak And Dagger","floor":4}],"player_experience":1983531,"relics_obtained":[],"event_choices":[{"damage_healed":0,"gold_gain":0,"player_choice":"Grow","damage_taken":0,"max_hp_gain":0,"max_hp_loss":0,"event_name":"Living Wall","floor":2,"gold_loss":0,"cards_upgraded":["Adrenaline"]},{"cards_removed":["Strike_G"],"damage_healed":0,"gold_gain":0,"player_choice":"Card Removal","damage_taken":0,"max_hp_gain":0,"max_hp_loss":0,"event_name":"The Cleric","floor":3,"gold_loss":75},{"damage_healed":0,"gold_gain":0,"player_choice":"Got Potions","damage_taken":0,"max_hp_gain":0,"max_hp_loss":0,"event_name":"Lab","floor":5,"gold_loss":0}],"is_beta":true,"boss_relics":[],"items_purged_floors":[],"is_endless":false,"potions_floor_spawned":[4],"killed_by":"3 Sentries","ascension_level":20}}