{"host":"raai0vtvcfkt8csp","time":1610490251,"event":{"mods":["2.2 Compatiblity","BaseMod","Beaked The Cultist","Block Reminder","Booster Modes","Clockwork Mod","DeckTracker","Defective Defect","Defuse TimeMaze Blight","Dio Mod","GifTheSpireLib","Infinite Spire","Minty Spire (QoL Compilation)","Quick Restart","Random Character Button","Rare Cards Sparkle","StSLib","The Marked","Unceasing Turn Reminder"],"gold_per_floor":[114,134,60,77,90,116,116,133,205,205,231,231,231,241,241,340,340,355,355,355,374,386,386,421,467,767,785,820,820,853,864,864,961,961,977,996,673,175,225,257,303,312,312,94,94,119,131,153,153,153,153],"floor_reached":50,"language":"ENG","playtime":3219,"items_purged":[],"score":620,"play_id":"4e784720-6671-4a53-acad-9893819e3224","local_time":"20210112232411","is_ascension_mode":true,"campfire_choices":[{"floor":10,"key":"REST"},{"floor":12,"key":"REST"},{"data":"theMarked:HeritageOfTheMarked","floor":15,"key":"SMITH"},{"floor":23,"key":"REST"},{"floor":29,"key":"REST"},{"floor":32,"key":"REST"},{"floor":45,"key":"REST"},{"floor":49,"key":"RECALL"}],"circlet_count":0,"master_deck":["theMarked:Strike+1","theMarked:Strike+1","theMarked:Strike+1","theMarked:Strike+1","theMarked:Strike+1","theMarked:Defend+1","theMarked:Defend+1","theMarked:Defend+1","theMarked:Defend+1","theMarked:SoldierOfQuellstein","theMarked:PowerFlow","theMarked:GodGivenPower","theMarked:HeritageOfTheMarked+1","theMarked:ReduceFriction","theMarked:DeterminationOfTheMarked","theMarked:ComboAttacks","theMarked:WardOff","theMarked:SuspiciousRaven","theMarked:WastefulDefense+1","theMarked:RogueSparks+1","theMarked:EnhanceMovement","theMarked:RepellingDischarge","theMarked:Aftermath+1","theMarked:EnhanceMovement","theMarked:Abjuration","theMarked:HeritageOfTheMarked","theMarked:Static","theMarked:WardOff","Panache","theMarked:HeritageOfTheMarked","theMarked:BanishingWave+1","theMarked:WardOff+1"],"relics":["theMarked:ArtifactOfAir","NeowsBlessing","Omamori","Thread and Needle","Tiny Chest","Happy Flower","Philosopher\u0027s Stone","Bronze Scales","infinitespire:Beetle Shell","Art of War","Old Coin","Smiling Mask","Bag of Marbles","Sozu","Lizard Tail","infinitespire:Joker Card","CeramicFish","Boot","Bottled Lightning","Strange Spoon"],"acts_visited":["Exordium","TheCity","TheBeyond"],"potions_floor_usage":[6,16,28,31,40],"damage_taken":[{"damage":0,"enemies":"2 Louse","floor":1,"turns":1},{"damage":0,"enemies":"Cultist","floor":2,"turns":1},{"damage":0,"enemies":"infinitespire:Voidling","floor":4,"turns":1},{"damage":15,"enemies":"Exordium Wildlife","floor":5,"turns":5},{"damage":3,"enemies":"Lagavulin","floor":6,"turns":5},{"damage":7,"enemies":"Blue Slaver","floor":8,"turns":3},{"damage":56,"enemies":"Gremlin Nob","floor":11,"turns":8},{"damage":0,"enemies":"Large Slime","floor":14,"turns":5},{"damage":15,"enemies":"The Guardian","floor":16,"turns":7},{"damage":19,"enemies":"Spheric Guardian","floor":18,"turns":6},{"damage":10,"enemies":"Shell Parasite","floor":21,"turns":4},{"damage":18,"enemies":"3 Cultists","floor":22,"turns":4},{"damage":0,"enemies":"Book of Stabbing","floor":24,"turns":4},{"damage":0,"enemies":"Chosen and Byrds","floor":27,"turns":4},{"damage":35,"enemies":"Slavers","floor":28,"turns":5},{"damage":1,"enemies":"Book of Stabbing","floor":30,"turns":5},{"damage":9,"enemies":"Snecko","floor":31,"turns":6},{"damage":22,"enemies":"Automaton","floor":33,"turns":9},{"damage":23,"enemies":"Orb Walker","floor":35,"turns":5},{"damage":0,"enemies":"3 Shapes","floor":36,"turns":5},{"damage":15,"enemies":"Mind Bloom Boss Battle","floor":39,"turns":6},{"damage":11,"enemies":"beaked:SuperParasite","floor":40,"turns":6},{"damage":21,"enemies":"Maw","floor":46,"turns":6},{"damage":0,"enemies":"Jaw Worm Horde","floor":47,"turns":1},{"damage":10,"enemies":"4 Shapes","floor":48,"turns":4},{"damage":90,"enemies":"Time Eater","floor":50,"turns":6}],"seed_played":"-343391858623397901","potions_obtained":[{"floor":1,"key":"LiquidBronze"},{"floor":4,"key":"SteroidPotion"},{"floor":5,"key":"SkillPotion"},{"floor":8,"key":"BlessingOfTheForge"},{"floor":16,"key":"Dexterity Potion"},{"floor":28,"key":"LiquidMemories"},{"floor":31,"key":"Weak Potion"}],"is_trial":false,"path_per_floor":["M","M","?","M","M","E","?","M","T","R","E","R","?","M","R","B",null,"M","?","?","M","M","R","E","T","T","M","E","R","E","M","R","B",null,"M","M","$","?","?","E","T","?","T","$","R","M","M","M","R","B"],"character_chosen":"THE_DEFAULT","items_purchased":["Lizard Tail","theMarked:Static","Strange Spoon","theMarked:HeritageOfTheMarked"],"campfire_rested":6,"item_purchase_floors":[37,37,44,44],"current_hp_per_floor":[70,70,70,70,55,52,45,38,38,59,3,24,45,45,45,30,70,51,51,51,41,23,44,44,44,44,44,9,30,29,20,41,19,70,47,47,47,47,32,21,21,21,21,21,42,21,21,11,11,0,0],"gold":153,"neow_bonus":"THREE_ENEMY_KILL","is_daily":false,"chose_seed":false,"campfire_upgraded":1,"win_rate":0.0,"timestamp":1610490251,"path_taken":["M","M","?","?","?","E","?","M","T","R","E","R","?","M","R","BOSS","M","?","?","M","M","R","E","?","T","?","E","R","E","M","R","BOSS","M","M","$","?","?","E","?","?","T","$","R","?","M","M","R","BOSS"],"items_purchased_type":["Relic","Card","Relic","Card"],"build_version":"2020-12-22","purchased_purges":0,"victory":false,"max_hp_per_floor":[70,70,70,70,70,70,70,70,70,70,70,70,70,70,70,70,70,70,70,70,70,70,70,70,70,70,70,70,70,70,70,70,70,70,70,70,70,70,70,70,70,70,70,70,70,70,70,70,70,70,70],"card_choices":[{"not_picked":["theMarked:ChainLightning","theMarked:ShockingTouch"],"picked":"theMarked:PowerFlow","floor":1},{"not_picked":["theMarked:TwofoldDefense","theMarked:Seal"],"picked":"theMarked:GodGivenPower","floor":2},{"not_picked":["theMarked:Aftermath","theMarked:SuspiciousRaven"],"picked":"theMarked:HeritageOfTheMarked","floor":4},{"not_picked":["theMarked:ParalyzingBlade","theMarked:BanishingStrike"],"picked":"theMarked:ReduceFriction","floor":5},{"not_picked":["theMarked:Parry","theMarked:WardOff"],"picked":"theMarked:DeterminationOfTheMarked","floor":6},{"not_picked":["theMarked:ElementalBlade","theMarked:ChainLightning"],"picked":"theMarked:ComboAttacks","floor":8},{"not_picked":["theMarked:Electrify","theMarked:SuspiciousRaven"],"picked":"theMarked:WardOff","floor":11},{"not_picked":["theMarked:StartUp","theMarked:BanishingStrike","theMarked:SwordAndMagic"],"picked":"SKIP","floor":14},{"not_picked":["theMarked:SoldierForm","theMarked:Defy"],"picked":"theMarked:SuspiciousRaven","floor":16},{"not_picked":["theMarked:ComboAttacks","theMarked:ShockingTouch","theMarked:ResourceFulStrike"],"picked":"SKIP","floor":18},{"not_picked":["theMarked:EmpowerWeapon","theMarked:Improvise","theMarked:TunnelVision"],"picked":"SKIP","floor":21},{"not_picked":["theMarked:TunnelVision","theMarked:TwofoldDefense"],"picked":"theMarked:WastefulDefense+1","floor":22},{"not_picked":["theMarked:Aftermath","theMarked:Levitate"],"picked":"theMarked:RogueSparks+1","floor":24},{"not_picked":["theMarked:EmpowerWeapon+1","theMarked:Opportunist"],"picked":"theMarked:EnhanceMovement","floor":27},{"not_picked":["theMarked:ResourceFulStrike","theMarked:ElementalBlade"],"picked":"theMarked:RepellingDischarge","floor":28},{"not_picked":["theMarked:SelfDefenseTraining+1","theMarked:BanishingStrike"],"picked":"theMarked:Aftermath+1","floor":30},{"not_picked":["theMarked:ComboAttacks","theMarked:Standoff"],"picked":"theMarked:EnhanceMovement","floor":31},{"not_picked":["theMarked:Snap","theMarked:SummonStrength"],"picked":"theMarked:Abjuration","floor":33},{"not_picked":["theMarked:HeightenedSenses","theMarked:Improvise+1"],"picked":"theMarked:HeritageOfTheMarked","floor":35},{"not_picked":["theMarked:EmpowerWeapon","theMarked:DeterminationOfTheMarked+1","theMarked:Frustration"],"picked":"SKIP","floor":36},{"not_picked":["theMarked:EmpowerWeapon","theMarked:DeterminationOfTheMarked+1","theMarked:Frustration"],"picked":"SKIP","floor":36},{"not_picked":["infinitespire:TheBestDefense","infinitespire:Menacing"],"picked":"infinitespire:SealOfDarkness+","floor":38},{"not_picked":["theMarked:Aftermath+1","theMarked:BanishingStrike"],"picked":"theMarked:WardOff","floor":39},{"not_picked":["theMarked:TunnelVision+1","theMarked:WastefulDefense+1","theMarked:ShockingTouch+1"],"picked":"SKIP","floor":40},{"not_picked":["PanicButton","Secret Weapon"],"picked":"Panache","floor":42},{"not_picked":["theMarked:ResourceFulStrike","theMarked:Improvise+1"],"picked":"theMarked:BanishingWave+1","floor":46},{"not_picked":["theMarked:Aftermath","theMarked:Frustration","theMarked:LightningStrikesTwice+1"],"picked":"SKIP","floor":47},{"not_picked":["theMarked:RepellingDischarge","theMarked:Reabsorb"],"picked":"theMarked:WardOff+1","floor":48}],"player_experience":873315,"relics_obtained":[{"floor":6,"key":"Thread and Needle"},{"floor":11,"key":"Happy Flower"},{"floor":24,"key":"infinitespire:Beetle Shell"},{"floor":25,"key":"Art of War"},{"floor":26,"key":"Old Coin"},{"floor":28,"key":"Smiling Mask"},{"floor":30,"key":"Bag of Marbles"},{"floor":39,"key":"infinitespire:Joker Card"},{"floor":40,"key":"CeramicFish"},{"floor":41,"key":"Boot"},{"floor":43,"key":"Bottled Lightning"}],"event_choices":[{"damage_healed":0,"gold_gain":0,"player_choice":"Paid Gold","damage_taken":0,"relics_obtained":["Omamori"],"max_hp_gain":0,"max_hp_loss":0,"event_name":"WeMeetAgain","floor":3,"gold_loss":74},{"damage_healed":0,"gold_gain":0,"player_choice":"Success","damage_taken":7,"relics_obtained":["Tiny Chest"],"max_hp_gain":0,"max_hp_loss":0,"event_name":"Scrap Ooze","floor":7,"gold_loss":0},{"damage_healed":0,"gold_gain":0,"player_choice":"Opened","damage_taken":0,"relics_obtained":["Bronze Scales"],"max_hp_gain":0,"max_hp_loss":0,"event_name":"The Mausoleum","floor":19,"gold_loss":0},{"damage_healed":0,"gold_gain":0,"player_choice":"Simplicity","damage_taken":0,"max_hp_gain":0,"max_hp_loss":0,"event_name":"Back to Basics","floor":20,"gold_loss":0,"cards_upgraded":["theMarked:Strike","theMarked:Strike","theMarked:Strike","theMarked:Strike","theMarked:Strike","theMarked:Defend","theMarked:Defend","theMarked:Defend","theMarked:Defend"]},{"damage_healed":0,"gold_gain":0,"player_choice":"Fight","damage_taken":0,"max_hp_gain":0,"max_hp_loss":0,"event_name":"MindBloom","floor":39,"gold_loss":0},{"damage_healed":0,"gold_gain":0,"player_choice":"Memory 1","damage_taken":0,"max_hp_gain":0,"max_hp_loss":0,"event_name":"SensoryStone","floor":42,"gold_loss":0}],"is_beta":false,"boss_relics":[{"not_picked":["beaked:MawFillet","Snecko Eye"],"picked":"Philosopher\u0027s Stone"},{"not_picked":["Fusion Hammer","Pandora\u0027s Box"],"picked":"Sozu"}],"items_purged_floors":[],"is_endless":false,"potions_floor_spawned":[1,4,5,8,16,18,22,28,31,36,40,46],"killed_by":"Time Eater","ascension_level":1}}