{"host":"fuszjwm6fqgjjp4d","time":1610454368,"event":{"mods":["BaseMod","Bestiary","Colored Map","DeckTracker","Minty Spire (QoL Compilation)","Permanent Neow","Relic Sorter","Relic Stats","StSLib"],"gold_per_floor":[119,119,119,139,154,154,167,167,167,167,0,0,0],"floor_reached":12,"playtime":325,"items_purged":[],"score":136,"play_id":"c46983f0-ab2c-455e-8e9f-bafc201427c1","local_time":"20210112062608","is_ascension_mode":true,"campfire_choices":[{"data":"Backstab","floor":6.0,"key":"SMITH"},{"floor":8.0,"key":"REST"}],"circlet_count":0,"master_deck":["AscendersBane","Strike_G","Strike_G","Strike_G+1","Strike_G","Defend_G+1","Defend_G","Defend_G","Defend_G","Defend_G","Survivor","Neutralize","Cloak And Dagger","Backstab+1","Crippling Poison","After Image"],"relics":["Ring of the Snake","Lizard Tail","Molten Egg 2","Gremlin Horn"],"acts_visited":["Exordium"],"potions_floor_usage":[],"damage_taken":[{"damage":6.0,"enemies":"Cultist","floor":1.0,"turns":5.0},{"damage":0.0,"enemies":"Jaw Worm","floor":4.0,"turns":7.0},{"damage":0.0,"enemies":"2 Louse","floor":5.0,"turns":2.0},{"damage":5.0,"enemies":"Large Slime","floor":7.0,"turns":7.0},{"damage":61,"enemies":"Lagavulin","floor":12,"turns":11}],"seed_played":"9213304686803649236","potions_obtained":[{"floor":4.0,"key":"Block Potion"}],"is_trial":false,"path_per_floor":["M","?","?","M","M","R","M","R","T","?","$","E"],"character_chosen":"THE_SILENT","items_purchased":["After Image"],"campfire_rested":1,"item_purchase_floors":[11],"current_hp_per_floor":[38,31,11,11,11,11,6,25,25,20,20,0,0],"gold":0,"neow_bonus":"ONE_RARE_RELIC","is_daily":false,"chose_seed":false,"campfire_upgraded":1,"win_rate":0.0,"timestamp":1610454368,"path_taken":["M","?","?","?","?","R","M","R","T","?","$","E"],"items_purchased_type":["Card"],"build_version":"2020-12-22","purchased_purges":0,"victory":false,"max_hp_per_floor":[66,66,66,66,66,66,66,66,66,66,66,66,66],"relic_stats":{"Lizard Tail":33,"Gremlin Horn":[0,0],"counters":[5,32],"obtain_stats":[{"Lizard Tail":0,"Gremlin Horn":10,"Molten Egg 2":9,"Ring of the Snake":0},{"Lizard Tail":0,"Gremlin Horn":4,"Molten Egg 2":4,"Ring of the Snake":0},{"Lizard Tail":0,"Gremlin Horn":21,"Molten Egg 2":21,"Ring of the Snake":0}],"Ring of the Snake":[10]},"card_choices":[{"not_picked":["Acrobatics","Underhanded Strike"],"picked":"Cloak And Dagger","floor":1.0},{"not_picked":["Dagger Throw","Deflect"],"picked":"Backstab","floor":4.0},{"not_picked":["Underhanded Strike","Calculated Gamble","Bane"],"picked":"SKIP","floor":5.0},{"not_picked":["Underhanded Strike","Bane"],"picked":"Crippling Poison","floor":7.0}],"player_experience":1281128,"relics_obtained":[{"floor":9.0,"key":"Molten Egg 2"}],"event_choices":[{"cards_removed":["Strike_G"],"damage_healed":0.0,"max_hp_gain":0.0,"max_hp_loss":0.0,"gold_gain":0.0,"event_name":"Golden Wing","player_choice":"Card Removal","floor":2.0,"gold_loss":0.0,"damage_taken":7.0},{"damage_healed":0.0,"max_hp_gain":0.0,"max_hp_loss":0.0,"gold_gain":0.0,"event_name":"Shining Light","player_choice":"Entered Light","floor":3.0,"gold_loss":0.0,"damage_taken":20.0,"cards_upgraded":["Defend_G","Strike_G"]},{"damage_healed":0.0,"max_hp_gain":0.0,"max_hp_loss":0.0,"gold_gain":0.0,"event_name":"Scrap Ooze","player_choice":"Success","floor":10.0,"gold_loss":0.0,"damage_taken":5.0,"relics_obtained":["Gremlin Horn"]}],"is_beta":false,"boss_relics":[],"items_purged_floors":[],"is_endless":false,"potions_floor_spawned":[4],"killed_by":"Lagavulin","ascension_level":20}}