{"host":"61r95uy0hn86b9iu","time":1610410217,"event":{"mods":["AchievementEnabler","BaseMod","Better Vampires","BetterRewards","Colored Powertips","Hubris","Minty Spire (QoL Compilation)","Shop Mod","StSLib"],"gold_per_floor":[212,212,225,238,238,272,272,296,296,296,55,130,130,59,59,203,203,228,73,73,93,93,93,132,132,157,182,196,49,49,69,69,192,192,210,210,326,326,182,182,182,206,230,230,230,350,350,368,368,368,368,368,63,94,94,94],"floor_reached":55,"playtime":1873,"items_purged":["Strike_B","Strike_B"],"score":683,"play_id":"0998d364-f7c7-43f6-9463-5ffee9932394","local_time":"20210111181017","is_ascension_mode":false,"campfire_choices":[{"floor":10.0,"key":"REST"},{"floor":15.0,"key":"REST"},{"floor":23.0,"key":"REST"},{"floor":25.0,"key":"REST"},{"floor":32.0,"key":"REST"},{"floor":40.0,"key":"RECALL"},{"floor":44.0,"key":"REST"},{"floor":49.0,"key":"REST"},{"data":"Buffer","floor":52.0,"key":"SMITH"}],"circlet_count":0,"master_deck":["Defend_B","Defend_B","Defend_B","Defend_B","Zap","Dualcast","Coolheaded","Sweeping Beam","hubris:Ukulele","Chaos","Leap","HandOfGreed","Doom and Gloom","Loop","Reboot","Turbo+1","White Noise","Consume+1","Static Discharge","Tempest","White Noise+1","Electrodynamics","Capacitor+1","Buffer+1","Leap+1","Leap+1"],"relics":["FrozenCore","hubris:Towel","Golden Idol","Happy Flower","Omamori","TungstenRod","ClockworkSouvenir","Oddly Smooth Stone","hubris:BallOfYels","hubris:Icosahedron","Inserter","DataDisk","Bronze Scales","HandDrill","Anchor"],"acts_visited":["Exordium","TheCity","TheBeyond","TheEnding"],"potions_floor_usage":[55],"damage_taken":[{"damage":1.0,"enemies":"2 Louse","floor":1.0,"turns":2.0},{"damage":1.0,"enemies":"Jaw Worm","floor":3.0,"turns":4.0},{"damage":6.0,"enemies":"Cultist","floor":4.0,"turns":3.0},{"damage":37.0,"enemies":"Lagavulin","floor":6.0,"turns":9.0},{"damage":15.0,"enemies":"Exordium Wildlife","floor":8.0,"turns":4.0},{"damage":22.0,"enemies":"Slime Boss","floor":16.0,"turns":8.0},{"damage":30.0,"enemies":"2 Thieves","floor":18.0,"turns":5.0},{"damage":11.0,"enemies":"Shell Parasite","floor":21.0,"turns":5.0},{"damage":17.0,"enemies":"Gremlin Leader","floor":24.0,"turns":5.0},{"damage":6.0,"enemies":"Snake Plant","floor":27.0,"turns":5.0},{"damage":0.0,"enemies":"Centurion and Healer","floor":28.0,"turns":4.0},{"damage":8.0,"enemies":"Chosen and Byrds","floor":31.0,"turns":4.0},{"damage":11.0,"enemies":"Automaton","floor":33.0,"turns":7.0},{"damage":13.0,"enemies":"Orb Walker","floor":35.0,"turns":5.0},{"damage":27.0,"enemies":"3 Darklings","floor":37.0,"turns":3.0},{"damage":13.0,"enemies":"Sphere and 2 Shapes","floor":42.0,"turns":5.0},{"damage":6.0,"enemies":"Transient","floor":46.0,"turns":5.0},{"damage":11.0,"enemies":"3 Darklings","floor":48.0,"turns":3.0},{"damage":14.0,"enemies":"Time Eater","floor":50.0,"turns":12.0},{"damage":25.0,"enemies":"Shield and Spear","floor":54.0,"turns":4.0},{"damage":53,"enemies":"The Heart","floor":55,"turns":8}],"seed_played":"-7920220672338852933","potions_obtained":[{"floor":3.0,"key":"DuplicationPotion"},{"floor":6.0,"key":"LiquidBronze"},{"floor":8.0,"key":"Dexterity Potion"},{"floor":21.0,"key":"Explosive Potion"},{"floor":28.0,"key":"Strength Potion"},{"floor":31.0,"key":"FearPotion"},{"floor":33.0,"key":"EssenceOfSteel"},{"floor":46.0,"key":"PotionOfCapacity"}],"is_trial":false,"path_per_floor":["M","?","M","M","?","E","?","M","T","R","$","?","T","$","R","B",null,"M","$","?","M","?","R","E","R","T","M","M","$","?","M","R","B",null,"M","?","M","?","$","R","?","M","T","R","T","M","?","M","R","B",null,"R","$","E","B"],"character_chosen":"DEFECT","items_purchased":["HandOfGreed","Doom and Gloom","Loop","ClockworkSouvenir","Electrodynamics","DataDisk","Energy Potion","HandDrill"],"campfire_rested":7,"item_purchase_floors":[11,11,14,19,29,39,53,53],"current_hp_per_floor":[74,74,73,67,67,30,23,8,8,30,30,19,19,19,41,19,75,45,45,45,34,34,56,39,61,61,55,55,55,55,47,69,58,75,62,62,35,54,54,54,54,41,41,63,63,57,57,46,68,54,75,75,75,50,0,0],"gold":94,"neow_bonus":"HUNDRED_GOLD","is_daily":false,"chose_seed":false,"campfire_upgraded":1,"win_rate":0.0,"timestamp":1610410217,"path_taken":["M","?","M","M","?","E","?","M","T","R","$","?","?","$","R","BOSS","M","$","?","?","?","R","E","R","T","M","?","$","?","M","R","BOSS","M","?","M","?","$","R","?","M","T","R","?","M","?","M","R","BOSS","R","$","E","BOSS"],"items_purchased_type":["Card","Card","Card","Relic","Card","Relic","Potion","Relic"],"build_version":"2020-12-22","purchased_purges":2,"victory":false,"max_hp_per_floor":[75,75,75,75,75,75,75,75,75,75,75,75,75,75,75,75,75,75,75,75,75,75,75,75,75,75,75,75,75,75,75,75,75,75,75,75,75,75,75,75,75,75,75,75,75,75,75,75,75,75,75,75,75,75,75,75],"card_choices":[{"not_picked":["Barrage","Go for the Eyes"],"picked":"Coolheaded","floor":1.0},{"not_picked":["Sweeping Beam","Turbo","Aggregate"],"picked":"SKIP","floor":3.0},{"not_picked":["Turbo","Aggregate"],"picked":"Sweeping Beam","floor":3.0},{"not_picked":["Beam Cell","Recycle"],"picked":"hubris:Ukulele","floor":4.0},{"not_picked":["Steam","Reinforced Body"],"picked":"Chaos","floor":6.0},{"not_picked":["Loop","Redo"],"picked":"Leap","floor":8.0},{"not_picked":["Thunder Strike","hubris:DoWhile"],"picked":"Reboot","floor":16.0},{"not_picked":["Hologram","Barrage"],"picked":"Turbo+1","floor":18.0},{"not_picked":["Turbo","Reinforced Body"],"picked":"White Noise","floor":21.0},{"not_picked":["Coolheaded","Hologram"],"picked":"Static Discharge","floor":24.0},{"not_picked":["Hologram","Fusion"],"picked":"Tempest","floor":27.0},{"not_picked":["Stack+1","Beam Cell"],"picked":"White Noise+1","floor":28.0},{"not_picked":["Hologram","Compile Driver"],"picked":"Capacitor+1","floor":31.0},{"not_picked":["Reboot","Machine Learning"],"picked":"Buffer","floor":33.0},{"not_picked":["Hello World+1","BootSequence"],"picked":"Leap+1","floor":35.0},{"not_picked":["Hello World+1","Heatsinks+1","Double Energy"],"picked":"SKIP","floor":37.0},{"not_picked":["Rebound","Melter","Hologram"],"picked":"SKIP","floor":42.0},{"not_picked":["BootSequence","Genetic Algorithm","Compile Driver"],"picked":"SKIP","floor":46.0},{"not_picked":["Gash+1","Scrape+1"],"picked":"Leap+1","floor":48.0},{"not_picked":["hubris:SpecializedCircuitry","Self Repair+1","Steam+1"],"picked":"SKIP","floor":54}],"player_experience":3271007,"relics_obtained":[{"floor":6.0,"key":"Happy Flower"},{"floor":9.0,"key":"Omamori"},{"floor":13.0,"key":"TungstenRod"},{"floor":24.0,"key":"Oddly Smooth Stone"},{"floor":26.0,"key":"hubris:BallOfYels"},{"floor":45.0,"key":"Bronze Scales"},{"floor":54,"key":"Anchor"}],"event_choices":[{"damage_healed":0.0,"max_hp_gain":0.0,"max_hp_loss":0.0,"gold_gain":0.0,"event_name":"Golden Idol","player_choice":"Take Wound","floor":5.0,"gold_loss":0.0,"damage_taken":0.0,"relics_obtained":["Golden Idol"],"cards_obtained":["Injury"]},{"cards_removed":["Injury"],"damage_healed":0.0,"max_hp_gain":0.0,"max_hp_loss":0.0,"gold_gain":0.0,"event_name":"Golden Wing","player_choice":"Card Removal","floor":7.0,"gold_loss":0.0,"damage_taken":7.0},{"damage_healed":0.0,"max_hp_gain":0.0,"max_hp_loss":0.0,"gold_gain":75.0,"event_name":"World of Goop","player_choice":"Gather Gold","floor":12.0,"gold_loss":0.0,"damage_taken":11.0},{"cards_removed":["Strike_B"],"damage_healed":0.0,"max_hp_gain":0.0,"max_hp_loss":0.0,"gold_gain":0.0,"event_name":"Purifier","player_choice":"Purged","floor":20.0,"gold_loss":0.0,"damage_taken":0.0},{"damage_healed":0.0,"max_hp_gain":0.0,"max_hp_loss":0.0,"gold_gain":0.0,"event_name":"The Library","player_choice":"Read","floor":22.0,"gold_loss":0.0,"damage_taken":0.0,"cards_obtained":["Consume"]},{"damage_healed":19.0,"max_hp_gain":0.0,"max_hp_loss":0.0,"gold_gain":0.0,"event_name":"Winding Halls","player_choice":"Writhe","floor":38.0,"gold_loss":0.0,"damage_taken":0.0,"cards_obtained":["Writhe"]},{"damage_healed":0.0,"max_hp_gain":0.0,"max_hp_loss":0.0,"gold_gain":0.0,"event_name":"Tomb of Lord Red Mask","player_choice":"Ignored","floor":41.0,"gold_loss":0.0,"damage_taken":0.0},{"cards_removed":["Strike_B"],"damage_healed":0.0,"max_hp_gain":0.0,"max_hp_loss":0.0,"gold_gain":0.0,"event_name":"Falling","player_choice":"Removed Attack","floor":47.0,"gold_loss":0.0,"damage_taken":0.0}],"is_beta":false,"boss_relics":[{"not_picked":["Cursed Key","Runic Pyramid"],"picked":"FrozenCore"},{"not_picked":["hubris:CrackedHourglass","hubris:RunicObelisk"],"picked":"Inserter"}],"items_purged_floors":[29,53],"is_endless":false,"potions_floor_spawned":[3,6,8,21,28,31,33,46],"killed_by":"The Heart","ascension_level":0}}