{"host":"3a1ypf1irl30q4k8","time":1610454024,"event":{"mods":["AchievementEnabler","BaseMod","Bestiary","Colored Map","Minty Spire (QoL Compilation)","Relic Stats"],"gold_per_floor":[115,130,130,145,145,186,211,256,268,245,257,294,321,364,376,512,524,557,608,620,620],"floor_reached":20,"playtime":884,"items_purged":[],"score":200,"play_id":"62a79379-248d-4b83-8deb-f0bdb766d39c","local_time":"20210112122024","is_ascension_mode":true,"campfire_choices":[{"data":"True Grit","floor":11,"key":"SMITH"},{"data":"Fire Breathing","floor":15,"key":"SMITH"}],"circlet_count":0,"master_deck":["Strike_R","Strike_R","Strike_R","Strike_R","Strike_R","Defend_R","Defend_R+1","Defend_R+1","Defend_R","Bash","Bludgeon","Wild Strike","Pommel Strike","Iron Wave+1","Brutality","True Grit+1","Shrug It Off","Fire Breathing+1","Barricade","Carnage","Ghostly Armor"],"relics":["Black Blood","Golden Idol","Centennial Puzzle","MawBank","War Paint","Incense Burner","Odd Mushroom","Red Mask"],"acts_visited":["Exordium","TheCity"],"potions_floor_usage":[8],"damage_taken":[{"damage":3,"enemies":"2 Louse","floor":1,"turns":3},{"damage":5,"enemies":"Small Slimes","floor":2,"turns":2},{"damage":7,"enemies":"Jaw Worm","floor":4,"turns":2},{"damage":22,"enemies":"3 Sentries","floor":6,"turns":6},{"damage":16,"enemies":"Gremlin Nob","floor":8,"turns":3},{"damage":0,"enemies":"Looter","floor":12,"turns":4},{"damage":1,"enemies":"2 Fungi Beasts","floor":13,"turns":3},{"damage":21,"enemies":"The Mushroom Lair","floor":14,"turns":4},{"damage":48,"enemies":"Hexaghost","floor":16,"turns":11},{"damage":7,"enemies":"Chosen","floor":18,"turns":6},{"damage":68,"enemies":"Masked Bandits","floor":19,"turns":10},{"damage":19,"enemies":"Shell Parasite","floor":20,"turns":6}],"seed_played":"-1631727679278262920","potions_obtained":[{"floor":1,"key":"DuplicationPotion"},{"floor":14,"key":"FairyPotion"},{"floor":19,"key":"GamblersBrew"}],"is_trial":false,"path_per_floor":["M","M","?","M","?","E","T","E","T","?","R","M","M","?","R","B",null,"M","?","M"],"character_chosen":"IRONCLAD","items_purchased":[],"campfire_rested":0,"item_purchase_floors":[],"current_hp_per_floor":[72,72,54,53,53,37,37,27,27,45,45,51,56,41,41,21,72,72,16,0,0],"gold":620,"neow_bonus":"THREE_RARE_CARDS","is_daily":false,"chose_seed":false,"campfire_upgraded":2,"win_rate":0.0,"timestamp":1610454024,"path_taken":["M","M","?","M","?","E","?","E","T","?","R","M","M","?","R","BOSS","M","?","M"],"items_purchased_type":[],"build_version":"2020-12-22","purchased_purges":0,"victory":false,"max_hp_per_floor":[72,72,72,72,72,72,72,72,72,72,72,72,72,72,72,72,72,72,72,72,72],"relic_stats":{"Centennial Puzzle":[21],"counters":[12,60],"Golden Idol":69,"Black Blood":69,"War Paint":["Defend_R","Defend_R"],"MawBank":156,"obtain_stats":[{"Centennial Puzzle":6,"Golden Idol":3,"Black Blood":17,"Incense Burner":9,"Red Mask":19,"War Paint":8,"Odd Mushroom":14,"MawBank":7,"Burning Blood":0},{"Centennial Puzzle":4,"Golden Idol":2,"Black Blood":9,"Incense Burner":5,"Red Mask":11,"War Paint":5,"Odd Mushroom":8,"MawBank":4,"Burning Blood":0},{"Centennial Puzzle":13,"Golden Idol":5,"Black Blood":38,"Incense Burner":16,"Red Mask":54,"War Paint":16,"Odd Mushroom":27,"MawBank":13,"Burning Blood":0}]},"card_choices":[{"not_picked":["Corruption","Demon Form"],"picked":"Bludgeon","floor":0},{"not_picked":["Second Wind","Armaments"],"picked":"Wild Strike","floor":1},{"not_picked":["Perfected Strike","Whirlwind"],"picked":"Pommel Strike","floor":2},{"not_picked":["Warcry","Perfected Strike"],"picked":"Iron Wave","floor":4},{"not_picked":["Cleave","Armaments"],"picked":"Brutality","floor":6},{"not_picked":["Reckless Charge","Flex"],"picked":"True Grit","floor":8},{"not_picked":["Rage","Perfected Strike"],"picked":"Shrug It Off","floor":12},{"not_picked":["Body Slam","Flex","Limit Break"],"picked":"SKIP","floor":13},{"not_picked":["Warcry","Heavy Blade"],"picked":"Fire Breathing","floor":14},{"not_picked":["Impervious","Juggernaut"],"picked":"Barricade","floor":16},{"not_picked":["Havoc+1","Combust"],"picked":"Carnage","floor":18},{"not_picked":["Anger","Rampage+1"],"picked":"Ghostly Armor","floor":19}],"player_experience":1031675,"relics_obtained":[{"floor":6,"key":"Centennial Puzzle"},{"floor":7,"key":"MawBank"},{"floor":8,"key":"War Paint"},{"floor":9,"key":"Incense Burner"},{"floor":14,"key":"Odd Mushroom"},{"floor":19,"key":"Red Mask"}],"event_choices":[{"damage_healed":0,"gold_gain":0,"player_choice":"Take Damage","damage_taken":18,"relics_obtained":["Golden Idol"],"max_hp_gain":0,"max_hp_loss":0,"event_name":"Golden Idol","floor":3,"gold_loss":0},{"damage_healed":0,"gold_gain":0,"player_choice":"Grow","damage_taken":0,"max_hp_gain":0,"max_hp_loss":0,"event_name":"Living Wall","floor":5,"gold_loss":0,"cards_upgraded":["Iron Wave"]},{"damage_healed":18,"gold_gain":0,"player_choice":"Healed","damage_taken":0,"max_hp_gain":0,"max_hp_loss":0,"event_name":"The Cleric","floor":10,"gold_loss":35},{"damage_healed":0,"gold_gain":0,"player_choice":"Fought Mushrooms","damage_taken":0,"max_hp_gain":0,"max_hp_loss":0,"event_name":"Mushrooms","floor":14,"gold_loss":0},{"damage_healed":0,"gold_gain":0,"player_choice":"Fought Bandits","damage_taken":0,"max_hp_gain":0,"max_hp_loss":0,"event_name":"Masked Bandits","floor":19,"gold_loss":0}],"is_beta":false,"boss_relics":[{"not_picked":["Velvet Choker","Busted Crown"],"picked":"Black Blood"}],"items_purged_floors":[],"is_endless":false,"potions_floor_spawned":[1,14,19],"killed_by":"Shell Parasite","ascension_level":2}}