{"host":"2j20xog1nl5ontbj","time":1610473861,"event":{"mods":["BaseMod","Colored Map","Minty Spire (QoL Compilation)","Quick Restart","StSLib"],"gold_per_floor":[118,68,80,90,90,120,134,134,134,134,134,10,10,24,24,148,148,169,200,200,200,200],"floor_reached":21,"playtime":872,"items_purged":["Regret"],"score":177,"play_id":"38ee9f65-c518-46b5-a986-59097ce2ee3c","local_time":"20210113015101","is_ascension_mode":false,"campfire_choices":[{"floor":10.0,"key":"RECALL"},{"floor":13.0,"key":"REST"},{"data":"Armaments","floor":15.0,"key":"SMITH"}],"circlet_count":0,"master_deck":["Strike_R","Strike_R","Strike_R","Strike_R","Defend_R","Defend_R","Defend_R","Defend_R","Bash","Madness","Pommel Strike","Armaments+1","Searing Blow","Demon Form","Shrug It Off+1"],"relics":["Burning Blood","Regal Pillow","Meat on the Bone","CaptainsWheel","Golden Idol","Philosopher\u0027s Stone","Red Mask","Enchiridion"],"acts_visited":["Exordium","TheCity"],"potions_floor_usage":[],"damage_taken":[{"damage":5.0,"enemies":"Jaw Worm","floor":1.0,"turns":5.0},{"damage":9.0,"enemies":"2 Louse","floor":3.0,"turns":3.0},{"damage":1.0,"enemies":"Cultist","floor":4.0,"turns":3.0},{"damage":73.0,"enemies":"Lagavulin","floor":6.0,"turns":9.0},{"damage":6.0,"enemies":"2 Fungi Beasts","floor":7.0,"turns":5.0},{"damage":6.0,"enemies":"Exordium Thugs","floor":14.0,"turns":4.0},{"damage":23.0,"enemies":"Slime Boss","floor":16.0,"turns":11.0},{"damage":15.0,"enemies":"Shell Parasite","floor":18.0,"turns":5.0},{"damage":58.0,"enemies":"Masked Bandits","floor":19.0,"turns":7.0},{"damage":0,"enemies":"3 Byrds","floor":21,"turns":1}],"seed_played":"7260428556587906973","potions_obtained":[{"floor":4.0,"key":"ElixirPotion"},{"floor":6.0,"key":"LiquidMemories"},{"floor":16.0,"key":"Weak Potion"},{"floor":18.0,"key":"SpeedPotion"}],"is_trial":false,"path_per_floor":["M","?","M","M","?","E","M","T","T","R","?","$","R","M","R","B",null,"M","?","?","M"],"character_chosen":"IRONCLAD","items_purchased":["AttackPotion"],"campfire_rested":1,"item_purchase_floors":[12],"current_hp_per_floor":[80,80,77,80,80,13,25,25,25,25,25,25,62,62,62,45,74,65,25,9,9,9],"gold":200,"neow_bonus":"RANDOM_COLORLESS","is_daily":false,"chose_seed":false,"campfire_upgraded":1,"win_rate":0.0,"timestamp":1610473861,"path_taken":["M","?","M","M","?","E","M","?","T","R","?","$","R","M","R","BOSS","M","?","?","M"],"items_purchased_type":["Potion"],"build_version":"2020-12-22","purchased_purges":1,"victory":false,"max_hp_per_floor":[80,80,80,80,80,80,80,80,80,80,74,74,74,74,74,74,74,74,74,74,74,74],"card_choices":[{"not_picked":["Finesse","Deep Breath"],"picked":"Madness","floor":0.0},{"not_picked":["Intimidate","Thunderclap"],"picked":"Pommel Strike","floor":1.0},{"not_picked":["Headbutt","Anger","Iron Wave"],"picked":"SKIP","floor":3.0},{"not_picked":["Entrench","Dual Wield"],"picked":"Armaments","floor":4.0},{"not_picked":["Blood for Blood","Fire Breathing"],"picked":"Searing Blow","floor":6.0},{"not_picked":["Carnage","Cleave","Sword Boomerang"],"picked":"SKIP","floor":7.0},{"not_picked":["Anger","Headbutt","Perfected Strike"],"picked":"SKIP","floor":14.0},{"not_picked":["Limit Break","Fiend Fire"],"picked":"Demon Form","floor":16.0},{"not_picked":["Flex","Pommel Strike"],"picked":"Shrug It Off+1","floor":18.0}],"player_experience":161587,"relics_obtained":[{"floor":6.0,"key":"Meat on the Bone"},{"floor":9.0,"key":"CaptainsWheel"},{"floor":19.0,"key":"Red Mask"},{"floor":20.0,"key":"Enchiridion"}],"event_choices":[{"cards_removed":["Strike_R"],"damage_healed":0.0,"max_hp_gain":0.0,"max_hp_loss":0.0,"gold_gain":0.0,"event_name":"The Cleric","player_choice":"Card Removal","floor":2.0,"gold_loss":50.0,"damage_taken":0.0},{"damage_healed":0.0,"max_hp_gain":0.0,"max_hp_loss":0.0,"gold_gain":0.0,"event_name":"Big Fish","player_choice":"Box","floor":5.0,"gold_loss":0.0,"damage_taken":0.0,"relics_obtained":["Regal Pillow"],"cards_obtained":["Regret"]},{"damage_healed":0.0,"max_hp_gain":0.0,"max_hp_loss":6.0,"gold_gain":0.0,"event_name":"Golden Idol","player_choice":"Lose Max HP","floor":11.0,"gold_loss":0.0,"damage_taken":0.0,"relics_obtained":["Golden Idol"]},{"damage_healed":0.0,"max_hp_gain":0.0,"max_hp_loss":0.0,"gold_gain":0.0,"event_name":"Masked Bandits","player_choice":"Fought Bandits","floor":19.0,"gold_loss":0.0,"damage_taken":0.0},{"damage_healed":0.0,"max_hp_gain":0.0,"max_hp_loss":0.0,"gold_gain":0.0,"event_name":"Cursed Tome","player_choice":"Obtained Book","floor":20.0,"gold_loss":0.0,"damage_taken":16.0}],"is_beta":false,"boss_relics":[{"not_picked":["Calling Bell","Runic Dome"],"picked":"Philosopher\u0027s Stone"}],"items_purged_floors":[12],"is_endless":false,"potions_floor_spawned":[4,6,16,18],"killed_by":"3 Byrds","ascension_level":0}}