{"host":"ulqe8df9nuf7bye0","time":1610416444,"event":{"mods":["BaseMod","Better Note","BetterRewards","Colored Powertips","Minty Spire (QoL Compilation)","Quick Restart","StSLib"],"gold_per_floor":[138,313,64,64,100,135,135,135,135,145,158,158,10,10,10,109,109,125,125,17,36,53,53,103,103,103],"floor_reached":25,"playtime":1766,"items_purged":[],"score":299,"play_id":"c5d8d968-d63f-4aa2-be6c-e6e4e54a6bd2","local_time":"20210111175404","is_ascension_mode":false,"campfire_choices":[{"floor":7.0,"key":"REST"},{"floor":15,"key":"REST"},{"data":"Defragment","floor":23,"key":"SMITH"}],"circlet_count":0,"master_deck":["Strike_B","Strike_B","Strike_B","Strike_B","Defend_B","Defend_B+1","Defend_B","Defend_B","Zap+1","Dualcast","Lockon","Melter","Secret Technique+1","Leap","Swift Strike","Defragment+1","Melter","Blizzard","Parasite","Machine Learning","Zap","Capacitor","White Noise","Leap","Tempest"],"relics":["Cracked Core","Toolbox","Bag of Marbles","Mummified Hand","Bronze Scales","HandDrill","Runic Pyramid","MealTicket"],"acts_visited":["Exordium","TheCity"],"potions_floor_usage":[16,25],"damage_taken":[{"damage":0.0,"enemies":"2 Louse","floor":1.0,"turns":1.0},{"damage":0.0,"enemies":"Small Slimes","floor":5.0,"turns":2.0},{"damage":38.0,"enemies":"Lagavulin","floor":6.0,"turns":6.0},{"damage":2,"enemies":"Jaw Worm","floor":10,"turns":2},{"damage":0,"enemies":"Lots of Slimes","floor":11,"turns":2},{"damage":41,"enemies":"Slime Boss","floor":16,"turns":10},{"damage":9,"enemies":"3 Byrds","floor":18,"turns":3},{"damage":1,"enemies":"Chosen","floor":21,"turns":4},{"damage":0,"enemies":"Sentry and Sphere","floor":22,"turns":3},{"damage":51,"enemies":"Slavers","floor":25,"turns":4}],"seed_played":"-6903780144569924675","potions_obtained":[{"floor":1.0,"key":"FocusPotion"},{"floor":6.0,"key":"Dexterity Potion"},{"floor":11,"key":"Energy Potion"}],"is_trial":false,"path_per_floor":["M","?","$","?","M","E","R","?","T","M","M","?","$","?","R","B",null,"M","?","$","M","M","R","T","E"],"character_chosen":"DEFECT","items_purchased":["Lockon","Melter","Secret Technique","Toolbox","Leap","Mummified Hand","HandDrill","Capacitor","White Noise"],"campfire_rested":2,"item_purchase_floors":[0,0,0,0,0,3,13,20,20],"current_hp_per_floor":[46,46,46,39,39,1,22,22,22,20,20,6,6,23,44,3,70,61,61,61,60,60,60,60,9,9],"gold":103,"neow_bonus":"","is_daily":false,"chose_seed":false,"campfire_upgraded":1,"win_rate":0.0,"timestamp":1610416444,"path_taken":["M","?","$","?","M","E","R","?","T","M","M","?","$","?","R","BOSS","M","?","?","M","?","R","?","E"],"items_purchased_type":["Card","Card","Card","Relic","Card","Relic","Relic","Card","Card"],"build_version":"2020-12-22","purchased_purges":0,"victory":false,"max_hp_per_floor":[70,70,70,70,70,70,70,70,70,70,70,70,70,70,70,70,70,70,70,70,70,70,70,70,70,70],"card_choices":[{"not_picked":["Fusion","Beam Cell","Gash"],"picked":"SKIP","floor":1.0},{"not_picked":["Steam","Auto Shields"],"picked":"Defragment","floor":5.0},{"not_picked":["Coolheaded","Reprogram"],"picked":"Melter","floor":6.0},{"not_picked":["Doom and Gloom","Turbo","Rip and Tear"],"picked":"SKIP","floor":10},{"not_picked":["Redo","Cold Snap"],"picked":"Blizzard","floor":11},{"not_picked":["Thunder Strike","Meteor Strike"],"picked":"Machine Learning","floor":16},{"not_picked":["Turbo+1","Sweeping Beam","Steam"],"picked":"SKIP","floor":18},{"not_picked":["Beam Cell","Compile Driver"],"picked":"Leap","floor":21},{"not_picked":["Ball Lightning","Barrage+1"],"picked":"Tempest","floor":22}],"player_experience":97321,"relics_obtained":[{"floor":6.0,"key":"Bronze Scales"},{"floor":24,"key":"MealTicket"}],"event_choices":[{"damage_healed":0.0,"max_hp_gain":0.0,"max_hp_loss":0.0,"gold_gain":175.0,"event_name":"Liars Game","player_choice":"AGREE","floor":2.0,"gold_loss":0.0,"damage_taken":0.0,"cards_obtained":["Doubt"]},{"cards_removed":["Doubt"],"damage_healed":0.0,"max_hp_gain":0.0,"max_hp_loss":0.0,"gold_gain":0.0,"event_name":"Golden Wing","player_choice":"Card Removal","floor":4.0,"gold_loss":0.0,"damage_taken":7.0},{"damage_healed":0.0,"max_hp_gain":0.0,"max_hp_loss":0.0,"gold_gain":0.0,"event_name":"Living Wall","player_choice":"Grow","floor":8.0,"gold_loss":0.0,"damage_taken":0.0,"cards_upgraded":["Secret Technique"]},{"damage_healed":0,"gold_gain":0,"player_choice":"Entered Light","damage_taken":14,"max_hp_gain":0,"max_hp_loss":0,"event_name":"Shining Light","floor":12,"gold_loss":0,"cards_upgraded":["Defend_B","Zap"]},{"damage_healed":17,"gold_gain":0,"player_choice":"Healed and dodged fight","damage_taken":0,"max_hp_gain":0,"max_hp_loss":0,"event_name":"Mushrooms","floor":14,"gold_loss":0,"cards_obtained":["Parasite"]},{"damage_healed":0,"gold_gain":0,"player_choice":"1 cards matched","damage_taken":0,"max_hp_gain":0,"max_hp_loss":0,"event_name":"Match and Keep!","floor":19,"gold_loss":0,"cards_obtained":["Zap"]}],"is_beta":false,"boss_relics":[{"not_picked":["Fusion Hammer","Runic Dome"],"picked":"Runic Pyramid"}],"items_purged_floors":[],"is_endless":false,"potions_floor_spawned":[1,6,11],"killed_by":"Slavers","ascension_level":0}}