{"host":"49uampz4x074dpq4","time":1610461011,"event":{"mods":["Act Like it!","Aspiration","BaseMod","Conspire","Highlight Path","Marisa£®ÏF”Í°°ƒß¿Ì…≥£©","Minty Spire (QoL Compilation)","Pale of the Ancients","Quick Restart","Replay The Spire","Shop Mod","StSLib","vexMod"],"gold_per_floor":[118,134,144,159,174,200,200,245,299,299,315,350,394,427,427,542,542,568,583,583,614,629,673,491,552,552,594,636,836,896,969,969,1097,1097,1142,1228,1228,1258,1307,1307,719,785,785,794,865,914,967,1059,1059,1195,1195,1249,1293,835,850,970,1051,1118,1118,1233,1233,805,922,1033,1133,1133,1327,1327,1368,1283,715,775,504,559,559,652,738,738,802,802,932,1033,1033,1243,1243,1309,890,961,1096,1165,1274,1345,1345,1486,1486,1750,1826,1941,1941,1941,2138,2138,2138],"floor_reached":102,"playtime":21554,"items_purged":[],"score":3585,"play_id":"5737d279-b667-4155-9fad-e4e6a376fbad","local_time":"20210112221651","daily_mods":["Draft","Vintage","Heirloom","Time Dilation","Flight"],"is_ascension_mode":true,"campfire_choices":[{"data":"Chaos","floor":7.0,"key":"SMITH"},{"data":"White Noise","floor":10.0,"key":"SMITH"},{"data":"BasicCrystalCard","floor":15.0,"key":"SMITH"},{"data":"Aggregate","floor":32.0,"key":"SMITH"},{"data":"Chaos","floor":40.0,"key":"SMITH"},{"data":"Loop","floor":44.0,"key":"SMITH"},{"data":"Capacitor","floor":49.0,"key":"SMITH"},{"data":"Apotheosis","floor":59.0,"key":"SMITH"},{"data":"Echo Form","floor":61.0,"key":"SMITH"},{"floor":66.0,"key":"DIG"},{"data":"Pot Of Greed","floor":80.0,"key":"SMITH"},{"data":"Pot Of Greed","floor":83,"key":"SMITH"},{"data":"Seek","floor":93,"key":"SMITH"},{"data":"Heatsinks","floor":95,"key":"SMITH"},{"data":"Pot Of Greed","floor":100,"key":"SMITH"}],"circlet_count":1,"master_deck":["Panic Button","Capacitor+1","Acceleration","6A","Aggregate+1","Scrape+1","GalacticHalo","MagicAbsorber","Steam","Chaos+1","Conserve Battery","Compile Driver","Ball Lightning+1","White Noise+1","WitchOfGreed+1","Ball Lightning","Ball Lightning","BasicCrystalCard+1","Seek+1","WitchOfGreed","All For One","Creative AI","Chaos+1","Capacitor+1","Acceleration","Loop+1","Defragment","Electrodynamics","Aggregate+1","BasicCrystalCard+1","Echo Form+1","Apotheosis+1","Glacier","WitchOfGreed","Storm","Buffer","WitchOfGreed","Loop+1","Pot Of Greed+1","Pot Of Greed+1","Pot Of Greed+1","Pot Of Greed+1","Electrodynamics","Skim","Amplify","Echo Form","Seek+1","Heatsinks+1","Heatsinks+1","EnergyFlow"],"relics":["FrozenCore","replay:Trail_Library","CaptainsWheel","vexMod:FocusSash","Blue Doll","Centennial Puzzle","MealTicket","Vajra","PreservedInsect","Bag of Marbles","aspiration:AnachronicSnailShell","Tiny Chest","Nunchaku","HornCleat","Prayer Wheel","Juzu Bracelet","Replay:Mystery Machine","Darkstone Periapt","Shovel","Gremlin Horn","MerchantsRug","Pen Nib","DataDisk","Geode","Oddly Smooth Stone","Question Card","Replay:Antivirus Software","vexMod:ConsolationPrize","CeramicFish","Replay:Baseball","Ice Cream","Happy Flower","Ring of the Snake","Ancient Tea Set","Ornamental Fan","aspiration:FaultyCoupler","Bronze Scales","vexMod:CardConverter","SlaversCollar","Bottled Lightning","Anchor","Lee\u0027s Waffle","aspiration:FrozenJewel","Snack Pack","Replay:Bottled Flurry","Mummified Hand","conspire:TopHat","Durian","Gremlin Food","Quantum Egg","ChewingGum","vexMod:HeadHunter","vexMod:PaidLearning","Toy Ornithopter","Replay:WaspNest","vexMod:BarristanHead","conspire:BottledYoYo","Cables","aspiration:RitualStick","Grinning Jar","Circlet","Prayer Wheel","Nuclear Battery","Sling","Onion Ring","aspiration:HiddenCompartment","Iron Hammer","aspiration:EnhancedActuators","Letter Opener","ReplayTheSpireMod:Lightbulb","Philosopher\u0027s Stone"],"acts_visited":["Exordium","TheCity","TheBeyond","Exordium","TheCity","TheBeyond","Exordium"],"potions_floor_usage":[81,84,86,89,90,92,94],"damage_taken":[{"damage":12.0,"enemies":"Small Slimes","floor":1.0,"turns":3.0},{"damage":0.0,"enemies":"Cultist","floor":2.0,"turns":3.0},{"damage":0.0,"enemies":"Jaw Worm","floor":3.0,"turns":3.0},{"damage":6.0,"enemies":"Red Slaver","floor":4.0,"turns":4.0},{"damage":0.0,"enemies":"Gremlin Gang","floor":5.0,"turns":4.0},{"damage":3.0,"enemies":"Replay:BlueRogue","floor":6.0,"turns":3.0},{"damage":18.0,"enemies":"Lagavulin","floor":8.0,"turns":6.0},{"damage":0.0,"enemies":"Blue Slaver","floor":11.0,"turns":1.0},{"damage":0.0,"enemies":"Gremlin Nob","floor":12.0,"turns":1.0},{"damage":0.0,"enemies":"Lagavulin","floor":13.0,"turns":3.0},{"damage":0.0,"enemies":"Large Slime","floor":14.0,"turns":4.0},{"damage":0.0,"enemies":"Fading Forest","floor":16.0,"turns":11.0},{"damage":0.0,"enemies":"conspire:FuzzyDice","floor":18.0,"turns":5.0},{"damage":0.0,"enemies":"Spheric Guardian","floor":19.0,"turns":1.0},{"damage":6.0,"enemies":"conspire:HollyBat","floor":21.0,"turns":5.0},{"damage":6.0,"enemies":"Shelled Parasite and Fungi","floor":22.0,"turns":3.0},{"damage":5.0,"enemies":"Replay:Snechameleon","floor":23.0,"turns":3.0},{"damage":0.0,"enemies":"Gremlin Leader","floor":25.0,"turns":2.0},{"damage":0.0,"enemies":"3 Cultists","floor":27.0,"turns":4.0},{"damage":6.0,"enemies":"Book of Stabbing","floor":28.0,"turns":3.0},{"damage":7.0,"enemies":"Slavers","floor":30.0,"turns":3.0},{"damage":2.0,"enemies":"Centurion and Healer","floor":31.0,"turns":3.0},{"damage":14.0,"enemies":"Champ","floor":33.0,"turns":7.0},{"damage":5.0,"enemies":"Orb Walker","floor":35.0,"turns":4.0},{"damage":0.0,"enemies":"3 Shapes","floor":38.0,"turns":3.0},{"damage":0.0,"enemies":"Spire Growth","floor":39.0,"turns":5.0},{"damage":0.0,"enemies":"Giant Head","floor":42.0,"turns":4.0},{"damage":0.0,"enemies":"Nemesis","floor":45.0,"turns":1.0},{"damage":0.0,"enemies":"Transient","floor":46.0,"turns":5.0},{"damage":0.0,"enemies":"R_Hoarder","floor":47.0,"turns":5.0},{"damage":3.0,"enemies":"Mind Bloom Boss Battle","floor":48.0,"turns":5.0},{"damage":2.0,"enemies":"Donu and Deca","floor":50.0,"turns":7.0},{"damage":0.0,"enemies":"Jaw Worm","floor":52.0,"turns":2.0},{"damage":0.0,"enemies":"Cultist","floor":53.0,"turns":2.0},{"damage":0.0,"enemies":"Small Slimes","floor":55.0,"turns":2.0},{"damage":0.0,"enemies":"Gremlin Gang","floor":56.0,"turns":3.0},{"damage":0.0,"enemies":"Lagavulin","floor":57.0,"turns":2.0},{"damage":0.0,"enemies":"Exordium Wildlife","floor":58.0,"turns":3.0},{"damage":0.0,"enemies":"Gremlin Nob","floor":60.0,"turns":3.0},{"damage":0.0,"enemies":"3 Louse","floor":63.0,"turns":2.0},{"damage":0.0,"enemies":"3 Sentries","floor":64.0,"turns":2.0},{"damage":0.0,"enemies":"Gremlin Nob","floor":65.0,"turns":2.0},{"damage":23.0,"enemies":"Hexaghost","floor":67.0,"turns":3.0},{"damage":0.0,"enemies":"2 Thieves","floor":69.0,"turns":2.0},{"damage":0.0,"enemies":"3 Byrds","floor":72.0,"turns":2.0},{"damage":0.0,"enemies":"Snake Plant","floor":74.0,"turns":1.0},{"damage":0.0,"enemies":"Snecko","floor":76.0,"turns":3.0},{"damage":0.0,"enemies":"Gremlin Leader","floor":77.0,"turns":2.0},{"damage":0.0,"enemies":"Slavers","floor":79.0,"turns":1.0},{"damage":11,"enemies":"Gremlin Leader","floor":81,"turns":2},{"damage":0,"enemies":"Slavers","floor":82,"turns":1},{"damage":0,"enemies":"conspire:MysteriousRune","floor":84,"turns":5},{"damage":0,"enemies":"3 Darklings","floor":86,"turns":2},{"damage":0,"enemies":"3 Shapes","floor":88,"turns":1},{"damage":0,"enemies":"Transient","floor":89,"turns":2},{"damage":0,"enemies":"4 Shapes","floor":90,"turns":1},{"damage":0,"enemies":"Giant Head","floor":91,"turns":1},{"damage":0,"enemies":"R_Hoarder","floor":92,"turns":4},{"damage":0,"enemies":"Nemesis","floor":94,"turns":3},{"damage":0,"enemies":"R_Hoarder","floor":96,"turns":2},{"damage":0,"enemies":"Nemesis","floor":97,"turns":1},{"damage":0,"enemies":"conspire:MimicChest","floor":98,"turns":1},{"damage":0,"enemies":"Awakened One","floor":101,"turns":3}],"seed_played":"-6123818596694184669","potions_obtained":[{"floor":3.0,"key":"Fruit Juice"},{"floor":4.0,"key":"SkillPotion"},{"floor":5.0,"key":"PotionOfCapacity"},{"floor":11.0,"key":"AttackPotion"},{"floor":13.0,"key":"Energy Potion"},{"floor":14.0,"key":"ColorlessPotion"},{"floor":16.0,"key":"Milkshake"},{"floor":16.0,"key":"Languid Potion"},{"floor":18.0,"key":"conspire:TimeTravelPotion"},{"floor":18.0,"key":"Strength Potion"},{"floor":21.0,"key":"Fire Potion"},{"floor":23.0,"key":"Venom Potion"},{"floor":25.0,"key":"Regen Potion"},{"floor":25.0,"key":"ColorlessPotion"},{"floor":25.0,"key":"Elixir"},{"floor":27.0,"key":"PowerPotion"},{"floor":28.0,"key":"Adrenaline Potion"},{"floor":30.0,"key":"Energy Potion"},{"floor":30.0,"key":"BlessingOfTheForge"},{"floor":31.0,"key":"Explosive Potion"},{"floor":31.0,"key":"EssenceOfDarkness"},{"floor":31.0,"key":"Strength Potion"},{"floor":33.0,"key":"Milkshake"},{"floor":33.0,"key":"Doom Potion"},{"floor":35.0,"key":"SkillPotion"},{"floor":35.0,"key":"ColorlessPotion"},{"floor":38.0,"key":"AttackPotion"},{"floor":38.0,"key":"Reflective Coating"},{"floor":39.0,"key":"FocusPotion"},{"floor":42.0,"key":"Adrenaline Potion"},{"floor":42.0,"key":"SpeedPotion"},{"floor":45.0,"key":"CultistPotion"},{"floor":45.0,"key":"Block Potion"},{"floor":46.0,"key":"EntropicBrew"},{"floor":48.0,"key":"Energy Potion"},{"floor":50.0,"key":"BlessingOfTheForge"},{"floor":52.0,"key":"PotionOfCapacity"},{"floor":52.0,"key":"Elixir"},{"floor":53.0,"key":"Fire Potion"},{"floor":56.0,"key":"DuplicationPotion"},{"floor":56.0,"key":"Regen Potion"},{"floor":58.0,"key":"LifebloodPotion"},{"floor":60.0,"key":"AttackPotion"},{"floor":63.0,"key":"Swift Potion"},{"floor":63.0,"key":"ColorlessPotion"},{"floor":65.0,"key":"AttackPotion"},{"floor":67.0,"key":"BlessingOfTheForge"},{"floor":67.0,"key":"DuplicationPotion"},{"floor":72.0,"key":"EssenceOfSteel"},{"floor":72.0,"key":"SteroidPotion"},{"floor":74.0,"key":"PotionOfCapacity"},{"floor":76.0,"key":"Adrenaline Potion"},{"floor":77.0,"key":"Fruit Juice"},{"floor":77.0,"key":"SkillPotion"},{"floor":79.0,"key":"PowerPotion"},{"floor":79.0,"key":"Weak Potion"},{"floor":81,"key":"SkillPotion"},{"floor":82,"key":"PowerPotion"},{"floor":84,"key":"BlessingOfTheForge"},{"floor":86,"key":"Venom Potion"},{"floor":88,"key":"Death Potion"},{"floor":88,"key":"FocusPotion"},{"floor":88,"key":"conspire:TimeTravelPotion"},{"floor":89,"key":"EssenceOfDarkness"},{"floor":89,"key":"PotionOfCapacity"},{"floor":90,"key":"Venom Potion"},{"floor":91,"key":"PotionOfCapacity"},{"floor":92,"key":"BlessingOfTheForge"},{"floor":94,"key":"Swift Potion"}],"is_trial":true,"path_per_floor":["M","M","M","M","M","E","R","E","T","R","M","E","E","M","R","B",null,"M","M","?","M","M","E","$","E","T","M","E","?","E","M","R","B",null,"M","?","T","M","M","R","$","E","T","R","E","M","E","?","R","B",null,"M","M","$","M","M","E","M","R","E","R","$","M","E","E","R","B",null,"M","?","$","M","$","M","?","M","E","?","E","R","E","E","R","B",null,"M","$","M","M","M","E","E","R","E","R","E","E","?","?","R","B",null],"character_chosen":"DEFECT","items_purchased":["MerchantsRug","WitchOfGreed","Guide Book","Ice Cream","Happy Flower","aspiration:Nostalgia","Adrenaline Potion","Apotheosis","BlessingOfTheForge","Lee\u0027s Waffle","aspiration:FrozenJewel","conspire:TopHat","Durian","WitchOfGreed","vexMod:PaidLearning","WitchOfGreed","Toy Ornithopter","Replay:WaspNest","Loop+1","conspire:BottledYoYo","Sling","Onion Ring","aspiration:HiddenCompartment"],"campfire_rested":0,"item_purchase_floors":[24,24,24,41,41,41,41,54,54,54,54,62,62,62,71,71,71,71,73,73,87,87,87],"current_hp_per_floor":[63,63,68,62,62,65,65,47,47,47,47,47,47,47,47,57,86,86,86,86,80,74,74,86,86,86,86,80,80,78,76,76,62,86,81,81,81,81,81,81,86,86,86,86,86,86,86,85,85,85,90,90,90,99,99,99,99,99,99,101,101,108,108,110,110,110,89,112,112,112,114,114,116,116,93,101,117,130,135,135,126,128,128,137,137,137,137,137,137,137,139,143,143,145,145,145,145,147,147,147,147,147,147],"gold":2138,"neow_bonus":"","is_daily":false,"chose_seed":false,"campfire_upgraded":14,"win_rate":0.0,"timestamp":1610461011,"path_taken":["M","M","M","M","M","E","R","E","T","R","M","E","E","M","R","BOSS","M","M","?","M","M","E","$","E","T","M","E","?","E","M","R","BOSS","M","?","?","M","M","R","$","E","T","R","E","M","E","?","R","BOSS","M","M","$","M","M","E","M","R","E","R","$","M","E","E","R","BOSS","M","?","$","M","$","M","?","M","E","?","E","R","E","E","R","BOSS","M","$","M","M","M","E","E","R","E","R","E","E","?","?","R","BOSS"],"items_purchased_type":["Relic","Card","Relic","Relic","Relic","Relic","Potion","Card","Potion","Relic","Relic","Relic","Relic","Card","Relic","Card","Relic","Relic","Card","Relic","Relic","Relic","Relic"],"build_version":"2020-12-22","purchased_purges":0,"victory":false,"max_hp_per_floor":[75,75,80,80,80,86,86,86,86,86,86,86,86,86,86,86,86,86,86,86,86,86,86,86,86,86,86,86,86,86,86,86,86,86,86,86,86,86,86,86,86,86,86,86,86,86,86,88,88,90,90,90,90,99,99,99,99,99,99,101,101,108,108,110,110,110,112,112,112,112,114,114,116,116,116,124,133,133,135,135,137,137,137,137,137,137,137,137,137,137,139,143,143,145,145,145,145,147,147,147,147,147,147],"card_choices":[{"not_picked":["MilkyWay","ReplayTheSpireMod:System Scan"],"picked":"Panic Button","floor":0.0},{"not_picked":["WitchLeyline","Barrage"],"picked":"Capacitor","floor":0.0},{"not_picked":["GravityBeat","Reprogram"],"picked":"Acceleration","floor":0.0},{"not_picked":["Sweeping Beam","Lockon"],"picked":"EventHorizon","floor":0.0},{"not_picked":["Reprogram","AsteroidBelt"],"picked":"6A","floor":0.0},{"not_picked":["MysteriousBeam","PowerUp"],"picked":"Aggregate","floor":0.0},{"not_picked":["DoubleSpark","conspire:SharedLibrary"],"picked":"Scrape","floor":0.0},{"not_picked":["6A","WitchLeyline"],"picked":"GalacticHalo","floor":0.0},{"not_picked":["Sunder","EnergyFlow"],"picked":"MagicAbsorber","floor":0.0},{"not_picked":["6A","Acceleration"],"picked":"Steam","floor":0.0},{"not_picked":["ReplayTheSpireMod:Repulse","DarkSpark"],"picked":"Chaos","floor":0.0},{"not_picked":["Leap","GrandCross"],"picked":"Conserve Battery","floor":0.0},{"not_picked":["StarBarrage","ReplayTheSpireMod:System Scan"],"picked":"Compile Driver","floor":0.0},{"not_picked":["Turbo","Self Repair"],"picked":"Ball Lightning","floor":0.0},{"not_picked":["DC","Occultation"],"picked":"White Noise","floor":0.0},{"not_picked":["MeteoricShower","Time Bomb"],"picked":"WitchOfGreed","floor":6.0},{"not_picked":["IllusionStar","MilkyWay","Leap"],"picked":"SKIP","floor":8.0},{"not_picked":["FairyDestructionRay","GasGiant"],"picked":"Ball Lightning","floor":12.0},{"not_picked":["OpenUniverse","Singularity"],"picked":"BasicCrystalCard","floor":13.0},{"not_picked":["Reboot","Fission"],"picked":"Seek","floor":16.0},{"not_picked":["Ball Lightning"],"picked":"SKIP","floor":23.0},{"not_picked":["GasGiant","ReplayTheSpireMod:Repulse+1","MachineGunSpark+1"],"picked":"SKIP","floor":25.0},{"not_picked":["MysteriousBeam","ReplayTheSpireMod:Dual Polarity","AlicesGift+1"],"picked":"SKIP","floor":28.0},{"not_picked":["EscapeVelocity","JA"],"picked":"All For One","floor":29.0},{"not_picked":["Leap","6A","Undo"],"picked":"SKIP","floor":30.0},{"not_picked":["FinalSpark","Hyperbeam","Thunder Strike"],"picked":"Creative AI","floor":33.0},{"not_picked":["Beam Cell+1","WitchOfGreed","AsteroidBelt"],"picked":"Chaos","floor":36.0},{"not_picked":["IllusionStar","PowerUp+1","6A+1"],"picked":"Capacitor","floor":36.0},{"not_picked":["RefractionSpark+1","FIFO Queue+1","Recycle+1"],"picked":"Acceleration","floor":36.0},{"not_picked":["Rebound+1","IllusionStar","Self Repair"],"picked":"Loop","floor":42.0},{"not_picked":["Gash+1","MilkyWay+1","MysteriousBeam+1"],"picked":"Electrodynamics","floor":45.0},{"not_picked":["Coolheaded","UnstableBomb+1","GasGiant"],"picked":"Aggregate","floor":47.0},{"not_picked":["Hologram","Rainbow","MilkyWay"],"picked":"BasicCrystalCard+1","floor":48.0},{"not_picked":["Core Surge","Reboot","UltimateShortwave"],"picked":"Echo Form","floor":50.0},{"not_picked":["Go for the Eyes","ShootingEcho","AsteroidBelt","Gash"],"picked":"SKIP","floor":57.0},{"not_picked":["Electrodynamics","GasGiant","PowerUp"],"picked":"Glacier","floor":60.0},{"not_picked":["Auto Shields","Steam","Skim"],"picked":"Storm","floor":64.0},{"not_picked":["Panic Button","SuperPerseids","NonDirectionalLaser","ReplayTheSpireMod:Dual Polarity"],"picked":"SKIP","floor":65.0},{"not_picked":["Hyperbeam","ReplayRNGCard","BinaryStars"],"picked":"Buffer","floor":67.0},{"not_picked":["BasicCrystalCard","MilkyWay","IllusionStar+1"],"picked":"ReplayTheSpireMod:Fabricate Wheel","floor":77.0},{"not_picked":["Multi-Cast","ReplayRNGCard","Creative AI"],"picked":"Electrodynamics","floor":77.0},{"not_picked":["GravityBeat","Rebound","Conserve Battery+1"],"picked":"Skim","floor":79.0},{"not_picked":["Fission","Buffer","Electrodynamics","Hyperbeam"],"picked":"SKIP","floor":79.0},{"not_picked":["Core Surge","Machine Learning","Fission"],"picked":"Amplify","floor":81},{"not_picked":["Go for the Eyes","ManaConvection","Turbo+1","Biased Cognition"],"picked":"SKIP","floor":81},{"not_picked":["ReplayTheSpireMod:Omega Cannon","Reboot","Rainbow","ReplayRNGCard"],"picked":"SKIP","floor":82},{"not_picked":["Robbery","Chill","Streamline","GravityBeat"],"picked":"SKIP","floor":82},{"not_picked":["Sweeping Beam","BasicCrystalCard+1","Scrape+1","Lockon"],"picked":"SKIP","floor":86},{"not_picked":["Steam+1","Ball Lightning+1","Fusion","Panic Button+1"],"picked":"SKIP","floor":88},{"not_picked":["Lockon","Thunder Strike","Barrage+1","StarBarrage+1"],"picked":"SKIP","floor":89},{"not_picked":["Turbo+1","IllusionStar+1","GrandCross+1","FTL"],"picked":"SKIP","floor":90},{"not_picked":["Rainbow","Amplify","Reboot"],"picked":"Echo Form","floor":91},{"not_picked":["ManaRampage","GalacticHalo+1","GravityBeat","NonDirectionalLaser"],"picked":"SKIP","floor":91},{"not_picked":["Biased Cognition","Machine Learning","Core Surge"],"picked":"Seek","floor":92},{"not_picked":["GravityBeat","Acceleration+1","Panic Button"],"picked":"Heatsinks+1","floor":92},{"not_picked":["Doom and Gloom","ChargingUp+1","Lockon+1"],"picked":"Heatsinks","floor":94},{"not_picked":["Rainbow","Machine Learning","Hyperbeam","Amplify"],"picked":"SKIP","floor":94},{"not_picked":["Electrodynamics","Hyperbeam","Reboot","Fission"],"picked":"SKIP","floor":96},{"not_picked":["FinalSpark","Redo","Go for the Eyes","AsteroidBelt"],"picked":"SKIP","floor":96},{"not_picked":["Rainbow","Echo Form","Buffer","All For One"],"picked":"SKIP","floor":97},{"not_picked":["Seek","Go for the Eyes","PowerUp","LuminesStrike"],"picked":"SKIP","floor":97},{"not_picked":["WitchLeyline+1","Stack+1","ReplayTheSpireMod:System Scan+1"],"picked":"EnergyFlow","floor":98}],"player_experience":467889,"relics_obtained":[{"floor":1.0,"key":"vexMod:FocusSash"},{"floor":2.0,"key":"Blue Doll"},{"floor":3.0,"key":"Centennial Puzzle"},{"floor":4.0,"key":"MealTicket"},{"floor":5.0,"key":"Vajra"},{"floor":6.0,"key":"vexMod:BerryBomb"},{"floor":8.0,"key":"PreservedInsect"},{"floor":9.0,"key":"Bag of Marbles"},{"floor":11.0,"key":"aspiration:AnachronicSnailShell"},{"floor":12.0,"key":"Tiny Chest"},{"floor":13.0,"key":"Nunchaku"},{"floor":14.0,"key":"HornCleat"},{"floor":18.0,"key":"Juzu Bracelet"},{"floor":19.0,"key":"Replay:Mystery Machine"},{"floor":21.0,"key":"Darkstone Periapt"},{"floor":22.0,"key":"Shovel"},{"floor":23.0,"key":"Gremlin Horn"},{"floor":25.0,"key":"Pen Nib"},{"floor":26.0,"key":"DataDisk"},{"floor":27.0,"key":"Geode"},{"floor":28.0,"key":"Pet Ghost"},{"floor":30.0,"key":"Oddly Smooth Stone"},{"floor":31.0,"key":"Question Card"},{"floor":35.0,"key":"Replay:Antivirus Software"},{"floor":37.0,"key":"vexMod:ConsolationPrize"},{"floor":38.0,"key":"CeramicFish"},{"floor":39.0,"key":"Replay:Baseball"},{"floor":42.0,"key":"Ancient Tea Set"},{"floor":43.0,"key":"Ornamental Fan"},{"floor":45.0,"key":"aspiration:FaultyCoupler"},{"floor":46.0,"key":"Whetstone"},{"floor":47.0,"key":"Bronze Scales"},{"floor":48.0,"key":"vexMod:CardConverter"},{"floor":52.0,"key":"Bottled Lightning"},{"floor":53.0,"key":"Anchor"},{"floor":55.0,"key":"Snack Pack"},{"floor":56.0,"key":"Replay:Bottled Flurry"},{"floor":58.0,"key":"Mummified Hand"},{"floor":63.0,"key":"Gremlin Food"},{"floor":66.0,"key":"Quantum Egg"},{"floor":69.0,"key":"Dead Branch"},{"floor":72.0,"key":"vexMod:BarristanHead"},{"floor":74.0,"key":"Cables"},{"floor":76.0,"key":"Grinning Jar"},{"floor":86,"key":"Replay:Bottled Snecko"},{"floor":88,"key":"Iron Hammer"},{"floor":89,"key":"aspiration:EnhancedActuators"},{"floor":90,"key":"Letter Opener"},{"floor":98,"key":"ReplayTheSpireMod:Lightbulb"}],"event_choices":[{"cards_removed":["EventHorizon"],"damage_healed":0.0,"max_hp_gain":0.0,"max_hp_loss":0.0,"gold_gain":0.0,"event_name":"Back to Basics","player_choice":"Elegance","floor":20.0,"gold_loss":0.0,"damage_taken":0.0},{"damage_healed":0.0,"max_hp_gain":0.0,"max_hp_loss":0.0,"gold_gain":0.0,"event_name":"MindBloom","player_choice":"Fight","floor":48.0,"gold_loss":0.0,"damage_taken":0.0},{"damage_healed":0.0,"max_hp_gain":0.0,"max_hp_loss":0.0,"gold_gain":0.0,"event_name":"Addict","player_choice":"Obtained Relic","floor":70.0,"gold_loss":85.0,"damage_taken":0.0,"relics_obtained":["vexMod:HeadHunter"]},{"damage_healed":0,"gold_gain":0,"player_choice":"Upgraded","damage_taken":0,"max_hp_gain":0,"max_hp_loss":0,"event_name":"Upgrade Shrine","floor":99,"gold_loss":0,"cards_upgraded":["Pot Of Greed"]}],"is_beta":false,"boss_relics":[{"not_picked":["vexMod:MysteryBossChallenge","aspiration:SilentSkillbook"],"picked":"Busted Crown"},{"not_picked":["aspiration:FutureDiary","SacredBark"],"picked":"FrozenCore"},{"not_picked":["Empty Cage","Coffee Dripper"],"picked":"SlaversCollar"},{"not_picked":["Velvet Choker","Cursed Key"],"picked":"ChewingGum"},{"not_picked":["Astrolabe","vexMod:CursedCompass"],"picked":"Nuclear Battery"},{"not_picked":["Sozu","Snecko Eye"],"picked":"Philosopher\u0027s Stone"}],"items_purged_floors":[],"is_endless":true,"potions_floor_spawned":[3,4,5,11,16,18,21,25,27,28,33,35,38,45,50,52,57,63,64,67,72,74,77,79,88,91,92,96,97],"ascension_level":1}}