{"host":"yujn747v6fs1ul2r","time":1610476555,"event":{"mods":["BaseMod","Minty Spire (QoL Compilation)","Quick Restart","StSLib","The Marked"],"gold_per_floor":[109,109,123,73,73,105,105,125,152,152,187,112,127,144,144,249,249,266,298,298,298,310,338,338,197,197,197,208,208,238,113,113,213,213,231,249,99,321,146,146,146,159,159,169,189,189,239,258,258,258,258,258,110,145,145,145],"floor_reached":55,"playtime":2508,"items_purged":["theMarked:Strike","theMarked:SoldierOfQuellstein+1","theMarked:BindingBlade","theMarked:Defend","theMarked:Defend"],"score":763,"play_id":"66728939-83ec-4de2-8717-0c6804ad9329","local_time":"20210113033555","is_ascension_mode":false,"campfire_choices":[{"data":"theMarked:Polarize","floor":7.0,"key":"SMITH"},{"data":"theMarked:Static","floor":10.0,"key":"SMITH"},{"data":"theMarked:ThrowWeapon","floor":15.0,"key":"SMITH"},{"floor":24.0,"key":"REST"},{"floor":29.0,"key":"REST"},{"data":"theMarked:Convert","floor":32.0,"key":"SMITH"},{"floor":41.0,"key":"RECALL"},{"data":"theMarked:UnarmedFury","floor":46.0,"key":"SMITH"},{"floor":49.0,"key":"REST"},{"data":"theMarked:Overcharge","floor":52.0,"key":"SMITH"}],"circlet_count":0,"master_deck":["theMarked:Defend","theMarked:Defend","theMarked:Polarize+1","theMarked:Static+1","theMarked:ThrowWeapon+1","theMarked:Convert+1","theMarked:UnarmedFury+1","theMarked:GodGivenPower","theMarked:Overcharge+1"],"relics":["theMarked:ArtifactOfAir","NeowsBlessing","PreservedInsect","Tiny Chest","Lantern","Empty Cage","Red Mask","theMarked:Gun","StrikeDummy","Incense Burner","Gremlin Horn","Philosopher\u0027s Stone","Bottled Lightning","Prayer Wheel","Torii","Anchor","Happy Flower"],"acts_visited":["Exordium","TheCity","TheBeyond","TheEnding"],"potions_floor_usage":[55,55],"damage_taken":[{"damage":0.0,"enemies":"Small Slimes","floor":1.0,"turns":1.0},{"damage":0.0,"enemies":"Cultist","floor":3.0,"turns":1.0},{"damage":0.0,"enemies":"Gremlin Nob","floor":6.0,"turns":1.0},{"damage":2.0,"enemies":"2 Louse","floor":8.0,"turns":2.0},{"damage":9.0,"enemies":"3 Sentries","floor":11.0,"turns":6.0},{"damage":11.0,"enemies":"Large Slime","floor":13.0,"turns":3.0},{"damage":8.0,"enemies":"Lots of Slimes","floor":14.0,"turns":3.0},{"damage":19.0,"enemies":"Slime Boss","floor":16.0,"turns":7.0},{"damage":0.0,"enemies":"Shell Parasite","floor":18.0,"turns":2.0},{"damage":21.0,"enemies":"Masked Bandits","floor":19.0,"turns":4.0},{"damage":0.0,"enemies":"Spheric Guardian","floor":22.0,"turns":3.0},{"damage":8.0,"enemies":"Gremlin Leader","floor":23.0,"turns":3.0},{"damage":19.0,"enemies":"Centurion and Healer","floor":28.0,"turns":4.0},{"damage":18.0,"enemies":"Slavers","floor":30.0,"turns":4.0},{"damage":0.0,"enemies":"Automaton","floor":33.0,"turns":2.0},{"damage":1.0,"enemies":"3 Darklings","floor":35.0,"turns":3.0},{"damage":0.0,"enemies":"Orb Walker","floor":36.0,"turns":2.0},{"damage":12.0,"enemies":"Spire Growth","floor":42.0,"turns":2.0},{"damage":0.0,"enemies":"Writhing Mass","floor":44.0,"turns":2.0},{"damage":4.0,"enemies":"3 Darklings","floor":45.0,"turns":2.0},{"damage":0.0,"enemies":"Mind Bloom Boss Battle","floor":47.0,"turns":2.0},{"damage":0.0,"enemies":"Maw","floor":48.0,"turns":2.0},{"damage":44.0,"enemies":"Time Eater","floor":50.0,"turns":3.0},{"damage":8,"enemies":"Shield and Spear","floor":54,"turns":2},{"damage":77,"enemies":"The Heart","floor":55,"turns":3}],"seed_played":"-2245425722103832084","potions_obtained":[{"floor":3.0,"key":"SneckoOil"},{"floor":6.0,"key":"AttackPotion"},{"floor":13.0,"key":"FearPotion"},{"floor":22.0,"key":"CultistPotion"},{"floor":28.0,"key":"SkillPotion"},{"floor":47.0,"key":"Regen Potion"}],"is_trial":false,"path_per_floor":["M","?","M","?","?","E","R","M","T","R","E","$","M","M","R","B",null,"M","?","?","T","M","E","R","$","T","T","M","R","E","$","R","B",null,"M","M","$","?","$","T","R","M","T","M","M","R","?","M","R","B",null,"R","$","E","B"],"character_chosen":"THE_DEFAULT","items_purchased":["theMarked:Convert","Anchor"],"campfire_rested":3,"item_purchase_floors":[25,53],"current_hp_per_floor":[70,70,70,70,70,70,70,68,68,68,59,59,48,40,40,21,70,70,49,49,49,49,41,62,62,62,62,43,64,46,46,46,46,70,69,69,69,69,69,69,69,57,57,57,53,53,53,53,70,26,70,70,70,62,0,0],"gold":145,"neow_bonus":"THREE_ENEMY_KILL","is_daily":false,"chose_seed":false,"campfire_upgraded":6,"win_rate":0.0,"timestamp":1610476555,"path_taken":["M","?","?","?","?","E","R","M","T","R","E","$","M","?","R","BOSS","M","?","?","?","?","E","R","$","T","?","M","R","E","$","R","BOSS","M","M","$","?","$","?","R","M","T","M","M","R","?","M","R","BOSS","R","$","E","BOSS"],"items_purchased_type":["Card","Relic"],"build_version":"2020-12-22","purchased_purges":5,"victory":false,"max_hp_per_floor":[70,70,70,70,70,70,70,70,70,70,70,70,70,70,70,70,70,70,70,70,70,70,70,70,70,70,70,70,70,70,70,70,70,70,70,70,70,70,70,70,70,70,70,70,70,70,70,70,70,70,70,70,70,70,70,70],"card_choices":[{"not_picked":["theMarked:Aftermath","theMarked:SwordAndMagic","theMarked:AttractMetal"],"picked":"SKIP","floor":1.0},{"not_picked":["theMarked:Overthink","theMarked:SwordAndMagic","theMarked:ComboAttacks"],"picked":"SKIP","floor":3.0},{"not_picked":["theMarked:WastefulAttack","theMarked:ShockingTouch"],"picked":"theMarked:Polarize","floor":6.0},{"not_picked":["theMarked:WastefulAttack","theMarked:AttractMetal"],"picked":"theMarked:Static","floor":8.0},{"not_picked":["theMarked:Improvise","theMarked:ChainLightning"],"picked":"theMarked:ThrowWeapon","floor":11.0},{"not_picked":["theMarked:Panic","theMarked:SelfDefenseTraining","theMarked:WardOff"],"picked":"SKIP","floor":13.0},{"not_picked":["theMarked:MaelstromOfLightning","theMarked:BanishingStrike","theMarked:Parkour"],"picked":"SKIP","floor":14.0},{"not_picked":["theMarked:Parkour","theMarked:HeightenedSenses","theMarked:RepellingDischarge+1"],"picked":"SKIP","floor":18.0},{"not_picked":["theMarked:HeritageOfTheMarked","theMarked:RogueSparks","theMarked:Panic+1"],"picked":"SKIP","floor":22.0},{"not_picked":["theMarked:HeightenedSenses+1","theMarked:TakeCover","theMarked:Parry+1"],"picked":"SKIP","floor":23.0},{"not_picked":["theMarked:ResourceFulStrike","theMarked:Electrify+1","theMarked:Overthink"],"picked":"SKIP","floor":28.0},{"not_picked":["theMarked:BanishingWave","theMarked:WastefulAttack","theMarked:WastefulDefense"],"picked":"SKIP","floor":30.0},{"not_picked":["theMarked:Abjuration","theMarked:SummonStrength"],"picked":"theMarked:UnarmedFury","floor":33.0},{"not_picked":["theMarked:ElectricStrings","theMarked:ChainLightning","theMarked:Reabsorb"],"picked":"SKIP","floor":35.0},{"not_picked":["theMarked:Polarize+1","theMarked:Static+1"],"picked":"theMarked:GodGivenPower","floor":36.0},{"not_picked":["theMarked:Improvise","theMarked:Static+1","theMarked:BanishingStrike"],"picked":"SKIP","floor":42.0},{"not_picked":["theMarked:GodGivenPower","theMarked:Static","theMarked:WastefulAttack"],"picked":"SKIP","floor":44.0},{"not_picked":["theMarked:WastefulDefense","theMarked:HeightenedSenses","theMarked:Improvise"],"picked":"SKIP","floor":44.0},{"not_picked":["theMarked:Opportunist+1","theMarked:ContemptForTheProud+1","theMarked:SummonStrength"],"picked":"SKIP","floor":45.0},{"not_picked":["theMarked:WastefulAttack+1","theMarked:Aftermath","theMarked:SwordAndMagic"],"picked":"SKIP","floor":45.0},{"not_picked":["theMarked:HeightenedSenses+1","theMarked:KeepCalmAndFightOn+1"],"picked":"theMarked:Overcharge","floor":48.0},{"not_picked":["theMarked:Frustration","theMarked:RogueSparks","theMarked:WastefulDefense"],"picked":"SKIP","floor":48.0},{"not_picked":["theMarked:EmpowerWeapon","theMarked:Improvise","theMarked:EnhanceMovement+1"],"picked":"SKIP","floor":54}],"player_experience":578037,"relics_obtained":[{"floor":6.0,"key":"PreservedInsect"},{"floor":9.0,"key":"Tiny Chest"},{"floor":11.0,"key":"Lantern"},{"floor":19.0,"key":"Red Mask"},{"floor":21.0,"key":"theMarked:Gun"},{"floor":23.0,"key":"StrikeDummy"},{"floor":27.0,"key":"Incense Burner"},{"floor":30.0,"key":"Gremlin Horn"},{"floor":40.0,"key":"Bottled Lightning"},{"floor":43.0,"key":"Prayer Wheel"},{"floor":47.0,"key":"Torii"},{"floor":54,"key":"Happy Flower"}],"event_choices":[{"damage_healed":0.0,"max_hp_gain":0.0,"max_hp_loss":0.0,"gold_gain":0.0,"event_name":"Accursed Blacksmith","player_choice":"Forge","floor":2.0,"gold_loss":0.0,"damage_taken":0.0,"cards_upgraded":["theMarked:SoldierOfQuellstein"]},{"cards_removed":["theMarked:Strike"],"damage_healed":0.0,"max_hp_gain":0.0,"max_hp_loss":0.0,"gold_gain":0.0,"event_name":"The Cleric","player_choice":"Card Removal","floor":4.0,"gold_loss":50.0,"damage_taken":0.0},{"damage_healed":0.0,"max_hp_gain":0.0,"max_hp_loss":0.0,"gold_gain":0.0,"event_name":"The Woman in Blue","player_choice":"Bought 0 Potions","floor":5.0,"gold_loss":0.0,"damage_taken":0.0},{"damage_healed":0.0,"max_hp_gain":0.0,"max_hp_loss":0.0,"gold_gain":0.0,"event_name":"Masked Bandits","player_choice":"Fought Bandits","floor":19.0,"gold_loss":0.0,"damage_taken":0.0},{"damage_healed":0.0,"max_hp_gain":0.0,"max_hp_loss":0.0,"gold_gain":0.0,"cards_transformed":["theMarked:Strike"],"event_name":"Transmorgrifier","player_choice":"Transformed","floor":20.0,"gold_loss":0.0,"damage_taken":0.0,"cards_obtained":["theMarked:BindingBlade"]},{"damage_healed":0.0,"max_hp_gain":0.0,"max_hp_loss":0.0,"gold_gain":222.0,"event_name":"Tomb of Lord Red Mask","player_choice":"Wore Mask","floor":38.0,"gold_loss":0.0,"damage_taken":0.0},{"damage_healed":0.0,"max_hp_gain":0.0,"max_hp_loss":0.0,"gold_gain":0.0,"event_name":"MindBloom","player_choice":"Fight","floor":47.0,"gold_loss":0.0,"damage_taken":0.0}],"is_beta":false,"boss_relics":[{"not_picked":["Coffee Dripper","theMarked:BronzeBlade"],"picked":"Empty Cage"},{"not_picked":["SlaversCollar","Calling Bell"],"picked":"Philosopher\u0027s Stone"}],"items_purged_floors":[12,25,31,37,39],"is_endless":false,"potions_floor_spawned":[3,6,13,22,28,33,35,47,48],"killed_by":"The Heart","ascension_level":0}}