{"host":"szp1d6dso4pv7ddl","time":1610429414,"event":{"mods":["AchievementEnabler","Alarm Clock","BaseMod","Bestiary","Block Reminder","Colored Map","Colored Powertips","Curses Come First","Dark Map","Displayed Cursed Tome","Highlight Path","Minty Spire (QoL Compilation)","Permanent Neow","Quick Restart","Relic Sorter","Relic Stats","StSLib","Synergy Search"],"gold_per_floor":[112,122,4,17,17,17,34,63,140,154,254,15,26,90,90,164,164,177,192,192,192,68,68,68],"floor_reached":23,"playtime":1381,"items_purged":["Defend_G"],"score":353,"play_id":"9e7ff156-c53c-4f52-9a6c-f7d652e1a84f","local_time":"20210111213014","is_ascension_mode":true,"campfire_choices":[{"data":"Accuracy","floor":6.0,"key":"SMITH"},{"floor":15.0,"key":"REST"}],"circlet_count":0,"master_deck":["AscendersBane","Strike_G+1","Strike_G+1","Strike_G+1","Strike_G+1","Defend_G+1","Defend_G+1","Defend_G+1","Defend_G+1","Survivor","Neutralize","Blade Dance","Accuracy+1","Footwork","Dodge and Roll+1","Footwork","Night Terror","Leg Sweep","Accuracy","Malaise","Dodge and Roll","Finisher","Decay","Accuracy","Infinite Blades"],"relics":["Ring of the Snake","InkBottle","The Specimen","The Courier","War Paint","Runic Dome"],"acts_visited":["Exordium","TheCity"],"potions_floor_usage":[],"damage_taken":[{"damage":11.0,"enemies":"Cultist","floor":1.0,"turns":6.0},{"damage":4.0,"enemies":"Jaw Worm","floor":2.0,"turns":3.0},{"damage":0.0,"enemies":"Small Slimes","floor":4.0,"turns":4.0},{"damage":4.0,"enemies":"Blue Slaver","floor":7.0,"turns":3.0},{"damage":33.0,"enemies":"Gremlin Nob","floor":8.0,"turns":5.0},{"damage":4.0,"enemies":"2 Fungi Beasts","floor":10.0,"turns":6.0},{"damage":0.0,"enemies":"Large Slime","floor":13.0,"turns":6.0},{"damage":3.0,"enemies":"Lagavulin Event","floor":14.0,"turns":9.0},{"damage":25.0,"enemies":"The Guardian","floor":16.0,"turns":14.0},{"damage":14,"enemies":"Spheric Guardian","floor":18,"turns":9},{"damage":0,"enemies":"3 Byrds","floor":19,"turns":9},{"damage":46,"enemies":"Slavers","floor":23,"turns":4}],"seed_played":"-7808808574497647847","potions_obtained":[{"floor":1.0,"key":"DistilledChaos"},{"floor":2.0,"key":"SkillPotion"},{"floor":10.0,"key":"Block Potion"},{"floor":13.0,"key":"Fire Potion"},{"floor":18,"key":"Fire Potion"}],"is_trial":false,"path_per_floor":["M","M","$","M","?","R","M","E","T","M","?","$","M","?","R","B",null,"M","M","?","?","$","E"],"character_chosen":"THE_SILENT","items_purchased":["Footwork","Accuracy","InkBottle","Accuracy","Infinite Blades"],"campfire_rested":1,"item_purchase_floors":[3,12,12,22,22],"current_hp_per_floor":[54,50,50,50,50,50,46,13,13,9,9,9,9,6,27,2,55,41,41,41,41,41,0,0],"gold":68,"neow_bonus":"TEN_PERCENT_HP_BONUS","is_daily":false,"chose_seed":false,"campfire_upgraded":1,"win_rate":0.0,"timestamp":1610429414,"path_taken":["M","M","$","M","?","R","M","E","T","?","?","$","?","?","R","BOSS","M","M","?","?","$","E"],"items_purchased_type":["Card","Card","Relic","Card","Card"],"build_version":"2020-12-22","purchased_purges":1,"victory":false,"max_hp_per_floor":[72,72,72,72,72,72,72,72,72,72,72,72,72,72,72,72,72,72,72,72,72,72,72,72],"relic_stats":{"counters":[12,78],"War Paint":["Dodge and Roll","Defend_G"],"obtain_stats":[{"Runic Dome":17,"The Specimen":8,"The Courier":9,"War Paint":14,"InkBottle":12,"Ring of the Snake":0},{"Runic Dome":9,"The Specimen":5,"The Courier":5,"War Paint":8,"InkBottle":6,"Ring of the Snake":0},{"Runic Dome":56,"The Specimen":21,"The Courier":21,"War Paint":42,"InkBottle":27,"Ring of the Snake":0}],"InkBottle":[20],"Ring of the Snake":[24]},"card_choices":[{"not_picked":["Crippling Poison","Quick Slash"],"picked":"Blade Dance","floor":1.0},{"not_picked":["Concentrate","Expertise"],"picked":"Accuracy","floor":2.0},{"not_picked":["Prepared","Deadly Poison"],"picked":"Dodge and Roll","floor":4.0},{"not_picked":["Sucker Punch","Bane"],"picked":"Footwork","floor":7.0},{"not_picked":["Quick Slash","All Out Attack"],"picked":"Night Terror","floor":8.0},{"not_picked":["Sucker Punch","Underhanded Strike"],"picked":"Leg Sweep","floor":10.0},{"not_picked":["Underhanded Strike","PiercingWail","Slice"],"picked":"SKIP","floor":13.0},{"not_picked":["Masterful Stab","Outmaneuver"],"picked":"Malaise","floor":14.0},{"not_picked":["Poisoned Stab","Flying Knee"],"picked":"Dodge and Roll","floor":18},{"not_picked":["Poisoned Stab","Expertise"],"picked":"Finisher","floor":19}],"player_experience":1165155,"relics_obtained":[{"floor":8.0,"key":"The Specimen"},{"floor":9.0,"key":"The Courier"},{"floor":14.0,"key":"War Paint"}],"event_choices":[{"cards_removed":["Strike_G"],"damage_healed":0.0,"max_hp_gain":0.0,"max_hp_loss":0.0,"gold_gain":0.0,"event_name":"Purifier","player_choice":"Purged","floor":5.0,"gold_loss":0.0,"damage_taken":0.0},{"damage_healed":0.0,"max_hp_gain":0.0,"max_hp_loss":0.0,"gold_gain":100.0,"event_name":"Wheel of Change","player_choice":"Gold","floor":11.0,"gold_loss":0.0,"damage_taken":0.0},{"damage_healed":0.0,"max_hp_gain":0.0,"max_hp_loss":0.0,"gold_gain":0.0,"event_name":"Dead Adventurer","player_choice":"Searched \u00271\u0027 times","floor":14.0,"gold_loss":0.0,"damage_taken":0.0},{"damage_healed":0,"gold_gain":0,"player_choice":"Simplicity","damage_taken":0,"max_hp_gain":0,"max_hp_loss":0,"event_name":"Back to Basics","floor":20,"gold_loss":0,"cards_upgraded":["Strike_G","Strike_G","Strike_G","Strike_G","Defend_G","Defend_G","Defend_G"]},{"damage_healed":0,"gold_gain":0,"player_choice":"Smashed Altar","damage_taken":0,"max_hp_gain":0,"max_hp_loss":0,"event_name":"Forgotten Altar","floor":21,"gold_loss":0,"cards_obtained":["Decay"]}],"is_beta":false,"boss_relics":[{"not_picked":["Runic Pyramid","Sozu"],"picked":"Runic Dome"}],"items_purged_floors":[3],"is_endless":false,"potions_floor_spawned":[1,2,10,13,18],"killed_by":"Slavers","ascension_level":17}}