{"host":"lqbszw1tv2isqkrb","time":1610431676,"event":{"mods":["BaseMod","Downfall","Hermit","Hubris","Minty Spire (QoL Compilation)","Quick Restart","StSLib","The Animator","The Hierophant"],"gold_per_floor":[99,99,99,274,724,649,674,674,699,716,728,148,166,203,231,231,231,231],"floor_reached":16,"playtime":1182,"items_purged":[],"score":133,"play_id":"8bf42cdb-6aad-4703-80fc-6798e721305c","local_time":"20210112010756","is_ascension_mode":false,"campfire_choices":[{"floor":1.0,"key":"RECALL"},{"data":"hexamod:PhantomFireball","floor":6.0,"key":"SMITH"}],"circlet_count":0,"master_deck":["hexamod:Strike","hexamod:Strike","hexamod:Strike","hexamod:Strike","hexamod:Defend","hexamod:Defend","hexamod:Defend","hexamod:Defend","hexamod:Sear","hexamod:Float","hexamod:PhantomFireball+1","hexamod:SoulSteal","Doubt","Slimebound:Icky","Slimebound:Icky","Slimebound:Icky","hexamod:ThermalTransfer","hexamod:FirstSeal","hexamod:SecondSeal","expansioncontent:DashGenerateEvil","hexamod:ThirdSeal","hexamod:BurningTouch","hexamod:TurnItUp","hexamod:RainOfEmbers","hexamod:FourthSeal"],"relics":["hexamod:SpiritBrand","downfall:HeartsMalice","downfall:HeartBlessingRed","hubris:OldNail","Bottled Flame","Sling","hubris:DeckOfHolding","Smiling Mask"],"acts_visited":["Exordium"],"potions_floor_usage":[16,16],"damage_taken":[{"damage":0.0,"enemies":"Jaw Worm","floor":2.0,"turns":1.0},{"damage":0.0,"enemies":"Small Slimes","floor":3.0,"turns":1.0},{"damage":0.0,"enemies":"Gremlin Nob","floor":9.0,"turns":1.0},{"damage":1.0,"enemies":"2 Louse","floor":10.0,"turns":3.0},{"damage":17.0,"enemies":"Gremlin Gang","floor":11.0,"turns":5.0},{"damage":0.0,"enemies":"downfall:FleeingMerchant","floor":12.0,"turns":4.0},{"damage":10.0,"enemies":"3 Louse","floor":13.0,"turns":4.0},{"damage":19.0,"enemies":"3 Sentries","floor":14.0,"turns":7.0},{"damage":21.0,"enemies":"Lots of Slimes","floor":15.0,"turns":5.0},{"damage":68,"enemies":"downfall:Silent","floor":16,"turns":8}],"seed_played":"3145169463987007533","potions_obtained":[{"floor":8.0,"key":"SteroidPotion"},{"floor":8.0,"key":"FairyPotion"},{"floor":8.0,"key":"EssenceOfSteel"},{"floor":13.0,"key":"hexamod:DoubleChargePotion"},{"floor":15.0,"key":"EssenceOfSteel"}],"is_trial":false,"path_per_floor":["R","M","M","?","?","R","T","?","E","M","M","$","M","E","M","B"],"character_chosen":"THE_SPIRIT","items_purchased":["Sling","hubris:DeckOfHolding","expansioncontent:DashGenerateEvil"],"campfire_rested":0,"item_purchase_floors":[12,12,12],"current_hp_per_floor":[70,70,70,70,70,70,70,70,70,69,59,66,63,51,37,0,0,0],"gold":231,"neow_bonus":"THREE_ENEMY_KILL","is_daily":false,"chose_seed":false,"campfire_upgraded":1,"win_rate":0.0,"timestamp":1610431676,"path_taken":["R","M","M","?","?","R","T","?","E","M","?","$","M","E","M","BOSS"],"items_purchased_type":["Relic","Relic","Card"],"build_version":"2020-12-22","purchased_purges":0,"victory":false,"max_hp_per_floor":[70,70,70,70,70,70,70,70,70,70,70,70,70,70,70,70,70,70],"card_choices":[{"not_picked":["hexamod:HeatShield","hexamod:HauntingEcho"],"picked":"hexamod:PhantomFireball","floor":2.0},{"not_picked":["hexamod:SpectralAdrenaline","hexamod:InspiringFlames"],"picked":"hexamod:SoulSteal","floor":3.0},{"not_picked":["hexamod:SpectersWail","hexamod:GhostOfSpireFuture"],"picked":"hexamod:ThermalTransfer","floor":9.0},{"not_picked":["hexamod:RainOfEmbers","hexamod:Firestarter"],"picked":"hexamod:FirstSeal","floor":10.0},{"not_picked":["hexamod:NightmareStrike","hexamod:InspiringFlames","hexamod:SpectersWail"],"picked":"SKIP","floor":11.0},{"not_picked":["hexamod:HeatShield","hexamod:PhantomCloak"],"picked":"hexamod:SecondSeal","floor":12.0},{"not_picked":["hexamod:NightmareStrike","hexamod:StepThrough"],"picked":"hexamod:ThirdSeal","floor":13.0},{"not_picked":["hexamod:Again","hexamod:FirstSeal"],"picked":"hexamod:BurningTouch","floor":14.0},{"not_picked":["hexamod:ShieldOfDarkness","hexamod:StepThrough"],"picked":"hexamod:TurnItUp","floor":14.0},{"not_picked":["hexamod:SwordOfDarkness","hexamod:ThermalTransfer"],"picked":"hexamod:RainOfEmbers","floor":15.0},{"not_picked":["hexamod:NightmareGuise","hexamod:GhostOfSpirePast"],"picked":"hexamod:FourthSeal","floor":15.0}],"player_experience":411960,"relics_obtained":[{"floor":7.0,"key":"hubris:OldNail"},{"floor":9.0,"key":"Bottled Flame"},{"floor":14.0,"key":"Smiling Mask"}],"event_choices":[{"damage_healed":0.0,"max_hp_gain":0.0,"max_hp_loss":0.0,"gold_gain":0.0,"event_name":"Lab","player_choice":"Got Potions","floor":8.0,"gold_loss":0.0,"damage_taken":0.0}],"is_beta":false,"boss_relics":[],"items_purged_floors":[],"is_endless":false,"potions_floor_spawned":[11,13,15],"killed_by":"downfall:Silent","ascension_level":0}}