{"host":"82t6xbn50zntxpg2","time":1610470060,"event":{"mods":["BaseMod","BetterRewards","Chen","Hubris","Infinite Spire","KomeijiMod","Marisa（霧雨　魔理沙）","Minty Spire (QoL Compilation)","Reimu（博??梦）","Replay The Spire","StSLib","Waifu the Spire","Yakumo Yukari mod","Youmu（魂魄妖梦）"],"gold_per_floor":[117,128,303,318,328,328,362,362,362,392,392,178,178,205,205,307,307,321,421,441,441,459,484,484,518,518,518,518],"floor_reached":27,"playtime":2882,"items_purged":["Doubt"],"score":269,"play_id":"dd4d3c17-6c22-496b-9238-deb0f9b41299","local_time":"20210112184740","daily_mods":["SealedDeck","Heirloom","Flight","Elite Swarm"],"is_ascension_mode":false,"campfire_choices":[{"data":"YinYangSange:ReiMu","floor":6,"key":"SMITH"},{"data":"MikOfLucky:ReiMu","floor":8,"key":"SMITH"},{"data":"Gathering:ReiMu","floor":11,"key":"SMITH"},{"data":"InherentArray:ReiMu","floor":13,"key":"SMITH"},{"data":"PrayRite:ReiMu","floor":24,"key":"SMITH"}],"circlet_count":0,"master_deck":["TightArray:ReiMu","DoubleButterfly:ReiMu","AirStrike:ReiMu","SpreadBorder2:ReiMu","MikOfLucky:ReiMu+1","SpreadBorder2:ReiMu","FoulBorder2:ReiMu","Amulet:ReiMu","YinYangSange:ReiMu+1","Gathering:ReiMu+1","InherentArray:ReiMu+1","UniversalSpiritual:ReiMu+1","ShadowOfCrow2:ReiMu","FoulBorder2:ReiMu","KyokaiOfKami:ReiMu","RunawayExorcism:ReiMu","OctopathBindingBorder2:ReiMu","LovePray:ReiMu+1","DependentForm:ReiMu","BlastKick2:ReiMu","OctopathBindingBorder2:ReiMu+1","infinitespire:Starlight","NineCharacters:ReiMu+1","Intuition:ReiMu+1","PrayRite:ReiMu+1","SubcavityFantasy:ReiMu"],"relics":["FlyPower:ReiMu","replay:Trail_Library","hubris:Potato","Replay:Kaleidoscope","ReplayTheSpireMod:Ninjato","hubris:BundleOfHerbs","ClockworkSouvenir","Blood Vial","CrownOfHeavens:ReiMu","Blue Doll","Replay:Wanted Poster","HoshigumaDish","Mirror","SkyOrb:ReiMu"],"acts_visited":["Exordium","TheCity"],"potions_floor_usage":[14,14,22,25],"damage_taken":[{"damage":0,"enemies":"Cultist","floor":1,"turns":5},{"damage":0,"enemies":"Small Slimes","floor":2,"turns":3},{"damage":1,"enemies":"Jaw Worm","floor":4,"turns":6},{"damage":6,"enemies":"Large Slime","floor":5,"turns":7},{"damage":27,"enemies":"Gremlin Nob","floor":7,"turns":7},{"damage":12,"enemies":"Lagavulin","floor":10,"turns":6},{"damage":17,"enemies":"3 Sentries","floor":14,"turns":7},{"damage":2,"enemies":"Hexaghost","floor":16,"turns":9},{"damage":4,"enemies":"Chosen","floor":18,"turns":6},{"damage":5,"enemies":"Spheric Guardian","floor":20,"turns":4},{"damage":14,"enemies":"Snake Plant","floor":22,"turns":4},{"damage":18,"enemies":"Book of Stabbing","floor":23,"turns":5},{"damage":31,"enemies":"Slavers","floor":25,"turns":4},{"damage":35,"enemies":"Gremlin Leader","floor":27,"turns":2}],"seed_played":"-7890532915275885895","potions_obtained":[{"floor":2,"key":"AttackPotion"},{"floor":7,"key":"BlessingOfTheForge"},{"floor":14,"key":"JyouchiReiPotion"},{"floor":20,"key":"Strength Potion"},{"floor":23,"key":"PowerPotion"}],"is_trial":true,"path_per_floor":["M","M","?","M","M","R","E","R","T","E","R","$","R","E","R","B",null,"M","AVR","M","?","M","E","R","E","T","E"],"character_chosen":"REIMU","items_purchased":["ClockworkSouvenir","LovePray:ReiMu+1"],"campfire_rested":0,"item_purchase_floors":[12,12],"current_hp_per_floor":[65,65,65,64,58,58,31,31,31,19,19,19,19,8,27,33,65,61,61,58,58,46,43,43,30,30,0,0],"gold":518,"neow_bonus":"","is_daily":false,"chose_seed":false,"campfire_upgraded":5,"win_rate":0.0,"timestamp":1610470060,"path_taken":["M","M","?","M","M","R","E","R","T","E","R","$","R","E","R","BOSS","M","AVR","M","?","M","E","R","E","T","E"],"items_purchased_type":["Relic","Card"],"build_version":"2020-12-22","purchased_purges":1,"victory":false,"max_hp_per_floor":[65,65,65,65,65,65,65,65,65,65,65,65,65,65,65,65,65,65,65,65,65,65,65,65,65,65,65,65],"card_choices":[{"not_picked":["MountainWay:ReiMu","MikOfLucky:ReiMu"],"picked":"InherentArray:ReiMu","floor":1},{"not_picked":["SubAcupoint:ReiMu","FantasyBorder:ReiMu"],"picked":"UniversalSpiritual:ReiMu","floor":2},{"not_picked":["AirStrike:ReiMu","TightArray:ReiMu"],"picked":"ShadowOfCrow2:ReiMu","floor":4},{"not_picked":["Gathering:ReiMu","UniversalSpiritual:ReiMu"],"picked":"FoulBorder2:ReiMu","floor":5},{"not_picked":["CleanRite:ReiMu","Shading:ReiMu"],"picked":"KyokaiOfKami:ReiMu","floor":7},{"not_picked":["Authority:ReiMu","HakureiPhantom:ReiMu"],"picked":"RunawayExorcism:ReiMu","floor":10},{"not_picked":["RunawayExorcism:ReiMu","HakureiPhantom:ReiMu"],"picked":"DependentForm:ReiMu","floor":14},{"not_picked":["KyokaiOfKami:ReiMu","CardOfSanctity:ReiMu"],"picked":"BlastKick2:ReiMu","floor":16},{"not_picked":["RainPray2:ReiMu+1","AirManeuver:ReiMu"],"picked":"OctopathBindingBorder2:ReiMu+1","floor":18},{"not_picked":["Intuition:ReiMu+1","OrbThrow:ReiMu+1"],"picked":"NineCharacters:ReiMu","floor":20},{"not_picked":["Crusade:ReiMu","Gathering:ReiMu+1"],"picked":"Intuition:ReiMu+1","floor":22},{"not_picked":["YinYang:ReiMu","Dreaming:ReiMu"],"picked":"PrayRite:ReiMu","floor":23},{"not_picked":["KyokaiOfKami:ReiMu","PrayRite:ReiMu"],"picked":"SubcavityFantasy:ReiMu","floor":25}],"player_experience":394926,"relics_obtained":[{"floor":7,"key":"Replay:Kaleidoscope"},{"floor":9,"key":"ReplayTheSpireMod:Ninjato"},{"floor":10,"key":"hubris:BundleOfHerbs"},{"floor":14,"key":"Blood Vial"},{"floor":23,"key":"HoshigumaDish"},{"floor":25,"key":"Mirror"},{"floor":26,"key":"SkyOrb:ReiMu"}],"event_choices":[{"damage_healed":0,"gold_gain":175,"player_choice":"AGREE","damage_taken":0,"max_hp_gain":0,"max_hp_loss":0,"event_name":"Liars Game","floor":3,"gold_loss":0,"cards_obtained":["Doubt"]},{"damage_healed":0,"gold_gain":0,"player_choice":"Upgraded","damage_taken":0,"max_hp_gain":0,"max_hp_loss":0,"event_name":"Upgrade Shrine","floor":21,"gold_loss":0,"cards_upgraded":["NineCharacters:ReiMu"]}],"is_beta":false,"boss_relics":[{"not_picked":["Cursed Key","Replay:Ancient Bell"],"picked":"CrownOfHeavens:ReiMu"}],"items_purged_floors":[19],"is_endless":false,"potions_floor_spawned":[2,7,14,20,23],"killed_by":"Gremlin Leader","ascension_level":0}}