{"host":"dxmdoimsvept8qwy","time":1610414071,"event":{"mods":["BaseMod","Colored Powertips","Custom Start","Minty Spire (QoL Compilation)","StSLib","The Hierophant"],"gold_per_floor":[113,113,131,145,145,145,174,174,224,6,16,16,16],"floor_reached":12,"playtime":418,"items_purged":["Strike_G"],"score":117,"play_id":"e210d5fd-423e-411f-9b25-eccf63de6207","local_time":"20210111201431","is_ascension_mode":true,"campfire_choices":[{"data":"Noxious Fumes","floor":6,"key":"SMITH"},{"data":"Prepared","floor":8,"key":"SMITH"}],"circlet_count":0,"master_deck":["AscendersBane","Strike_G","Strike_G","Defend_G","Defend_G","Defend_G","Defend_G","Defend_G","Survivor","Neutralize","Prepared+1","Poisoned Stab","Noxious Fumes+1","Acrobatics","Underhanded Strike"],"relics":["Ring of the Snake","NeowsBlessing","Anchor","CeramicFish","Frozen Eye"],"acts_visited":["Exordium"],"potions_floor_usage":[12],"damage_taken":[{"damage":0,"enemies":"2 Louse","floor":1,"turns":1},{"damage":0,"enemies":"Cultist","floor":3,"turns":1},{"damage":0,"enemies":"Small Slimes","floor":4,"turns":1},{"damage":21,"enemies":"3 Sentries","floor":7,"turns":8},{"damage":0,"enemies":"Exordium Thugs","floor":11,"turns":4},{"damage":56,"enemies":"Gremlin Nob","floor":12,"turns":5}],"seed_played":"-5579226917686527471","potions_obtained":[{"floor":1,"key":"Dexterity Potion"},{"floor":4,"key":"CultistPotion"}],"is_trial":false,"path_per_floor":["M","?","M","M","?","R","E","R","T","$","M","E"],"character_chosen":"THE_SILENT","items_purchased":["Frozen Eye"],"campfire_rested":0,"item_purchase_floors":[10],"current_hp_per_floor":[63,63,63,63,63,63,42,42,42,42,42,0,0],"gold":16,"neow_bonus":"THREE_ENEMY_KILL","is_daily":false,"chose_seed":false,"campfire_upgraded":2,"win_rate":0.0,"timestamp":1610414071,"path_taken":["M","?","M","?","?","R","E","R","T","?","M","E"],"items_purchased_type":["Relic"],"build_version":"2020-12-22","purchased_purges":1,"victory":false,"max_hp_per_floor":[70,70,70,70,70,70,70,70,70,70,70,70,70],"card_choices":[{"not_picked":["Eviscerate","Underhanded Strike"],"picked":"Prepared","floor":1},{"not_picked":["Backflip","Dagger Spray"],"picked":"Noxious Fumes","floor":3},{"not_picked":["Slice","Deflect"],"picked":"Acrobatics","floor":4},{"not_picked":["Dash","Choke"],"picked":"Underhanded Strike","floor":7},{"not_picked":["Backflip","Acrobatics","Sucker Punch"],"picked":"SKIP","floor":11}],"player_experience":1025399,"relics_obtained":[{"floor":7,"key":"Anchor"},{"floor":9,"key":"CeramicFish"}],"event_choices":[{"damage_healed":0,"gold_gain":0,"cards_transformed":["Strike_G"],"player_choice":"Transformed","damage_taken":0,"max_hp_gain":0,"max_hp_loss":0,"event_name":"Transmorgrifier","floor":2,"gold_loss":0,"cards_obtained":["Poisoned Stab"]},{"cards_removed":["Strike_G"],"damage_healed":0,"gold_gain":0,"player_choice":"Forget","damage_taken":0,"max_hp_gain":0,"max_hp_loss":0,"event_name":"Living Wall","floor":5,"gold_loss":0}],"is_beta":false,"boss_relics":[],"items_purged_floors":[10],"is_endless":false,"potions_floor_spawned":[1,4],"killed_by":"Gremlin Nob","ascension_level":10}}