{"host":"kosfzzvw61a59szc","time":1610451081,"event":{"mods":["ATMod(∞¢Ë™Mod)","Act Like it!","Arknights The Spire","BaseMod","CapriCore","Downfall","Gensokyo","Marisa£®ÏF”Í°°ƒß¿Ì…≥£©","Minty Spire (QoL Compilation)","Reimu£®≤©¿ˆ¡È√Œ£©","Remilia£®¿Ÿ√◊¿Ú—«£©","Replay The Spire","Shop Mod","StSLib","The Administrix","WarShipGirlsR/’ΩΩ¢…Ÿ≈ÆR mod","Yakumo Yukari mod","Youmu£®ªÍ∆«—˝√Œ£©","°æπ¶ƒ‹Mod°øªÏ„Á÷Æª∑–ﬁ∏¥≤π∂°","°æ“≈ŒÔø®≈∆°øREMEMod","ÛÙª÷∏ƒœ"],"gold_per_floor":[131,143,155,180,210,222,260,289,301,328,373,385,409,50,62,172,184,216,228,240,46,578,590,619,631,643,689,701,713,605,628,640,735,747,772,795,892,922,934,946,958,970,982,994,1034,956,968,991,1003,1015,1027,1039,1051,1090,1102],"floor_reached":56,"playtime":5263,"items_purged":[],"score":1471,"play_id":"87f304d8-a776-4d5e-8c84-cfd214ba21df","local_time":"20210112193121","is_ascension_mode":false,"campfire_choices":[{"data":"expansioncontent:Corrupt","floor":6.0,"key":"SMITH"},{"data":"Apotheosis","floor":12.0,"key":"SMITH"},{"data":"ats:Dogmatic Field","floor":15.0,"key":"SMITH"},{"floor":29.0,"key":"RECALL"},{"data":"Night Terror","floor":32.0,"key":"SMITH"},{"data":"AT_FamilyPortrait","floor":40.0,"key":"SMITH"},{"data":"ats:Dogmatic Field","floor":47.0,"key":"SMITH"},{"data":"ats:Calcification","floor":49.0,"key":"SMITH"},{"data":"Gensokyo:GreaterSplit","floor":52,"key":"SMITH"}],"circlet_count":1,"master_deck":["ats:Strike C","ats:Strike S","ats:Armor Crushing Shot","ats:Defend","ats:Emotion Absorption","expansioncontent:Corrupt+1","AT_FamilyPortrait+1","ats:Magnetic Hammer","ats:Neurotoxin","ats:Thorns","ats:Automatic Cover","Apotheosis+1","expansioncontent:Collect","ats:Dogmatic Field+1","ats:Nebulous Foxfire","ats:Assault Order","ScarletNetherworld+1","ats:Beaten Up+1","ats:Childhood Dance+1","ats:Spore Proliferation","ReplayUltimateDefense","Night Terror+1","ats:Calcification","Replay:SS_hec_2","ats:Calcification+1","CurseOfTheBell","Magnetism","ReplayTheSpireMod:Uncanny Aura+1","Replay:SS_hec_1","ats:Directed Diagnosis+1","Injury","ats:Thorns+1","ats:Burning Ground+1","ats:Soul Rend","Sadistic Nature","ats:Dogmatic Field+1","Pain","Shame","Gensokyo:GreaterSplit+1","Doubt","Mayhem","Gensokyo:CustomPotion","Replay:SS_hec_1+1","ats:Red Shift+1","ReplayTheSpireMod:Brewmster"],"relics":["REME_ComplimentaryCards","AT_ATBox","REME_LowDesire","ReplayTheSpireMod:TigerMarble","MawBank","Gensokyo:NagashiBinaDoll","ats:Originium","Mastiff:ReiMu","Juzu Bracelet","Unceasing Top","ClockworkSouvenir","Cursed Key","Blue Doll","AT_SunfireAegis","Dream Catcher","Mercury Hourglass","Bird Faced Urn","CrazyTorch:ReiMu","Gensokyo:SpiderMask","Turnip","HornCleat","Prayer Wheel","Calling Bell","Bag of Marbles","Replay:WaspNest","FossilizedHelix","PreservedInsect","ReplayTheSpireMod:Ring of Exchange","Ring of Fangs","Circlet","Replay:Bottled Flurry"],"acts_visited":["Gensokyo:Gensokyo","Gensokyo:Gensokyoer","Gensokyo:Gensokyoest","TheEnding"],"potions_floor_usage":[55,55],"damage_taken":[{"damage":9.0,"enemies":"Gensokyo:Python","floor":1.0,"turns":4.0},{"damage":0.0,"enemies":"Gensokyo:3_Fairies","floor":4.0,"turns":5.0},{"damage":2.0,"enemies":"Gensokyo:Gryphon","floor":5.0,"turns":3.0},{"damage":0.0,"enemies":"Gensokyo:Mamizou","floor":7.0,"turns":8.0},{"damage":18.0,"enemies":"Gensokyo:CorruptedTreant","floor":8.0,"turns":5.0},{"damage":8.0,"enemies":"Gensokyo:VengefulSpirit","floor":10.0,"turns":5.0},{"damage":24.0,"enemies":"Gensokyo:Cirno","floor":11.0,"turns":11.0},{"damage":29.0,"enemies":"Gensokyo:Gryphon_and_Rabbit","floor":13.0,"turns":6.0},{"damage":89.0,"enemies":"Gensokyo:Reimu","floor":16.0,"turns":13.0},{"damage":69.0,"enemies":"Gensokyo:AngelMirror","floor":18.0,"turns":7.0},{"damage":78.0,"enemies":"Gensokyo:3_Dogs","floor":22.0,"turns":8.0},{"damage":38.0,"enemies":"Gensokyo:Slime_Group","floor":24.0,"turns":7.0},{"damage":39.0,"enemies":"Gensokyo:Reisen","floor":27.0,"turns":7.0},{"damage":48.0,"enemies":"Gensokyo:Tenshi","floor":31.0,"turns":6.0},{"damage":0.0,"enemies":"Gensokyo:Eiki","floor":33.0,"turns":15.0},{"damage":0.0,"enemies":"Gensokyo:3_Boulders","floor":35.0,"turns":2.0},{"damage":0.0,"enemies":"Gensokyo:3_Bats","floor":36.0,"turns":1.0},{"damage":13.0,"enemies":"Gensokyo:Sharpion","floor":38.0,"turns":6.0},{"damage":40.0,"enemies":"Gensokyo:Doremy","floor":45.0,"turns":8.0},{"damage":10.0,"enemies":"Gensokyo:3_Boulders","floor":48.0,"turns":6.0},{"damage":80.0,"enemies":"Gensokyo:Shinki","floor":50.0,"turns":11.0},{"damage":123,"enemies":"Shield and Spear","floor":54,"turns":6},{"damage":123,"enemies":"The Heart","floor":55,"turns":6}],"seed_played":"-6985240672144546037","potions_obtained":[{"floor":5.0,"key":"Weak Potion"},{"floor":7.0,"key":"Energy Potion"},{"floor":11.0,"key":"ats:Emergency Sanity Potion"},{"floor":16.0,"key":"ats:Top Emergency Sanity Potion"},{"floor":31.0,"key":"Weak Potion"},{"floor":33.0,"key":"BlessingOfTheForge"},{"floor":48.0,"key":"SkillPotion"}],"is_trial":false,"path_per_floor":["M","?","?","M","M","R","E","M","T","M","?","R","M","COS","R","B",null,"M","?","?","COS","M","?","M","?","T","E","?","R","?","E","R","B",null,"M","M","?","M","?","R","?","?","T","?","E","?","R","M","R","B",null,"R","$","E","B",null],"character_chosen":"DOCTOR_CLASS","items_purchased":[],"campfire_rested":0,"item_purchase_floors":[],"current_hp_per_floor":[63,63,56,56,54,54,54,36,36,44,32,32,75,75,75,72,86,73,73,73,73,86,91,91,91,91,91,82,82,82,91,91,91,91,91,91,91,91,91,91,91,91,91,91,91,91,91,81,81,91,91,91,91,39,30],"gold":1114,"neow_bonus":"BOSS_RELIC","is_daily":false,"chose_seed":false,"campfire_upgraded":8,"win_rate":0.0,"timestamp":1610451081,"path_taken":["M","?","?","M","M","R","E","M","T","M","?","R","M","COS","R","BOSS","M","?","?","COS","M","?","M","?","T","E","?","R","?","E","R","BOSS","M","M","?","M","?","R","?","?","T","?","E","?","R","M","R","BOSS","R","$","E","BOSS"],"items_purchased_type":[],"build_version":"2020-12-22","purchased_purges":0,"victory":true,"max_hp_per_floor":[72,72,86,86,86,86,86,86,86,86,86,86,86,86,86,86,86,86,86,86,86,86,91,91,91,91,91,91,91,91,91,91,91,91,91,91,91,91,91,91,91,91,91,91,91,91,91,91,91,91,91,91,91,91,91],"card_choices":[{"not_picked":["ats:Cat Scratch","ats:Neurotoxin","Bandage Up"],"picked":"ats:Magnetic Hammer","floor":1.0},{"not_picked":["ats:Childhood Dance","ats:Curse Doll","Violence"],"picked":"ats:Neurotoxin","floor":4.0},{"not_picked":["ats:Blood Oath","ats:Shadow Raid","AT_CelerityRune"],"picked":"ats:Thorns","floor":5.0},{"not_picked":["ats:Demon Strength","ats:Shadow Assault","Replay:BasicMightCard"],"picked":"ats:Automatic Cover","floor":7.0},{"not_picked":["ats:Chain Hook","ats:Hammer On","ats:Curse Doll"],"picked":"Apotheosis","floor":8.0},{"not_picked":["ats:Powerful Strike","ats:Leaping Hammer","ats:Flexible Camouflage"],"picked":"expansioncontent:Collect","floor":10.0},{"not_picked":["ats:Disruption Kick","ats:Rat Pack","REME_AllRoundStrike"],"picked":"ats:Dogmatic Field","floor":11.0},{"not_picked":["ats:Ignite","ats:Guardian Obelisk","ats:Childhood Dance"],"picked":"expansioncontent:Chronoboost","floor":13.0},{"not_picked":["ats:Ambush","ats:Soul Rend","Apotheosis"],"picked":"ats:Nebulous Foxfire","floor":16.0},{"not_picked":["ats:Apocalypse","ats:Flexible Camouflage","expansioncontent:FaceSlap"],"picked":"ats:Assault Order","floor":18.0},{"not_picked":["ats:Encircling Forest+1","ats:Curse Doll+1","Trip+1"],"picked":"ats:Beaten Up+1","floor":22.0},{"not_picked":["ats:Blood Oath","ats:Very Hot Blade","AT_Homeward"],"picked":"ats:Childhood Dance+1","floor":22.0},{"not_picked":["ats:Curse Doll","ats:Poison Spread","AT_CelerityRune"],"picked":"ats:Spore Proliferation","floor":24.0},{"not_picked":["ats:Wolf Pack","ats:Thorns","ats:Flexible Camouflage"],"picked":"ReplayUltimateDefense","floor":27.0},{"not_picked":["ats:Shadow Assault","ats:Echo Reverb","ats:Rat Pack"],"picked":"ats:Calcification","floor":31.0},{"not_picked":["ats:Poison Spread","ats:Cat Scratch","ats:Apocalypse"],"picked":"Replay:SS_hec_2","floor":31.0},{"not_picked":["ats:Nebulous Foxfire","ats:Echo Reverb","expansioncontent:Flail"],"picked":"ats:Calcification","floor":33.0},{"not_picked":["ats:Ignite+1","ats:Steam Pump+1","ats:Assault Order+1"],"picked":"Magnetism","floor":35.0},{"not_picked":["ats:Flexible Camouflage","ats:Childhood Dance+1","ats:Automatic Cover+1"],"picked":"ReplayTheSpireMod:Uncanny Aura+1","floor":35.0},{"not_picked":["ats:LN2 Cannon+1","ats:Support Order","ats:Steam Pump"],"picked":"Replay:SS_hec_1","floor":36.0},{"not_picked":["ats:Chain Hook+1","ats:Mental Burst+1","Specialist"],"picked":"ats:Directed Diagnosis+1","floor":36.0},{"not_picked":["ats:Revitalization","ats:Automatic Cover+1","Survey Options"],"picked":"ats:Thorns+1","floor":37.0},{"not_picked":["ats:Healing Drone","ats:Powerful Strike+1","ReplayTheSpireMod:Uncanny Aura"],"picked":"ats:Burning Ground+1","floor":37.0},{"not_picked":["ats:Very Hot Blade","ats:Support Order","Forethought+1"],"picked":"ats:Soul Rend","floor":38.0},{"not_picked":["ats:Curse Doll+1","ats:Assault Order","ats:Defend Order+1"],"picked":"Sadistic Nature","floor":38.0},{"not_picked":["ats:Soul Rend","ats:Red Shift+1","ats:Support Order"],"picked":"Mayhem","floor":45.0},{"not_picked":["ats:Leaping Hammer+1","ats:Burning Ground","ats:Sword Rain"],"picked":"Replay:SS_hec_1+1","floor":48.0},{"not_picked":["ats:Revitalization","ats:Assault Order+1","expansioncontent:Flail+1"],"picked":"ats:Red Shift+1","floor":48.0},{"not_picked":["ats:Neurotoxin","ats:Beaten Up","ats:Curse Doll+1"],"picked":"ReplayTheSpireMod:Brewmster","floor":54}],"player_experience":1236245,"relics_obtained":[{"floor":0.0,"key":"ReplayTheSpireMod:TigerMarble"},{"floor":0.0,"key":"MawBank"},{"floor":7.0,"key":"ats:Originium"},{"floor":7.0,"key":"Mastiff:ReiMu"},{"floor":9.0,"key":"Juzu Bracelet"},{"floor":11.0,"key":"ats:Originium"},{"floor":11.0,"key":"Unceasing Top"},{"floor":26.0,"key":"Mercury Hourglass"},{"floor":27.0,"key":"ats:Originium"},{"floor":27.0,"key":"CrazyTorch:ReiMu"},{"floor":31.0,"key":"HornCleat"},{"floor":34.0,"key":"Bag of Marbles"},{"floor":34.0,"key":"Replay:WaspNest"},{"floor":34.0,"key":"FossilizedHelix"},{"floor":37.0,"key":"PreservedInsect"},{"floor":42.0,"key":"ReplayTheSpireMod:Ring of Exchange"},{"floor":42.0,"key":"Ring of Fangs"},{"floor":45.0,"key":"Dead Branch"},{"floor":54,"key":"Replay:Bottled Flurry"}],"event_choices":[],"is_beta":false,"boss_relics":[{"not_picked":["Kintsugi","ats:Omniscience"],"picked":"Cursed Key"},{"not_picked":["Coffee Dripper","Astrolabe"],"picked":"Calling Bell"}],"items_purged_floors":[],"is_endless":false,"potions_floor_spawned":[5,7,11,16,31,33,38,48],"ascension_level":0}}