{"host":"Bilverbakes","time":1610415990,"event":{"mods":["2.2 Compatiblity","AchievementEnabler","BaseMod","Bestiary","Colored Map","Minty Spire (QoL Compilation)","Relic Stats","StSLib","ojb\u0027s Info Mod"],"gold_per_floor":[117,134,134,145,145,186,19,19,96,96,134,134,172,185,185,281,281,295,295,295,315,230,230,130,154,154,172,172,213,78,113,113,211,211,224,239,295,82,415,415,444,456,456,481,481,481,481,500,500,500,500],"floor_reached":50,"playtime":5886,"items_purged":["Strike_G","Distraction"],"score":1158,"play_id":"8f5661b4-efe4-472f-9f9b-f30e69545e6b","local_time":"20210111194630","is_ascension_mode":true,"campfire_choices":[{"data":"Dash","floor":8.0,"key":"SMITH"},{"floor":10.0,"key":"REST"},{"data":"Poisoned Stab","floor":15.0,"key":"SMITH"},{"data":"Leg Sweep","floor":23.0,"key":"SMITH"},{"floor":28.0,"key":"REST"},{"data":"Well Laid Plans","floor":32.0,"key":"SMITH"},{"data":"After Image","floor":46,"key":"SMITH"},{"floor":49,"key":"RECALL"}],"circlet_count":0,"master_deck":["AscendersBane","Survivor","Neutralize","Poisoned Stab+1","Backstab","Quick Slash","Dash+1","Blade Dance","Endless Agony","PiercingWail","Calculated Gamble","Crippling Poison","Die Die Die","Skewer","Wraith Form v2","Accuracy","Leg Sweep+1","Distraction+1","Eviscerate","Acrobatics","Crippling Poison","Blade Dance","Poisoned Stab+1","Backflip","Footwork","Reflex","Tactician+1","Well Laid Plans+1","Calculated Gamble","Blur","Dodge and Roll+1","Footwork","A Thousand Cuts","After Image+1","Blur","Acrobatics","Secret Technique","Leg Sweep+1","Prepared+1","Blur+1"],"relics":["Ring of the Snake","Centennial Puzzle","PreservedInsect","InkBottle","Prayer Wheel","Paper Crane","Pandora\u0027s Box","Ornamental Fan","Boot","War Paint","Cursed Key","Torii","Nunchaku","Toxic Egg 2","Smiling Mask"],"acts_visited":["Exordium","TheCity","TheBeyond"],"potions_floor_usage":[37,37],"damage_taken":[{"damage":2.0,"enemies":"Jaw Worm","floor":1.0,"turns":5.0},{"damage":2.0,"enemies":"Small Slimes","floor":2.0,"turns":3.0},{"damage":0.0,"enemies":"2 Louse","floor":4.0,"turns":3.0},{"damage":26.0,"enemies":"Gremlin Nob","floor":6.0,"turns":4.0},{"damage":10.0,"enemies":"3 Sentries","floor":11.0,"turns":7.0},{"damage":2.0,"enemies":"Lagavulin","floor":13.0,"turns":5.0},{"damage":3.0,"enemies":"Exordium Thugs","floor":14.0,"turns":4.0},{"damage":23.0,"enemies":"The Guardian","floor":16.0,"turns":13.0},{"damage":13.0,"enemies":"Shell Parasite","floor":18.0,"turns":4.0},{"damage":15.0,"enemies":"2 Thieves","floor":21.0,"turns":4.0},{"damage":1.0,"enemies":"Cultist and Chosen","floor":25.0,"turns":7.0},{"damage":10.0,"enemies":"Shelled Parasite and Fungi","floor":27.0,"turns":5.0},{"damage":1.0,"enemies":"Book of Stabbing","floor":29.0,"turns":4.0},{"damage":5.0,"enemies":"Gremlin Leader","floor":31.0,"turns":6.0},{"damage":12.0,"enemies":"Champ","floor":33.0,"turns":17.0},{"damage":0.0,"enemies":"Orb Walker","floor":35.0,"turns":4.0},{"damage":0.0,"enemies":"3 Shapes","floor":36.0,"turns":6.0},{"damage":17,"enemies":"2 Orb Walkers","floor":37,"turns":6},{"damage":9,"enemies":"Giant Head","floor":41,"turns":8},{"damage":2,"enemies":"Maw","floor":42,"turns":9},{"damage":2,"enemies":"Reptomancer","floor":44,"turns":5},{"damage":0,"enemies":"Transient","floor":48,"turns":6},{"damage":31,"enemies":"Time Eater","floor":50,"turns":18}],"seed_played":"5521960463081024350","potions_obtained":[{"floor":1.0,"key":"SteroidPotion"},{"floor":4.0,"key":"SpeedPotion"},{"floor":11.0,"key":"Ancient Potion"},{"floor":25.0,"key":"LiquidMemories"},{"floor":31.0,"key":"Swift Potion"},{"floor":33.0,"key":"DistilledChaos"},{"floor":41,"key":"Ancient Potion"}],"is_trial":false,"path_per_floor":["M","M","?","M","?","E","$","R","T","R","E","?","E","M","R","B",null,"M","?","?","M","?","R","$","M","T","M","R","E","$","E","R","B",null,"M","M","?","$","?","?","E","M","T","E","T","R","?","M","R","B"],"character_chosen":"THE_SILENT","items_purchased":["Dash","Blade Dance","Blur","Dodge and Roll","Nunchaku","Acrobatics"],"campfire_rested":2,"item_purchase_floors":[7,7,30,30,38,38],"current_hp_per_floor":[57,55,55,55,55,29,29,29,29,47,37,70,68,65,65,42,63,50,50,50,35,35,35,35,34,34,24,45,44,44,39,39,27,59,59,59,42,42,42,42,33,31,31,29,29,29,29,29,29,0,0],"gold":500,"neow_bonus":"RANDOM_COMMON_RELIC","is_daily":false,"chose_seed":false,"campfire_upgraded":5,"win_rate":0.0,"timestamp":1610415990,"path_taken":["M","M","?","M","?","E","$","R","T","R","E","?","E","M","R","BOSS","M","?","?","M","?","R","$","M","T","M","R","E","$","E","R","BOSS","M","M","?","$","?","?","E","M","T","E","?","R","?","M","R","BOSS"],"items_purchased_type":["Card","Card","Card","Card","Relic","Card"],"build_version":"2020-12-18","purchased_purges":2,"victory":false,"max_hp_per_floor":[66,66,66,66,60,60,60,60,60,60,60,70,70,70,70,70,70,70,70,70,70,70,70,70,70,70,70,70,70,70,70,70,70,70,70,70,70,70,70,70,70,70,70,70,70,70,66,66,66,66,66],"relic_stats":{"Torii":8,"counters":[23,153],"PreservedInsect":342,"War Paint":["Dodge and Roll","Distraction"],"Boot":[98],"Cursed Key":0,"Smiling Mask":0,"Centennial Puzzle":[57],"Nunchaku":[12],"Ornamental Fan":[252],"Prayer Wheel":10,"Pandora\u0027s Box":["Skewer","Distraction","Wraith Form v2","Accuracy","Leg Sweep","Distraction","Eviscerate","Acrobatics","Crippling Poison"],"obtain_stats":[{"Torii":37,"Golden Idol":5,"PreservedInsect":6,"Paper Crane":13,"War Paint":31,"Boot":29,"Cursed Key":34,"Smiling Mask":44,"Centennial Puzzle":0,"Nunchaku":38,"Ornamental Fan":22,"Prayer Wheel":11,"Pandora\u0027s Box":17,"Toxic Egg 2":41,"InkBottle":9,"Ring of the Snake":0},{"Torii":18,"Golden Idol":3,"PreservedInsect":4,"Paper Crane":6,"War Paint":14,"Boot":13,"Cursed Key":15,"Smiling Mask":21,"Centennial Puzzle":0,"Nunchaku":18,"Ornamental Fan":10,"Prayer Wheel":5,"Pandora\u0027s Box":8,"Toxic Egg 2":19,"InkBottle":4,"Ring of the Snake":0},{"Torii":107,"Golden Idol":11,"PreservedInsect":15,"Paper Crane":27,"War Paint":74,"Boot":68,"Cursed Key":91,"Smiling Mask":129,"Centennial Puzzle":0,"Nunchaku":107,"Ornamental Fan":52,"Prayer Wheel":22,"Pandora\u0027s Box":44,"Toxic Egg 2":115,"InkBottle":15,"Ring of the Snake":0}],"InkBottle":[68],"Ring of the Snake":[49]},"card_choices":[{"not_picked":["Cloak And Dagger","Flying Knee"],"picked":"Poisoned Stab","floor":1.0},{"not_picked":["Slice","Expertise"],"picked":"Backstab","floor":2.0},{"not_picked":["Deflect","Escape Plan"],"picked":"Night Terror","floor":4.0},{"not_picked":["Underhanded Strike","Escape Plan"],"picked":"Quick Slash","floor":6.0},{"not_picked":["Prepared","Acrobatics"],"picked":"Endless Agony","floor":11.0},{"not_picked":["Setup","Deflect"],"picked":"PiercingWail","floor":13.0},{"not_picked":["Tactician","Deadly Poison"],"picked":"Calculated Gamble","floor":14.0},{"not_picked":["Endless Agony","Bouncing Flask"],"picked":"Crippling Poison","floor":14.0},{"not_picked":["Storm of Steel","Phantasmal Killer"],"picked":"Die Die Die","floor":16.0},{"not_picked":["Quick Slash","Dagger Spray"],"picked":"Blade Dance","floor":18.0},{"not_picked":["Dagger Throw","Blade Dance","Dagger Spray"],"picked":"SKIP","floor":18.0},{"not_picked":["Endless Agony","Flying Knee"],"picked":"Poisoned Stab+1","floor":21.0},{"not_picked":["Deadly Poison","Tactician"],"picked":"Backflip","floor":21.0},{"not_picked":["Flechettes","Bane+1"],"picked":"Footwork","floor":25.0},{"not_picked":["Skewer","Eviscerate"],"picked":"Reflex","floor":25.0},{"not_picked":["Distraction","Well Laid Plans"],"picked":"Tactician+1","floor":27.0},{"not_picked":["Distraction","Acrobatics"],"picked":"Well Laid Plans","floor":27.0},{"not_picked":["Dagger Throw","PiercingWail"],"picked":"Calculated Gamble","floor":29.0},{"not_picked":["Catalyst","Bullet Time"],"picked":"Footwork","floor":31.0},{"not_picked":["Bullet Time","Unload"],"picked":"A Thousand Cuts","floor":33.0},{"not_picked":["Slice+1","Dodge and Roll","Dagger Throw"],"picked":"SKIP","floor":35.0},{"not_picked":["Prepared","Acrobatics","Backstab"],"picked":"SKIP","floor":35.0},{"not_picked":["Distraction","Deflect"],"picked":"After Image","floor":36.0},{"not_picked":["Escape Plan","Dagger Throw+1"],"picked":"Blur","floor":36.0},{"not_picked":["Good Instincts","Panacea"],"picked":"Secret Technique","floor":40},{"not_picked":["Accuracy","Caltrops"],"picked":"Leg Sweep+1","floor":41},{"not_picked":["Deflect+1","Dodge and Roll+1"],"picked":"Prepared+1","floor":42},{"not_picked":["Quick Slash","Endless Agony","Bane"],"picked":"SKIP","floor":42},{"not_picked":["Sucker Punch","Crippling Poison+1","Deflect+1"],"picked":"SKIP","floor":44},{"not_picked":["Footwork","Sucker Punch"],"picked":"Blur+1","floor":48},{"not_picked":["Catalyst+1","Underhanded Strike","Dodge and Roll+1"],"picked":"SKIP","floor":48}],"player_experience":670344,"relics_obtained":[{"floor":6.0,"key":"PreservedInsect"},{"floor":9.0,"key":"InkBottle"},{"floor":11.0,"key":"Prayer Wheel"},{"floor":13.0,"key":"Paper Crane"},{"floor":29.0,"key":"Boot"},{"floor":31.0,"key":"War Paint"},{"floor":37,"key":"Torii"},{"floor":41,"key":"Toxic Egg 2"},{"floor":44,"key":"Smiling Mask"}],"event_choices":[{"damage_healed":0.0,"max_hp_gain":0.0,"max_hp_loss":0.0,"gold_gain":0.0,"event_name":"Liars Game","player_choice":"Ignored","floor":3.0,"gold_loss":0.0,"damage_taken":0.0},{"damage_healed":0.0,"max_hp_gain":0.0,"max_hp_loss":6.0,"gold_gain":0.0,"event_name":"Golden Idol","player_choice":"Lose Max HP","floor":5.0,"gold_loss":0.0,"damage_taken":0.0,"relics_obtained":["Golden Idol"]},{"cards_removed":["Night Terror"],"damage_healed":23.0,"max_hp_gain":10.0,"max_hp_loss":0.0,"gold_gain":0.0,"event_name":"Bonfire Elementals","player_choice":"Offered Rare","floor":12.0,"gold_loss":0.0,"damage_taken":0.0},{"damage_healed":0.0,"max_hp_gain":0.0,"max_hp_loss":0.0,"gold_gain":0.0,"event_name":"Vampires","player_choice":"Ignored","floor":19.0,"gold_loss":0.0,"damage_taken":0.0},{"damage_healed":0.0,"max_hp_gain":0.0,"max_hp_loss":0.0,"gold_gain":0.0,"event_name":"The Mausoleum","player_choice":"Ignored","floor":20.0,"gold_loss":0.0,"damage_taken":0.0},{"damage_healed":0.0,"max_hp_gain":0.0,"max_hp_loss":0.0,"gold_gain":0.0,"event_name":"Addict","player_choice":"Obtained Relic","floor":22.0,"gold_loss":85.0,"damage_taken":0.0,"relics_obtained":["Ornamental Fan"]},{"damage_healed":0,"gold_gain":0,"player_choice":"Fight","damage_taken":0,"max_hp_gain":0,"max_hp_loss":0,"event_name":"Mysterious Sphere","floor":37,"gold_loss":0},{"damage_healed":0,"gold_gain":333,"player_choice":"Gave Idol","damage_taken":0,"max_hp_gain":0,"max_hp_loss":0,"event_name":"The Moai Head","floor":39,"relics_lost":["Golden Idol"],"gold_loss":0},{"damage_healed":0,"gold_gain":0,"player_choice":"Memory 1","damage_taken":0,"max_hp_gain":0,"max_hp_loss":0,"event_name":"SensoryStone","floor":40,"gold_loss":0},{"damage_healed":0,"gold_gain":0,"player_choice":"Max HP","damage_taken":0,"max_hp_gain":0,"max_hp_loss":4,"event_name":"Winding Halls","floor":47,"gold_loss":0}],"is_beta":true,"boss_relics":[{"not_picked":["Tiny House","HoveringKite"],"picked":"Pandora\u0027s Box"},{"not_picked":["Busted Crown","SlaversCollar"],"picked":"Cursed Key"}],"items_purged_floors":[7,24],"is_endless":false,"potions_floor_spawned":[1,4,11,25,31,33,36,41],"killed_by":"Time Eater","ascension_level":20}}