{"host":"11728qvdvolffudn","time":1610463970,"event":{"mods":["BaseMod","Block Reminder","Colored Powertips","Curses Come First","Custom Start","Displayed Cursed Tome","Highlight Path","Minty Spire (QoL Compilation)","Permanent Neow","Quick Restart","Rare Cards Sparkle","Relic Stats","StSLib"],"gold_per_floor":[112,287,301,88,88,88,104,104,104,104,104,120,133,144,144,243,243,259,259,270,142,157,157,157,157,157],"floor_reached":25,"playtime":995,"items_purged":["Doubt"],"score":193,"play_id":"cb27200d-eee0-47f7-be35-733974f9eb46","local_time":"20210112150610","is_ascension_mode":false,"campfire_choices":[{"data":"Capacitor","floor":6,"key":"SMITH"},{"data":"Biased Cognition","floor":8,"key":"SMITH"},{"data":"Zap","floor":11,"key":"SMITH"},{"data":"Chaos","floor":15,"key":"SMITH"},{"data":"Defragment","floor":23,"key":"SMITH"}],"circlet_count":0,"master_deck":["Strike_B","Strike_B","Strike_B","Strike_B","Defend_B","Defend_B","Defend_B","Defend_B","Zap+1","Dualcast","White Noise+1","Coolheaded","Biased Cognition+1","Beam Cell","Beam Cell","Chaos+1","Defragment+1","Dramatic Entrance","Storm"],"relics":["Cracked Core","Anchor","Inserter"],"acts_visited":["Exordium","TheCity"],"potions_floor_usage":[16],"damage_taken":[{"damage":10,"enemies":"Small Slimes","floor":1,"turns":4},{"damage":4,"enemies":"Jaw Worm","floor":3,"turns":4},{"damage":2,"enemies":"2 Louse","floor":7,"turns":3},{"damage":0,"enemies":"Blue Slaver","floor":12,"turns":3},{"damage":2,"enemies":"Lots of Slimes","floor":13,"turns":4},{"damage":9,"enemies":"Large Slime","floor":14,"turns":4},{"damage":38,"enemies":"The Guardian","floor":16,"turns":8},{"damage":14,"enemies":"Spheric Guardian","floor":18,"turns":5},{"damage":2,"enemies":"Shell Parasite","floor":20,"turns":7},{"damage":6,"enemies":"Centurion and Healer","floor":22,"turns":5}],"seed_played":"-6308315169960206489","potions_obtained":[{"floor":12,"key":"SkillPotion"},{"floor":13,"key":"FocusPotion"},{"floor":14,"key":"Ancient Potion"},{"floor":20,"key":"SteroidPotion"},{"floor":22,"key":"BlessingOfTheForge"}],"is_trial":false,"path_per_floor":["M","?","M","$","?","R","M","R","T","?","R","M","M","M","R","B",null,"M","?","M","$","M","R","$","?"],"character_chosen":"DEFECT","items_purchased":["Biased Cognition","Defragment","Dramatic Entrance"],"campfire_rested":0,"item_purchase_floors":[4,21,21],"current_hp_per_floor":[65,65,61,61,66,66,64,64,64,64,64,64,62,53,53,15,80,66,66,64,64,58,58,58,58,58],"gold":157,"neow_bonus":"THREE_CARDS","is_daily":false,"chose_seed":false,"campfire_upgraded":5,"win_rate":0.0,"timestamp":1610463970,"path_taken":["M","?","M","$","?","R","M","R","T","?","R","M","M","M","R","BOSS","M","?","?","$","M","R","?","?"],"items_purchased_type":["Card","Card","Card"],"build_version":"2020-12-22","purchased_purges":1,"victory":false,"max_hp_per_floor":[75,75,75,75,80,80,80,80,80,80,80,80,80,80,80,80,80,80,80,80,80,80,80,80,80,80],"relic_stats":{"Inserter":[8],"counters":[10,47],"obtain_stats":[{"Anchor":9,"Inserter":17,"Cracked Core":0},{"Anchor":3,"Inserter":7,"Cracked Core":0},{"Anchor":11,"Inserter":30,"Cracked Core":0}]},"card_choices":[{"not_picked":["Doom and Gloom","Steam"],"picked":"White Noise","floor":0},{"not_picked":["Compile Driver","Hologram"],"picked":"Coolheaded","floor":1},{"not_picked":["Steam","Chaos"],"picked":"Capacitor","floor":3},{"not_picked":["Rebound","All For One"],"picked":"Beam Cell","floor":7},{"not_picked":["Doom and Gloom","Turbo"],"picked":"Beam Cell","floor":12},{"not_picked":["Doom and Gloom","Compile Driver","Cold Snap"],"picked":"SKIP","floor":13},{"not_picked":["Steam","Compile Driver"],"picked":"Chaos","floor":14},{"not_picked":["Force Field+1","Lockon","Sweeping Beam"],"picked":"SKIP","floor":18},{"not_picked":["Steam","Ball Lightning","Reinforced Body"],"picked":"SKIP","floor":20},{"not_picked":["Static Discharge","Steam","Double Energy"],"picked":"SKIP","floor":22}],"player_experience":108060,"relics_obtained":[{"floor":9,"key":"Anchor"}],"event_choices":[{"damage_healed":0,"gold_gain":175,"player_choice":"AGREE","damage_taken":0,"max_hp_gain":0,"max_hp_loss":0,"event_name":"Liars Game","floor":2,"gold_loss":0,"cards_obtained":["Doubt"]},{"damage_healed":0,"gold_gain":0,"player_choice":"Donut","damage_taken":0,"max_hp_gain":5,"max_hp_loss":0,"event_name":"Big Fish","floor":5,"gold_loss":0},{"damage_healed":0,"gold_gain":0,"player_choice":"Grow","damage_taken":0,"max_hp_gain":0,"max_hp_loss":0,"event_name":"Living Wall","floor":10,"gold_loss":0,"cards_upgraded":["White Noise"]},{"damage_healed":0,"gold_gain":0,"player_choice":"Ignored","damage_taken":0,"max_hp_gain":0,"max_hp_loss":0,"event_name":"N\u0027loth","floor":19,"gold_loss":0},{"damage_healed":0,"gold_gain":0,"cards_transformed":["Capacitor"],"player_choice":"Transformed","damage_taken":0,"max_hp_gain":0,"max_hp_loss":0,"event_name":"Transmorgrifier","floor":25,"gold_loss":0,"cards_obtained":["Storm"]}],"is_beta":false,"boss_relics":[{"not_picked":["SacredBark","Empty Cage"],"picked":"Inserter"}],"items_purged_floors":[4],"is_endless":false,"potions_floor_spawned":[12,13,14,20,22],"ascension_level":0}}