{"host":"4xbawe663uhw4m9s","time":1610478756,"event":{"mods":["Act Like it!","Bard","BaseMod","Beaked The Cultist","Better Third Choice","BetterRewards","CCEM","Conspire","Downfall","GifTheSpireLib","Halation","Hallownest","Hermit","Hubris","Hunter ??","Infinite Spire","Jedi Mod","Jorbs\u0027s Wanderer Trilogy","Mad Scientist","Marisa????????","Mimic Mod","Minty Spire (QoL Compilation)","Permanent Neow","Replay The Spire","Shade Mod","Shop Mod","Spicy Shops","StSLib","Stuff the Spire","The Administrix","The Animator","The Bug Knight","The Construct","The Cursed","The Disciple","The Gatherer","The Hierophant","The Jungle","The Mystic","The Problem Sleuth","The Runesmith","The Servant 0.9.4","The Spell Scribe","The Witch"],"gold_per_floor":[210,210,210,222,297,329,329,356,408,427,427,427,175,191,191,289,289,300,300,313,313,1,31,31,42,65,65,65],"floor_reached":27,"playtime":1855,"items_purged":["Strike_G"],"score":239,"play_id":"949d42c8-b336-49ce-a35f-c3480b064c8a","local_time":"20210112201236","is_ascension_mode":false,"campfire_choices":[{"data":"Replay:Fractal Strike","floor":7.0,"key":"SMITH"},{"floor":12.0,"key":"REST"},{"floor":24,"key":"REST"}],"circlet_count":0,"master_deck":["Strike_G","Strike_G","Strike_G","Strike_G+1","Defend_G","Defend_G+1","Defend_G","Defend_G","Defend_G","Survivor","Neutralize","Backflip","conspire:PoisonWeapons","jedi:studypoison+1","Choke","Writhe","jedi:pocketpoison+1","Leg Sweep","jedi:poisonivy","Replay:Fractal Strike+1"],"relics":["Ring of the Snake","halation:TwoAmDonut","CCEMRelics:Pendulum","Simple Rune","jedi:rubbersling","halation:EternalFortune","hubris:MysteriousPyramids","SlaversCollar","hubris:Towel","hubris:TenFootPole","StuffTheSpire:Mouthbags","PreservedInsect"],"acts_visited":["Hallownest:Greenpath","Hallownest:Greenpath"],"potions_floor_usage":[25],"damage_taken":[{"damage":0.0,"enemies":"Hallownest:monsterHuskWarrior","floor":1.0,"turns":3.0},{"damage":3.0,"enemies":"Hallownest:monsterHuskGuard","floor":4.0,"turns":6.0},{"damage":9.0,"enemies":"Hallownest:eliteMossKnight","floor":6.0,"turns":11.0},{"damage":32.0,"enemies":"Hallownest:eliteVengeflyKing","floor":8.0,"turns":16.0},{"damage":0.0,"enemies":"Hallownest:2_MossCreeps","floor":10.0,"turns":4.0},{"damage":8,"enemies":"Hallownest:1_Ooma_and_2_Uuma","floor":14,"turns":9},{"damage":42,"enemies":"Hallownest:BossBrokenVessel","floor":16,"turns":11},{"damage":40,"enemies":"Shell Parasite","floor":18,"turns":8},{"damage":4,"enemies":"theJungle:Flameango_and_Byrd","floor":20,"turns":6},{"damage":21,"enemies":"theJungle:2_Phrogs","floor":23,"turns":6},{"damage":21,"enemies":"theJungle:2_Snecko_Cultists","floor":25,"turns":6},{"damage":8,"enemies":"theJungle:JungleHuntersEncounter","floor":27,"turns":2}],"seed_played":"3925505739976052331","potions_obtained":[{"floor":4.0,"key":"CultistPotion"},{"floor":8.0,"key":"GamblersBrew"},{"floor":10.0,"key":"Milkshake"},{"floor":25,"key":"sneckomod:MuddlingPotion"}],"is_trial":false,"path_per_floor":["M","?","?","M","T","E","R","E","T","M","?","R","$","M","R","B",null,"M","?","M","?","$","E","R","M","T","M"],"character_chosen":"THE_SILENT","items_purchased":["Choke","hubris:MysteriousPyramids","jedi:poisonivy","hubris:TenFootPole"],"campfire_rested":2,"item_purchase_floors":[13,13,22,22],"current_hp_per_floor":[70,53,53,50,50,41,41,24,24,24,27,48,48,40,61,19,73,33,33,29,29,29,8,29,8,8,0,0],"gold":65,"neow_bonus":"HUNDRED_GOLD","is_daily":false,"chose_seed":false,"campfire_upgraded":1,"win_rate":0.0,"timestamp":1610478756,"path_taken":["M","?","?","M","?","E","R","E","T","M","?","R","$","M","R","BOSS","M","?","M","?","$","E","R","M","T","M"],"items_purchased_type":["Card","Relic","Card","Relic"],"build_version":"2020-12-22","purchased_purges":1,"victory":false,"max_hp_per_floor":[70,70,70,70,70,70,70,70,70,70,73,73,73,73,73,73,73,73,73,73,73,73,73,73,73,73,73,73],"card_choices":[{"not_picked":["Slice","Choke"],"picked":"Backflip","floor":1.0},{"not_picked":["ReplayTheSpireMod:Echoes of Time","infinitespire:Starlight"],"picked":"Replay:Fractal Strike","floor":2.0},{"not_picked":["Blur","Dagger Throw","Prepared"],"picked":"SKIP","floor":4.0},{"not_picked":["PiercingWail","hubris:SlightOfHand"],"picked":"conspire:PoisonWeapons","floor":6.0},{"not_picked":["ReplayTheSpireMod:Tripwire","StuffTheSpire:ClusterCrunch"],"picked":"jedi:studypoison","floor":8.0},{"not_picked":["Quick Slash","Masterful Stab","StuffTheSpire:Repulse"],"picked":"SKIP","floor":10.0},{"not_picked":["jedi:pocketpoison","Flying Knee","StuffTheSpire:Python"],"picked":"SKIP","floor":14},{"not_picked":["StuffTheSpire:Python","Dodge and Roll+1","StuffTheSpire:BumpUp"],"picked":"SKIP","floor":18},{"not_picked":["Underhanded Strike","StuffTheSpire:Repulse"],"picked":"jedi:pocketpoison+1","floor":20},{"not_picked":["StuffTheSpire:Python","Dodge and Roll","Venomology"],"picked":"SKIP","floor":23},{"not_picked":["Quick Slash","Dodge and Roll+1","Dagger Spray+1"],"picked":"SKIP","floor":25}],"player_experience":2278,"relics_obtained":[{"floor":5.0,"key":"halation:TwoAmDonut"},{"floor":6.0,"key":"CCEMRelics:Pendulum"},{"floor":8.0,"key":"Simple Rune"},{"floor":9.0,"key":"jedi:rubbersling"},{"floor":23,"key":"StuffTheSpire:Mouthbags"},{"floor":26,"key":"PreservedInsect"}],"event_choices":[],"is_beta":false,"boss_relics":[{"not_picked":["halation:HeavySnake","Astrolabe"],"picked":"SlaversCollar"}],"items_purged_floors":[13],"is_endless":false,"potions_floor_spawned":[4,8,10,18,25],"killed_by":"theJungle:JungleHuntersEncounter","ascension_level":0}}