{"host":"fm9e0lfunjlbhzxv","time":1610493731,"event":{"mods":["100% Spire Juice","2.2 Compatiblity","Abigail Mod","Astrologer","Bartender","BaseMod","Bestiary","Better Match","Better Skull","Better Third Choice","Colored Map","Colored Powertips","Energized Spire","Key Reminder","Koishi","Minty Spire (QoL Compilation)","Permanent Neow","Rare Cards Sparkle","Relic Stats","Spicy Shops","StSLib","The Administrix","The Bug Knight","The Servant 0.9.4","The Vixen","slay the spire mod where everything is the same but ironclad has a cowboy hat"],"gold_per_floor":[118,128,128,138,155,155,172,172,172,172,97,128,138,173,173,270,270,286,286,7,7,17,17,17],"floor_reached":23,"language":"ENG","playtime":1290,"items_purged":["Defend_Bartender","Strike_Bartender"],"score":201,"play_id":"8811e027-a9d4-4d24-968d-046395ab062b","local_time":"20210112152211","is_ascension_mode":false,"campfire_choices":[{"data":"Blizzard_Spikes","floor":6,"key":"SMITH"},{"data":"Bicycle_Kick","floor":8,"key":"SMITH"},{"floor":10,"key":"RECALL"},{"floor":15,"key":"REST"}],"circlet_count":0,"master_deck":["Strike_Bartender","Defend_Bartender","Defend_Bartender","Defend_Bartender","Somersault","Bicycle_Kick+1","Training_Dummy","Bitters","Blizzard_Spikes+1","Foot_Thrust","Top_Shelf","Step_Of_The_Wind","Bicycle_Kick","Moonsault_Kick","Pony_Shot","RockBreaker","Top_Shelf","Waterkick"],"relics":["Silver_Glasses","Cowboy_Hat","keyreminder:keyreminder","Blood Vial","Turnip","Black Star","Protect_Vest","Enchiridion"],"acts_visited":["Exordium","TheCity"],"potions_floor_usage":[4,23],"damage_taken":[{"damage":4,"enemies":"2 Louse","floor":1,"turns":4},{"damage":0,"enemies":"Cultist","floor":2,"turns":3},{"damage":3,"enemies":"Jaw Worm","floor":4,"turns":4},{"damage":5,"enemies":"2 Fungi Beasts","floor":5,"turns":5},{"damage":4,"enemies":"Exordium Thugs","floor":7,"turns":5},{"damage":8,"enemies":"Gremlin Nob","floor":12,"turns":4},{"damage":2,"enemies":"Blue Slaver","floor":13,"turns":3},{"damage":27,"enemies":"3 Sentries","floor":14,"turns":6},{"damage":11,"enemies":"Hexaghost","floor":16,"turns":8},{"damage":25,"enemies":"Spheric Guardian","floor":18,"turns":4},{"damage":0,"enemies":"Chosen","floor":22,"turns":4},{"damage":48,"enemies":"Gremlin Leader","floor":23,"turns":5}],"seed_played":"-1798127971039048108","potions_obtained":[{"floor":1,"key":"Energy Potion"},{"floor":2,"key":"Block Potion"},{"floor":3,"key":"Regen Potion"},{"floor":5,"key":"Weak Potion"},{"floor":22,"key":"CultistPotion"}],"is_trial":false,"path_per_floor":["M","M","?","M","M","R","M","R","T","R","$","E","M","E","R","B",null,"M","?","$","?","M","E"],"character_chosen":"BARTENDER","items_purchased":["Protect_Vest","Waterkick"],"campfire_rested":1,"item_purchase_floors":[20,20],"current_hp_per_floor":[66,66,66,63,58,58,54,54,54,54,54,46,46,21,42,33,70,45,45,45,29,31,0,0],"gold":17,"neow_bonus":"BOSS_RELIC","is_daily":false,"chose_seed":false,"campfire_upgraded":2,"win_rate":0.0,"timestamp":1610493731,"path_taken":["M","M","?","?","?","R","M","R","T","R","$","E","M","E","R","BOSS","M","?","$","?","M","E"],"items_purchased_type":["Relic","Card"],"build_version":"2020-12-22","purchased_purges":2,"victory":false,"max_hp_per_floor":[70,70,70,70,70,70,70,70,70,70,70,70,70,70,70,70,70,70,70,70,70,70,70,70],"relic_stats":{"Blood Vial":10,"counters":[12,52],"Turnip":[5],"Black Star":0,"obtain_stats":[{"keyreminder:keyreminder":10,"Blood Vial":12,"Sneakers":0,"Enchiridion":21,"Turnip":14,"Black Star":17,"Protect_Vest":20,"Silver_Glasses":0,"Cowboy_Hat":9},{"keyreminder:keyreminder":5,"Blood Vial":6,"Sneakers":0,"Enchiridion":10,"Turnip":8,"Black Star":9,"Protect_Vest":10,"Silver_Glasses":0,"Cowboy_Hat":5},{"keyreminder:keyreminder":20,"Blood Vial":24,"Sneakers":0,"Enchiridion":44,"Turnip":33,"Black Star":40,"Protect_Vest":44,"Silver_Glasses":0,"Cowboy_Hat":20}]},"card_choices":[{"not_picked":["Dragonkick","Insight_B"],"picked":"Bicycle_Kick","floor":1},{"not_picked":["Insight_B","Feint"],"picked":"Training_Dummy","floor":2},{"not_picked":["Dragonkick","With_A_Twist"],"picked":"Bitters","floor":4},{"not_picked":["Glare","Bitters"],"picked":"Blizzard_Spikes","floor":5},{"not_picked":["Power_Up_Punch","Cold_Blooded"],"picked":"Foot_Thrust","floor":7},{"not_picked":["Pony_Shot","Hook"],"picked":"Top_Shelf","floor":12},{"not_picked":["Foot_Thrust","Dragonkick"],"picked":"Step_Of_The_Wind","floor":13},{"not_picked":["Waterkick","Mirage"],"picked":"Bicycle_Kick","floor":14},{"not_picked":["Breathe_Deep","Beat_Rush"],"picked":"Moonsault_Kick","floor":16},{"not_picked":["Pony_Shot","On_The_Rocks","Meditate+1"],"picked":"SKIP","floor":18},{"not_picked":["On_The_Rocks","Meditate+1"],"picked":"Pony_Shot","floor":18},{"not_picked":["Scoop","Rising_Crane","Step_Of_The_Wind"],"picked":"SKIP","floor":22}],"player_experience":666040,"relics_obtained":[{"floor":9,"key":"Cowboy_Hat"},{"floor":12,"key":"Blood Vial"},{"floor":14,"key":"Turnip"},{"floor":21,"key":"Enchiridion"}],"event_choices":[{"damage_healed":0,"gold_gain":0,"player_choice":"Got Potions","damage_taken":0,"max_hp_gain":0,"max_hp_loss":0,"event_name":"Lab","floor":3,"gold_loss":0},{"damage_healed":0,"gold_gain":0,"cards_transformed":["Strike_Bartender","Strike_Bartender"],"player_choice":"Became Test Subject","damage_taken":0,"max_hp_gain":0,"max_hp_loss":0,"event_name":"Drug Dealer","floor":19,"gold_loss":0,"cards_obtained":["RockBreaker","Top_Shelf"]},{"damage_healed":0,"gold_gain":0,"player_choice":"Obtained Book","damage_taken":16,"max_hp_gain":0,"max_hp_loss":0,"event_name":"Cursed Tome","floor":21,"gold_loss":0}],"is_beta":false,"boss_relics":[{"not_picked":["Calling Bell","energizedSpire:RedRose"],"picked":"Black Star"}],"items_purged_floors":[11,20],"is_endless":false,"potions_floor_spawned":[1,2,5,12,18,22],"killed_by":"Gremlin Leader","ascension_level":0}}