{"host":"rupmf8lnk599ormj","time":1610421912,"event":{"mods":["2.2 Compatiblity","AchievementEnabler","BaseMod","Better Match","Better Third Choice","BetterRewards","ChefMod","Colored Map","Colored Powertips","Downfall","Evolution","Gold Saver","Googly Eyes","Hero for Fun","Hubris","Minty Spire (QoL Compilation)","Quick Restart","Rare Cards Sparkle","Replay The Spire","Spicy Shops","StSLib","The Cursed","The Poker Player"],"gold_per_floor":[1353,1398,1443,1488,1533,1533,1533,1533,492,537,582,672,717,762,807,1107,1107,1032,1077,1077,1122,632,677,702,747,822,867,67,67,112,34,79,379,379,379,424,469,469,469,514,514,514,703,648,648,693,738,738,783,783],"floor_reached":51,"playtime":3786,"items_purged":[],"score":1011,"play_id":"c1252739-0f3b-4ffc-b024-e67a352225f0","local_time":"20210111222512","daily_mods":["Cursed Run","Time Dilation","Midas"],"is_ascension_mode":false,"campfire_choices":[{"floor":1,"key":"RECALL"},{"floor":29,"key":"REST"},{"floor":35,"key":"DIG"},{"floor":42,"key":"REST"}],"circlet_count":0,"master_deck":["expansioncontent:DarkVoid","Defend_B","Defend_B+1","Defend_B","Defend_B","Zap","Dualcast","Loop","ReplayTheSpireMod:Reroute Power","Streamline","hubris:Despair","Coolheaded+1","BasicCrystalCard","Chaos","Gash","ReplayGash","Self Repair","Biased Cognition","Conserve Battery","Reprogram","Cold Snap","Aggregate","FIFO Queue","Replay:UnknownCurse","Slimebound:Tackle+1","Slimebound:Tackle+1","Slimebound:Tackle+1","Cold Snap+1","ReplayTheSpireMod:Calculation Training","Pain","Barrage+1","BootSequence+1","Loop+1","Crow Ritual","Steam","Lockon","Hello World+1","Crystallizer+1","Decay","Rebound","Conserve Battery","Genetic Algorithm+1","Turbo+1","hubris:EnhanceAbility","Reboot","Ball Lightning","Streamline","expansioncontent:DecasProtection","Gash","Go for the Eyes","Voices","Echo Form","Loop+1","Ball Lightning+1","Conserve Battery","FTL","Ball Lightning","hexamod:Haunted","hubris:Envy","Darkness+1","ReplaySolidLightProjector+1","Overencumbered","Darkness+1","Time Bomb+1","Genetic Algorithm+1","Turbo+1","expansioncontent:LastStand","expansioncontent:CaCaw","expansioncontent:Chronoboost","Melter+1","Doom and Gloom","Spreading Infection"],"relics":["Cursed Key","Darkstone Periapt","Du-Vu Doll","EVO:Axolotl","Akabeko","Lizard Tail","Nunchaku","Replay:Towering Pillar of Hats","hubris:64BitClover","Ring of Chaos","downfall:HeartBlessingRed","Prayer Wheel","WarpedTongs","Guardian:PocketSentry","hubris:MedicalManual","Potion Belt","Bronze Scales","Vajra","Medical Kit","Regal Pillow","ReplayTheSpireMod:Shallot","Nuclear Battery","Tiny Chest","hexamod:BolsterEngine","DataDisk","Ice Cream","Dream Catcher"],"acts_visited":["Exordium","TheCity","TheBeyond"],"potions_floor_usage":[11,15,16,19,25,33],"damage_taken":[{"damage":1,"enemies":"Cultist","floor":2,"turns":3},{"damage":0,"enemies":"2 Louse","floor":3,"turns":2},{"damage":11,"enemies":"Jaw Worm","floor":4,"turns":3},{"damage":5,"enemies":"Looter","floor":5,"turns":3},{"damage":0,"enemies":"downfall:FleeingMerchant","floor":9,"turns":4},{"damage":0,"enemies":"Gremlin Gang","floor":10,"turns":1},{"damage":10,"enemies":"Large Slime","floor":11,"turns":3},{"damage":4,"enemies":"Lagavulin","floor":12,"turns":7},{"damage":0,"enemies":"Red Slaver","floor":13,"turns":2},{"damage":6,"enemies":"Looter","floor":14,"turns":4},{"damage":0,"enemies":"Exordium Thugs","floor":15,"turns":4},{"damage":28,"enemies":"The Guardian","floor":16,"turns":10},{"damage":26,"enemies":"3 Byrds","floor":19,"turns":7},{"damage":9,"enemies":"Cultist and Chosen","floor":21,"turns":8},{"damage":14,"enemies":"downfall:FleeingMerchant","floor":22,"turns":4},{"damage":0,"enemies":"Snake Plant","floor":23,"turns":3},{"damage":11,"enemies":"Centurion and Healer","floor":25,"turns":4},{"damage":2,"enemies":"Cultist and Chosen","floor":27,"turns":4},{"damage":3,"enemies":"downfall:FleeingMerchant","floor":28,"turns":4},{"damage":1,"enemies":"3 Cultists","floor":30,"turns":4},{"damage":2,"enemies":"downfall:FleeingMerchant","floor":31,"turns":3},{"damage":9,"enemies":"Sentry and Sphere","floor":32,"turns":4},{"damage":0,"enemies":"downfall:Silent","floor":33,"turns":4},{"damage":12,"enemies":"3 Shapes","floor":36,"turns":3},{"damage":10,"enemies":"3 Darklings","floor":37,"turns":3},{"damage":8,"enemies":"Transient","floor":40,"turns":5},{"damage":2,"enemies":"4 Shapes","floor":44,"turns":4},{"damage":10,"enemies":"Maw","floor":46,"turns":4},{"damage":27,"enemies":"Transient","floor":47,"turns":5},{"damage":14,"enemies":"Spire Growth","floor":49,"turns":3},{"damage":0,"enemies":"downfall:Watcher","floor":50,"turns":7}],"seed_played":"-5514344210177769252","potions_obtained":[{"floor":2,"key":"PotionOfCapacity"},{"floor":3,"key":"Fire Potion"},{"floor":10,"key":"champ:CounterPotion"},{"floor":12,"key":"SkillPotion"},{"floor":13,"key":"Venom Potion"},{"floor":21,"key":"LiquidBronze"},{"floor":26,"key":"downfall:CursedFountainPotion"},{"floor":27,"key":"Strength Potion"},{"floor":30,"key":"Reflective Coating"},{"floor":32,"key":"sneckomod:MuddlingPotion"},{"floor":36,"key":"LiquidBronze"},{"floor":37,"key":"Venom Potion"},{"floor":43,"key":"BlessingOfTheForge"}],"is_trial":false,"path_per_floor":["R_BF","M","M","M","M","?","T","?","$","M","M","E","M","M","M","B",null,"R_BF","M","?","M","$","M","T","M","?","M","$","R","M","$","M","B",null,"R_BF","M","M","?","?","M","T","R","?","M","T","M","M","?","M","B",null],"character_chosen":"DEFECT","items_purchased":["Chaos","Lizard Tail","Nunchaku","Replay:Towering Pillar of Hats","Gash","ReplayGash","Self Repair","Guardian:PocketSentry","Crow Ritual","Steam","Lockon","Bronze Scales","Vajra","Medical Kit","hubris:EnhanceAbility","Reboot","Regal Pillow","ReplayTheSpireMod:Shallot","expansioncontent:DecasProtection"],"campfire_rested":2,"item_purchase_floors":[9,9,9,9,9,9,9,22,22,22,22,28,28,28,28,28,31,31,31],"current_hp_per_floor":[75,74,74,63,58,58,64,64,64,64,61,64,64,65,65,43,87,87,68,74,72,58,58,64,60,99,99,96,99,99,99,90,96,105,105,93,83,83,89,88,94,117,123,121,127,117,97,87,73,79],"gold":783,"neow_bonus":"","is_daily":true,"chose_seed":false,"campfire_upgraded":0,"win_rate":0.0,"timestamp":1610421912,"path_taken":["R_BF","M","M","?","M","?","T","?","$","M","M","E","M","M","M","BOSS","R_BF","M","?","M","$","?","T","M","?","M","$","R","M","?","M","BOSS","R_BF","M","M","?","?","M","T","R","?","M","?","?","M","?","M","BOSS"],"items_purchased_type":["Card","Relic","Relic","Relic","Card","Card","Card","Relic","Card","Card","Card","Relic","Relic","Relic","Card","Card","Relic","Relic","Card"],"build_version":"2020-12-22","purchased_purges":0,"victory":true,"max_hp_per_floor":[75,75,75,75,75,75,81,81,81,81,81,81,81,81,81,87,87,87,87,93,93,93,93,99,99,99,99,99,99,99,99,99,105,105,105,105,105,105,111,111,117,117,123,123,129,129,129,129,129,135],"card_choices":[{"not_picked":["Sweeping Beam","Fusion"],"picked":"Melter","floor":2},{"not_picked":["Barrage","Hello World"],"picked":"Loop","floor":3},{"not_picked":["Redo","Compile Driver"],"picked":"ReplayTheSpireMod:Reroute Power","floor":4},{"not_picked":["Compile Driver","ReplaySort"],"picked":"Streamline","floor":5},{"not_picked":["Hologram","Panic Button"],"picked":"BasicCrystalCard","floor":9},{"not_picked":["Hologram","Beam Cell"],"picked":"Biased Cognition","floor":10},{"not_picked":["Barrage","Sweeping Beam"],"picked":"Conserve Battery","floor":11},{"not_picked":["Force Field","Recycle"],"picked":"Reprogram","floor":12},{"not_picked":["Streamline","Coolheaded"],"picked":"Cold Snap","floor":13},{"not_picked":["Streamline","Ball Lightning"],"picked":"Aggregate","floor":14},{"not_picked":["Rebound","Multi-Cast"],"picked":"FIFO Queue","floor":15},{"not_picked":["ReplayRNGCard","Machine Learning"],"picked":"ReplayTheSpireMod:Fabricate Wheel","floor":16},{"not_picked":["Go for the Eyes","Coolheaded"],"picked":"Cold Snap+1","floor":19},{"not_picked":["Leap","hubris:PowerSurge"],"picked":"ReplayTheSpireMod:Calculation Training","floor":19},{"not_picked":["Gash","Cold Snap"],"picked":"Barrage+1","floor":21},{"not_picked":["Panic Button","Hologram+1"],"picked":"BootSequence+1","floor":21},{"not_picked":["BasicCrystalCard","Meteor Strike"],"picked":"Loop+1","floor":22},{"not_picked":["Heatsinks","BasicCrystalCard+1"],"picked":"Hello World+1","floor":23},{"not_picked":["hubris:PowerSurge","Leap"],"picked":"Crystallizer+1","floor":23},{"not_picked":["Hologram+1","Reprogram"],"picked":"Rebound","floor":25},{"not_picked":["ReplayGash","ReplayTheSpireMod:Reroute Power"],"picked":"Conserve Battery","floor":25},{"not_picked":["Gash","Ball Lightning"],"picked":"Genetic Algorithm","floor":27},{"not_picked":["BasicCrystalCard","Leap","Conserve Battery"],"picked":"SKIP","floor":27},{"not_picked":["Beam Cell","Rebound"],"picked":"Turbo+1","floor":28},{"not_picked":["Barrage","Coolheaded"],"picked":"Ball Lightning","floor":30},{"not_picked":["BasicCrystalCard+1","Sunder"],"picked":"Streamline","floor":30},{"not_picked":["hubris:SpecializedCircuitry","Fission","Reprogram"],"picked":"SKIP","floor":31},{"not_picked":["Redo","Turbo"],"picked":"Gash","floor":32},{"not_picked":["Leap","Ball Lightning"],"picked":"Go for the Eyes","floor":32},{"not_picked":["hubris:Prefetch","Thunder Strike"],"picked":"Echo Form","floor":33},{"not_picked":["Compile Driver+1","Hello World+1"],"picked":"Loop+1","floor":36},{"not_picked":["Hello World+1","Stack"],"picked":"Ball Lightning+1","floor":36},{"not_picked":["Glacier","Cold Snap"],"picked":"Conserve Battery","floor":37},{"not_picked":["Steam+1","Go for the Eyes","Sweeping Beam"],"picked":"SKIP","floor":37},{"not_picked":["Compile Driver+1","Hologram"],"picked":"FTL","floor":40},{"not_picked":["Steam+1","Conserve Battery"],"picked":"Ball Lightning","floor":40},{"not_picked":["Leap+1","BootSequence+1"],"picked":"Darkness+1","floor":43},{"not_picked":["Hologram+1","Conserve Battery+1"],"picked":"ReplaySolidLightProjector+1","floor":44},{"not_picked":["Sunder","Reboot","BasicCrystalCard"],"picked":"SKIP","floor":44},{"not_picked":["Barrage","Cold Snap"],"picked":"Darkness+1","floor":46},{"not_picked":["Reinforced Body+1","Barrage+1"],"picked":"Time Bomb+1","floor":46},{"not_picked":["Streamline","Reprogram+1"],"picked":"Genetic Algorithm+1","floor":47},{"not_picked":["Rebound+1","Conserve Battery"],"picked":"Turbo+1","floor":47},{"not_picked":["expansioncontent:SlimeTackle","Replay:SS_forest_6"],"picked":"expansioncontent:LastStand","floor":48},{"not_picked":["Replay:SS_forest_6","Replay:SS_fish_2"],"picked":"expansioncontent:CaCaw","floor":48},{"not_picked":["expansioncontent:CaCaw","expansioncontent:HyperBeam"],"picked":"expansioncontent:Chronoboost","floor":48},{"not_picked":["BasicCrystalCard","Redo+1"],"picked":"Melter+1","floor":49},{"not_picked":["BasicCrystalCard+1","Hologram"],"picked":"Doom and Gloom","floor":49}],"player_experience":195394,"relics_obtained":[{"floor":7,"key":"Akabeko"},{"floor":12,"key":"hubris:64BitClover"},{"floor":23,"key":"hubris:MedicalManual"},{"floor":24,"key":"Potion Belt"},{"floor":35,"key":"Tiny Chest"},{"floor":37,"key":"hexamod:BolsterEngine"},{"floor":39,"key":"DataDisk"},{"floor":41,"key":"Ice Cream"},{"floor":43,"key":"Dream Catcher"}],"event_choices":[{"damage_healed":0,"gold_gain":0,"player_choice":"Rummage","damage_taken":0,"relics_obtained":["WarpedTongs"],"max_hp_gain":0,"max_hp_loss":0,"event_name":"Accursed Blacksmith","floor":20,"gold_loss":0,"cards_obtained":["Pain"]}],"is_beta":false,"boss_relics":[{"not_picked":["hubris:RunicObelisk","SacredBark"],"picked":"Ring of Chaos"},{"not_picked":["Busted Crown","Astrolabe"],"picked":"Nuclear Battery"}],"items_purged_floors":[],"is_endless":false,"potions_floor_spawned":[2,3,10,12,13,21,27,30,32,36,37,49],"ascension_level":0}}