{"host":"vpaavrwbmey593fx","time":1610489083,"event":{"mods":["AchievementEnabler","BaseMod","Bestiary","Colored Map","Colored Powertips","DeckTracker","Minty Spire (QoL Compilation)","Relic Sorter"],"gold_per_floor":[19,38,56,56,67,94,94,94,94,121,121,139,139,158,158,262,262,277,225,225,225,236,236,251,251,251,251,263,263,282,315,315,417,417,434,279,291,301,226,259,15,15,15],"floor_reached":42,"language":"ENG","playtime":4104,"items_purged":[],"score":573,"play_id":"b8b073a4-1c22-4ced-9c7b-0204d14e4d3f","local_time":"20210112140443","is_ascension_mode":true,"campfire_choices":[{"data":"Havoc","floor":7.0,"key":"SMITH"},{"data":"Armaments","floor":11.0,"key":"SMITH"},{"data":"Searing Blow","floor":13.0,"key":"SMITH"},{"data":"True Grit","floor":15.0,"key":"SMITH"},{"data":"Barricade","floor":23.0,"key":"SMITH"},{"data":"Uppercut","floor":25,"key":"SMITH"},{"data":"Warcry","floor":29,"key":"SMITH"},{"data":"Inflame","floor":32,"key":"SMITH"}],"circlet_count":0,"master_deck":["Strike_R+1","Strike_R+1","Strike_R+1","Defend_R+1","Defend_R+1","Defend_R+1","Bash","Pommel Strike","Armaments+1","Searing Blow+1","Whirlwind","Havoc+1","True Grit+1","Barricade+1","Uppercut+1","Warcry+1","Disarm","Seeing Red+1","Double Tap","Inflame+1","Disarm","Reaper","Sentinel+1","Shockwave","Shrug It Off+1"],"relics":["Burning Blood","Juzu Bracelet","Kunai","Eternal Feather","Sozu","Mummified Hand","Vajra","Velvet Choker","Pen Nib","MealTicket","Bottled Tornado"],"acts_visited":["Exordium","TheCity","TheBeyond"],"potions_floor_usage":[33],"damage_taken":[{"damage":6.0,"enemies":"Cultist","floor":1.0,"turns":4.0},{"damage":10.0,"enemies":"Small Slimes","floor":2.0,"turns":3.0},{"damage":0.0,"enemies":"Jaw Worm","floor":3.0,"turns":3.0},{"damage":12.0,"enemies":"Looter","floor":5.0,"turns":4.0},{"damage":17.0,"enemies":"3 Sentries","floor":6.0,"turns":4.0},{"damage":2.0,"enemies":"Gremlin Nob","floor":10.0,"turns":3.0},{"damage":18.0,"enemies":"Exordium Thugs","floor":12.0,"turns":5.0},{"damage":0.0,"enemies":"Large Slime","floor":14.0,"turns":5.0},{"damage":37.0,"enemies":"The Guardian","floor":16.0,"turns":10.0},{"damage":1.0,"enemies":"3 Byrds","floor":18.0,"turns":4.0},{"damage":20.0,"enemies":"Shell Parasite","floor":22.0,"turns":5.0},{"damage":18,"enemies":"Cultist and Chosen","floor":24,"turns":6},{"damage":18,"enemies":"Snake Plant","floor":28,"turns":5},{"damage":12,"enemies":"Chosen and Byrds","floor":30,"turns":3},{"damage":28,"enemies":"Gremlin Leader","floor":31,"turns":6},{"damage":11,"enemies":"Collector","floor":33,"turns":7},{"damage":2,"enemies":"3 Darklings","floor":35,"turns":5},{"damage":19,"enemies":"3 Shapes","floor":37,"turns":6},{"damage":0,"enemies":"Maw","floor":38,"turns":6},{"damage":34,"enemies":"Reptomancer","floor":40,"turns":7},{"damage":80,"enemies":"Giant Head","floor":42,"turns":10}],"seed_played":"1005395480118677218","potions_obtained":[{"floor":1.0,"key":"Dexterity Potion"},{"floor":3.0,"key":"Energy Potion"},{"floor":4.0,"key":"Block Potion"},{"floor":6.0,"key":"Fire Potion"},{"floor":10.0,"key":"Strength Potion"},{"floor":16.0,"key":"DistilledChaos"}],"is_trial":false,"path_per_floor":["M","M","M","?","M","E","R","?","T","E","R","M","R","M","R","B",null,"M","$","?","?","M","R","M","R","T","?","M","R","M","E","R","B",null,"M","$","M","M","?","E","$","E"],"character_chosen":"IRONCLAD","items_purchased":["Warcry","Pen Nib","Bottled Tornado"],"campfire_rested":0,"item_purchase_floors":[19,36,41],"current_hp_per_floor":[80,76,80,80,74,63,63,63,63,67,73,61,67,73,79,48,72,77,77,77,77,63,72,60,69,69,69,57,66,60,38,50,45,71,80,80,75,80,80,52,67,0,0],"gold":15,"neow_bonus":"REMOVE_TWO","is_daily":false,"chose_seed":false,"campfire_upgraded":8,"win_rate":0.0,"timestamp":1610489083,"path_taken":["M","M","M","?","?","E","R","?","T","E","R","M","R","M","R","BOSS","M","$","?","?","?","R","M","R","T","?","M","R","M","E","R","BOSS","M","$","M","M","?","E","$","E"],"items_purchased_type":["Card","Relic","Relic"],"build_version":"2020-12-22","purchased_purges":0,"victory":false,"max_hp_per_floor":[80,80,80,80,80,80,80,80,80,80,80,80,80,80,80,80,80,80,80,80,80,80,80,80,80,80,80,80,80,80,80,80,80,80,80,80,80,80,80,80,80,80,80],"card_choices":[{"not_picked":["Fire Breathing","Cleave"],"picked":"Pommel Strike","floor":1.0},{"not_picked":["Bloodletting","Dark Embrace"],"picked":"Armaments","floor":2.0},{"not_picked":["Fire Breathing","Clothesline"],"picked":"Searing Blow","floor":3.0},{"not_picked":["Clash","Sword Boomerang"],"picked":"Whirlwind","floor":5.0},{"not_picked":["Evolve","Sentinel"],"picked":"Havoc","floor":6.0},{"not_picked":["Perfected Strike","Twin Strike","Body Slam"],"picked":"SKIP","floor":10.0},{"not_picked":["Barricade","Body Slam"],"picked":"True Grit","floor":12.0},{"not_picked":["Sentinel","Clash","Rage"],"picked":"SKIP","floor":14.0},{"not_picked":["Brutality","Offering"],"picked":"Barricade","floor":16.0},{"not_picked":["Cleave","Blood for Blood"],"picked":"Uppercut","floor":18.0},{"not_picked":["Thunderclap","Havoc"],"picked":"Seeing Red+1","floor":22.0},{"not_picked":["Havoc","Armaments","Cleave"],"picked":"SKIP","floor":24},{"not_picked":["Reckless Charge","Thunderclap"],"picked":"Double Tap","floor":28},{"not_picked":["Fire Breathing","Shrug It Off"],"picked":"Inflame","floor":30},{"not_picked":["Infernal Blade","Feed"],"picked":"Disarm","floor":31},{"not_picked":["Immolate","Brutality"],"picked":"Reaper","floor":33},{"not_picked":["Clash","Clothesline+1"],"picked":"Sentinel+1","floor":35},{"not_picked":["Armaments+1","Dark Embrace+1"],"picked":"Shockwave","floor":37},{"not_picked":["Flex","Twin Strike+1"],"picked":"Shrug It Off+1","floor":38},{"not_picked":["Second Wind+1","Fire Breathing+1","Dropkick"],"picked":"SKIP","floor":40}],"player_experience":177643,"relics_obtained":[{"floor":6.0,"key":"Kunai"},{"floor":10.0,"key":"Eternal Feather"},{"floor":26,"key":"Mummified Hand"},{"floor":31,"key":"Vajra"},{"floor":40,"key":"MealTicket"}],"event_choices":[{"damage_healed":0.0,"max_hp_gain":0.0,"max_hp_loss":0.0,"gold_gain":0.0,"event_name":"Lab","player_choice":"Got Potions","floor":4.0,"gold_loss":0.0,"damage_taken":0.0},{"damage_healed":0.0,"max_hp_gain":0.0,"max_hp_loss":0.0,"gold_gain":0.0,"event_name":"Dead Adventurer","player_choice":"Searched \u00270\u0027 times","floor":8.0,"gold_loss":0.0,"damage_taken":0.0},{"damage_healed":0.0,"max_hp_gain":0.0,"max_hp_loss":0.0,"gold_gain":0.0,"event_name":"The Mausoleum","player_choice":"Ignored","floor":20.0,"gold_loss":0.0,"damage_taken":0.0},{"damage_healed":0.0,"max_hp_gain":0.0,"max_hp_loss":0.0,"gold_gain":0.0,"cards_transformed":["Strike_R"],"event_name":"Transmorgrifier","player_choice":"Transformed","floor":21.0,"gold_loss":0.0,"damage_taken":0.0,"cards_obtained":["Disarm"]},{"damage_healed":0,"gold_gain":0,"player_choice":"Simplicity","damage_taken":0,"max_hp_gain":0,"max_hp_loss":0,"event_name":"Back to Basics","floor":27,"gold_loss":0,"cards_upgraded":["Strike_R","Strike_R","Strike_R","Defend_R","Defend_R","Defend_R"]},{"damage_healed":0,"gold_gain":0,"player_choice":"Paid Gold","damage_taken":0,"relics_obtained":["Juzu Bracelet"],"max_hp_gain":0,"max_hp_loss":0,"event_name":"WeMeetAgain","floor":39,"gold_loss":75}],"is_beta":false,"boss_relics":[{"not_picked":["Cursed Key","Calling Bell"],"picked":"Sozu"},{"not_picked":["Runic Pyramid","Black Star"],"picked":"Velvet Choker"}],"items_purged_floors":[],"is_endless":false,"potions_floor_spawned":[1,3,6,10,16,28,30,33,38],"killed_by":"Giant Head","ascension_level":5}}