{"host":"khm4we1ijduz33xh","time":1610427100,"event":{"mods":["AchievementEnabler","BaseMod","Colored Map","Minty Spire (QoL Compilation)","Rare Cards Sparkle","StSLib","SuperFastMode"],"gold_per_floor":[362,78,95,107,118,118,179,206,276,356,374,389,389,403,403,522,522,535,553,302,318,318,318,20,49,49,49,49,49],"floor_reached":28,"playtime":1558,"items_purged":["Normality","Strike_G","Defend_G"],"score":276,"play_id":"71f9055b-7a7e-4768-843e-7af7b80853c3","local_time":"20210112135140","is_ascension_mode":true,"campfire_choices":[{"data":"Infinite Blades","floor":6.0,"key":"SMITH"},{"floor":13.0,"key":"REST"},{"data":"Night Terror","floor":15.0,"key":"SMITH"},{"floor":23.0,"key":"REST"},{"data":"Well Laid Plans","floor":27,"key":"SMITH"}],"circlet_count":0,"master_deck":["Strike_G","Strike_G","Strike_G","Defend_G","Defend_G","Defend_G","Defend_G","Survivor","Neutralize","Cloak And Dagger","After Image","Night Terror+1","Distraction","Reflex","Infinite Blades+1","Blade Dance","Concentrate","Footwork","Well Laid Plans+1","Phantasmal Killer","Deflect+1","Infinite Blades","Swift Strike","Calculated Gamble"],"relics":["Ring of the Snake","Gambling Chip","Ancient Tea Set","Pantograph","Letter Opener","Busted Crown","TwistedFunnel","Membership Card","Kunai","Strawberry"],"acts_visited":["Exordium","TheCity"],"potions_floor_usage":[25,25,28,28],"damage_taken":[{"damage":0.0,"enemies":"Cultist","floor":1.0,"turns":4.0},{"damage":5.0,"enemies":"Jaw Worm","floor":3.0,"turns":8.0},{"damage":10.0,"enemies":"Small Slimes","floor":4.0,"turns":6.0},{"damage":1.0,"enemies":"Exordium Thugs","floor":5.0,"turns":5.0},{"damage":2.0,"enemies":"Gremlin Nob","floor":7.0,"turns":4.0},{"damage":1.0,"enemies":"Lagavulin","floor":8.0,"turns":8.0},{"damage":17.0,"enemies":"Exordium Wildlife","floor":11.0,"turns":5.0},{"damage":10.0,"enemies":"Lots of Slimes","floor":12.0,"turns":4.0},{"damage":0.0,"enemies":"Large Slime","floor":14.0,"turns":6.0},{"damage":25.0,"enemies":"Slime Boss","floor":16.0,"turns":13.0},{"damage":23.0,"enemies":"Spheric Guardian","floor":18.0,"turns":4.0},{"damage":10.0,"enemies":"Chosen","floor":19.0,"turns":8.0},{"damage":22.0,"enemies":"Snake Plant","floor":21.0,"turns":6.0},{"damage":27,"enemies":"Slavers","floor":25,"turns":4},{"damage":16,"enemies":"Snecko","floor":28,"turns":3}],"seed_played":"-4013037849003058525","potions_obtained":[{"floor":3.0,"key":"ColorlessPotion"},{"floor":4.0,"key":"Explosive Potion"},{"floor":5.0,"key":"Fire Potion"},{"floor":12.0,"key":"Swift Potion"},{"floor":14.0,"key":"EntropicBrew"},{"floor":19.0,"key":"CunningPotion"}],"is_trial":false,"path_per_floor":["M","$","M","M","M","R","?","E","T","T","M","M","R","M","R","B",null,"M","M","$","M","?","R","$","E","T","R","M"],"character_chosen":"THE_SILENT","items_purchased":["After Image","Night Terror","TwistedFunnel","Membership Card","Infinite Blades","Swift Strike"],"campfire_rested":2,"item_purchase_floors":[2,2,20,24,24,24],"current_hp_per_floor":[70,70,65,55,54,54,52,51,51,51,34,24,45,45,45,45,70,47,37,37,15,15,36,36,9,16,16,0,0],"gold":49,"neow_bonus":"TWO_FIFTY_GOLD","is_daily":false,"chose_seed":false,"campfire_upgraded":3,"win_rate":0.0,"timestamp":1610427100,"path_taken":["M","$","M","?","?","R","?","E","T","?","M","M","R","M","R","BOSS","M","?","$","M","?","R","$","E","T","R","M"],"items_purchased_type":["Card","Card","Relic","Relic","Card","Card"],"build_version":"2020-12-22","purchased_purges":3,"victory":false,"max_hp_per_floor":[70,70,70,70,70,70,70,70,70,70,70,70,70,70,70,70,70,70,70,70,70,70,70,70,70,77,77,77,77],"card_choices":[{"not_picked":["Deflect","Underhanded Strike"],"picked":"Cloak And Dagger","floor":1.0},{"not_picked":["PiercingWail","Endless Agony"],"picked":"Distraction","floor":3.0},{"not_picked":["After Image","Slice"],"picked":"Reflex","floor":4.0},{"not_picked":["Crippling Poison","Backstab"],"picked":"Infinite Blades","floor":5.0},{"not_picked":["Prepared","Finisher"],"picked":"Blade Dance","floor":8.0},{"not_picked":["Bane","Dagger Throw"],"picked":"Concentrate","floor":11.0},{"not_picked":["Acrobatics","Catalyst"],"picked":"Footwork","floor":12.0},{"not_picked":["Deflect","Catalyst"],"picked":"Well Laid Plans","floor":14.0},{"not_picked":["Venomology","Grand Finale"],"picked":"Phantasmal Killer","floor":16.0},{"not_picked":[],"picked":"Deflect+1","floor":18.0},{"not_picked":["Backflip"],"picked":"SKIP","floor":19.0},{"not_picked":["Sucker Punch+1"],"picked":"SKIP","floor":21.0},{"not_picked":[],"picked":"Calculated Gamble","floor":25}],"player_experience":211037,"relics_obtained":[{"floor":7.0,"key":"Gambling Chip"},{"floor":8.0,"key":"Ancient Tea Set"},{"floor":9.0,"key":"Pantograph"},{"floor":10.0,"key":"Letter Opener"},{"floor":25,"key":"Kunai"},{"floor":26,"key":"Strawberry"}],"event_choices":[{"damage_healed":0.0,"max_hp_gain":0.0,"max_hp_loss":0.0,"gold_gain":0.0,"event_name":"Dead Adventurer","player_choice":"Searched \u00271\u0027 times","floor":7.0,"gold_loss":0.0,"damage_taken":0.0},{"cards_removed":["Strike_G"],"damage_healed":0.0,"max_hp_gain":0.0,"max_hp_loss":0.0,"gold_gain":0.0,"event_name":"Bonfire Elementals","player_choice":"Offered Basic","floor":22.0,"gold_loss":0.0,"damage_taken":0.0}],"is_beta":false,"boss_relics":[{"not_picked":["Velvet Choker","Runic Pyramid"],"picked":"Busted Crown"}],"items_purged_floors":[2,20,24],"is_endless":false,"potions_floor_spawned":[3,4,5,12,14,19,21],"killed_by":"Snecko","ascension_level":3}}