{"host":"6749gst1gzuv21qf","time":1610488683,"event":{"mods":["Aspiration","BaseMod","Better Altar","Better Match","Better Note","Better Sensory Stone","Better Skull","Better Third Choice","BetterRewards","Colored Map","Colored Powertips","Downfall","Highlight Path","Minty Spire (QoL Compilation)","Permanent Neow","Replay The Spire","Shop Mod","Spicy Shops","StSLib","The Cursed"],"gold_per_floor":[99,119,119,119,134,154,205,220,220,238,238,269,44,29,46,46,46],"floor_reached":16,"language":"ENG","playtime":815,"items_purged":[],"score":127,"play_id":"0f6f1b41-02af-429f-90ad-057bd2abc698","local_time":"20210112165803","is_ascension_mode":false,"campfire_choices":[{"floor":1,"key":"RECALL"},{"floor":11,"key":"REST"},{"data":"sneckomod:TailWhip","floor":13,"key":"SMITH"}],"circlet_count":0,"master_deck":["sneckomod:Strike","sneckomod:Strike","sneckomod:Strike","sneckomod:Defend","sneckomod:Defend","sneckomod:Defend","sneckomod:TailWhip+1","sneckomod:SnekBite","sneckomod:Unknown","sneckomod:Unknown","sneckomod:UnlimitedRolls","sneckomod:WideSting","CommonCold","Pain","sneckomod:DiceBoulder","sneckomod:SoulCleanse","sneckomod:UnknownUncommonSkill","sneckomod:UnknownX","sneckomod:UnknownUncommonPower","sneckomod:SerpentIdol","sneckomod:UnknownClassHEXA_GHOST_PURPLE"],"relics":["sneckomod:SneckoSoul","m_SnakeBloodCore","WarpedTongs","Matryoshka","downfall:HeartBlessingBlue","downfall:HeartBlessingRed","downfall:HeartBlessingGreen"],"acts_visited":["Exordium"],"potions_floor_usage":[16,16,16],"damage_taken":[{"damage":4,"enemies":"Cultist","floor":2,"turns":3},{"damage":12,"enemies":"2 Louse","floor":5,"turns":2},{"damage":13,"enemies":"Small Slimes","floor":6,"turns":3},{"damage":4,"enemies":"3 Louse","floor":8,"turns":1},{"damage":13,"enemies":"Exordium Wildlife","floor":10,"turns":3},{"damage":33,"enemies":"Replay:BlueRogue","floor":12,"turns":6},{"damage":2,"enemies":"downfall:FleeingMerchant","floor":14,"turns":4},{"damage":20,"enemies":"Exordium Thugs","floor":15,"turns":4},{"damage":43,"enemies":"downfall:Watcher","floor":16,"turns":5}],"seed_played":"6749192715015277143","potions_obtained":[{"floor":6,"key":"Ancient Potion"},{"floor":8,"key":"Reflective Coating"},{"floor":12,"key":"Languid Potion"}],"is_trial":false,"path_per_floor":["R_BF","M","?","?","M","M","T","M","?","M","R","E","R","$","M","B"],"character_chosen":"THE_SNECKO","items_purchased":[],"campfire_rested":1,"item_purchase_floors":[],"current_hp_per_floor":[63,63,63,63,54,44,44,44,49,45,74,45,55,56,40,0,0],"gold":46,"neow_bonus":"THREE_RARE_CARDS","is_daily":false,"chose_seed":false,"campfire_upgraded":1,"win_rate":0.0,"timestamp":1610488683,"path_taken":["R_BF","M","?","?","?","?","T","M","?","M","R","E","R","$","M","BOSS"],"items_purchased_type":[],"build_version":"2020-12-22","purchased_purges":0,"victory":false,"max_hp_per_floor":[90,90,90,90,90,90,90,91,96,97,97,98,108,108,109,109,109],"card_choices":[{"not_picked":["sneckomod:Mudshield","sneckomod:SoulExchange"],"picked":"sneckomod:UnlimitedRolls","floor":0},{"not_picked":["sneckomod:UnknownUncommonSkill","sneckomod:TrashToTreasure"],"picked":"sneckomod:WideSting","floor":2},{"not_picked":["sneckomod:UnknownVulnerable","sneckomod:WideSting"],"picked":"sneckomod:DiceBoulder","floor":5},{"not_picked":["sneckomod:UnknownClassPURPLE","sneckomod:Nope"],"picked":"sneckomod:SoulCleanse","floor":6},{"not_picked":["ReplayTheSpireMod:GoodbyeWorld","sneckomod:UnknownExhaust"],"picked":"sneckomod:UnknownUncommonSkill","floor":8},{"not_picked":["sneckomod:SoulRoll","Perfected Strike"],"picked":"sneckomod:UnknownX","floor":10},{"not_picked":["Dagger Throw","sneckomod:UnknownClassTHE_CURSED_PURPLE"],"picked":"sneckomod:UnknownUncommonPower","floor":12},{"not_picked":["Perfected Strike","sneckomod:SoulRoll"],"picked":"sneckomod:SerpentIdol","floor":14},{"not_picked":["sneckomod:Nope","Havoc"],"picked":"sneckomod:UnknownClassHEXA_GHOST_PURPLE","floor":15}],"player_experience":701353,"relics_obtained":[{"floor":12,"key":"Matryoshka"}],"event_choices":[{"damage_healed":0,"gold_gain":0,"player_choice":"Rummage","damage_taken":0,"relics_obtained":["WarpedTongs"],"max_hp_gain":0,"max_hp_loss":0,"event_name":"Accursed Blacksmith","floor":4,"gold_loss":0,"cards_obtained":["Pain"]},{"damage_healed":0,"gold_gain":0,"player_choice":"Donut","damage_taken":0,"max_hp_gain":5,"max_hp_loss":0,"event_name":"Big Fish","floor":9,"gold_loss":0}],"is_beta":false,"boss_relics":[],"items_purged_floors":[],"is_endless":false,"potions_floor_spawned":[6,8,12],"killed_by":"downfall:Watcher","ascension_level":0}}