{"host":"9jj9tzo2iym4bpat","time":1610493769,"event":{"mods":["Act Like it!","BaseMod","CapriCore","Gensokyo","Luminous","Marisa????????","Minty Spire (QoL Compilation)","Permanent Neow","StSLib","Td1madao Mod","The Animator","The Immortal","The Marked","The Servant 0.9.4"],"gold_per_floor":[118,118,7,22,35,35,47,47,71,102,63,97,97,109,109,214,264,284,303,224,240,83,111,111,111,111],"floor_reached":25,"language":"ENG","playtime":1374,"items_purged":[],"score":281,"play_id":"ef832c61-04b0-4080-b380-56e5d184b343","local_time":"20210112172249","is_ascension_mode":false,"campfire_choices":[{"data":"FanOfKnives","floor":6,"key":"SMITH"},{"data":"Moondial","floor":8,"key":"SMITH"},{"floor":15,"key":"REST"},{"floor":24,"key":"REST"}],"circlet_count":0,"master_deck":["Strike_S","Strike_S","Strike_S+1","Strike_S","Defend_S","Defend_S","Defend_S","Defend_S","KidneyShot","Exchange","Deny","Rewind","Moondial+1","FanOfKnives+1","Rearm","SilverBlades","Desolation","KillingDoll","Read","SurpressingFire","Misdirection","TheWorld","Rearm","BottledTime","Advance","GearUp","DoubleEdge"],"relics":["Uniform","Blood Vial","Smiling Mask","Anchor","Mummified Hand","Tiny House","Strange Spoon","Toy Ornithopter"],"acts_visited":["Exordium","TheCity"],"potions_floor_usage":[17,25],"damage_taken":[{"damage":3,"enemies":"Jaw Worm","floor":1,"turns":5},{"damage":4,"enemies":"Cultist","floor":4,"turns":4},{"damage":0,"enemies":"2 Louse","floor":5,"turns":1},{"damage":6,"enemies":"2 Fungi Beasts","floor":7,"turns":2},{"damage":13,"enemies":"Lagavulin","floor":10,"turns":5},{"damage":11,"enemies":"Gremlin Nob","floor":12,"turns":5},{"damage":0,"enemies":"Blue Slaver","floor":14,"turns":3},{"damage":0,"enemies":"Slime Boss","floor":16,"turns":7},{"damage":12,"enemies":"2 Thieves","floor":18,"turns":3},{"damage":0,"enemies":"Spheric Guardian","floor":19,"turns":4},{"damage":0,"enemies":"Centurion and Healer","floor":21,"turns":7},{"damage":25,"enemies":"Slavers","floor":23,"turns":5},{"damage":79,"enemies":"Chosen and Byrds","floor":25,"turns":11}],"seed_played":"-6100470237750454707","potions_obtained":[{"floor":1,"key":"Ancient Potion"},{"floor":5,"key":"DuplicationPotion"},{"floor":12,"key":"SneckoOil"},{"floor":17,"key":"Fruit Juice"},{"floor":18,"key":"FearPotion"},{"floor":23,"key":"DistilledChaos"}],"is_trial":false,"path_per_floor":["M","?","$","M","M","R","M","R","T","E","$","E","T","M","R","B",null,"M","M","$","M","$","E","R","M"],"character_chosen":"THE_SERVANT","items_purchased":["Moondial","FanOfKnives","Read","GearUp","Strange Spoon"],"campfire_rested":2,"item_purchase_floors":[3,3,11,20,22],"current_hp_per_floor":[62,62,62,58,58,58,52,52,52,41,41,32,32,34,53,55,75,63,65,65,67,67,44,66,0,0],"gold":111,"neow_bonus":"ONE_RANDOM_RARE_CARD","is_daily":false,"chose_seed":false,"campfire_upgraded":2,"win_rate":0.0,"timestamp":1610493769,"path_taken":["M","?","$","M","?","R","M","R","T","E","$","E","?","M","R","BOSS","M","M","$","M","$","E","R","M"],"items_purchased_type":["Card","Card","Card","Card","Relic"],"build_version":"2020-12-22","purchased_purges":0,"victory":false,"max_hp_per_floor":[65,65,65,65,65,65,65,65,65,65,65,65,65,65,65,65,75,75,75,75,75,75,75,75,75,75],"card_choices":[{"not_picked":["ShiftingGears","Revamp"],"picked":"Rewind","floor":1},{"not_picked":["BottledTime","Advance"],"picked":"Rearm","floor":4},{"not_picked":["Snipe","SoulSculpture"],"picked":"SilverBlades","floor":5},{"not_picked":["Spin","BottledTime"],"picked":"Desolation","floor":7},{"not_picked":["Reset","Revamp"],"picked":"KillingDoll","floor":10},{"not_picked":["Alleviate","TimeWarp"],"picked":"SurpressingFire","floor":12},{"not_picked":["Moonlight","Rewind"],"picked":"Misdirection","floor":14},{"not_picked":["SoulSculpture","ForgedInTime"],"picked":"TheWorld","floor":16},{"not_picked":["Unruled","FastForward"],"picked":"Rearm","floor":17},{"not_picked":["Starlight","DoubleEdge"],"picked":"BottledTime","floor":18},{"not_picked":["Replace","FastForward"],"picked":"Advance","floor":19},{"not_picked":["Defy","Rewind+1"],"picked":"DoubleEdge","floor":21},{"not_picked":["Shuttle","Starlight","Misdirection"],"picked":"SKIP","floor":23}],"player_experience":228035,"relics_obtained":[{"floor":9,"key":"Blood Vial"},{"floor":10,"key":"Smiling Mask"},{"floor":12,"key":"Anchor"},{"floor":13,"key":"Mummified Hand"},{"floor":23,"key":"Toy Ornithopter"}],"event_choices":[{"damage_healed":0,"gold_gain":0,"player_choice":"Bought 0 Potions","damage_taken":0,"max_hp_gain":0,"max_hp_loss":0,"event_name":"The Woman in Blue","floor":2,"gold_loss":0}],"is_beta":false,"boss_relics":[{"not_picked":["Fusion Hammer","Ectoplasm"],"picked":"Tiny House"}],"items_purged_floors":[],"is_endless":false,"potions_floor_spawned":[1,5,12,16,18,23],"killed_by":"Chosen and Byrds","ascension_level":0}}