{"host":"eu5wvbbtjeiar27l","time":1610420909,"event":{"mods":["BaseMod","Colored Powertips","Conspire","Hubris","Infinite Spire","Minty Spire (QoL Compilation)","Rare Cards Sparkle","StSLib","vexMod"],"gold_per_floor":[117,117,136,157,140,181,181,205,230,230,230,253,130,149,149,273,273,264,264,289,305,324,359,12,12,12,12,25,41,41,41,41,161,161,184,198,198,211,211,211,235,235,235],"floor_reached":42,"playtime":3663,"items_purged":["Strike_G","Strike_G","Shame","Defend_G"],"score":474,"play_id":"80ef5052-2829-4d0e-ba2a-916d55481d9e","local_time":"20210112030829","is_ascension_mode":false,"campfire_choices":[{"data":"After Image","floor":7,"key":"SMITH"},{"floor":15,"key":"REST"},{"floor":25,"key":"REST"},{"floor":30,"key":"REST"},{"data":"Infinite Blades","floor":32,"key":"SMITH"},{"data":"1","floor":40,"key":"LIFT"}],"circlet_count":0,"master_deck":["Strike_G","Strike_G+1","Strike_G","Defend_G","Defend_G","Defend_G","Defend_G","Survivor","Neutralize+1","After Image+1","Deadly Poison","Cloak And Dagger","Backflip","Quick Slash","Caltrops","Slice","Slice","Infinite Blades+1","infinitespire:Neurotoxin","Slice","Slice","Slice","Accuracy","Quick Slash","Accuracy","Backflip","Acrobatics","Cloak And Dagger","Noxious Fumes","Blade Dance+1","Cloak And Dagger+1","Infinite Blades+1","hubris:Fate+1","hubris:Fate+1","Corpse Explosion+1","Blade Dance+1","Poisoned Stab+1"],"relics":["Ring of the Serpent","Golden Idol","Pantograph","Whetstone","Pear","HoveringKite","Dream Catcher","Orrery","Strawberry","Toxic Egg 2","DollysMirror","Girya"],"acts_visited":["Exordium","TheCity","TheBeyond"],"potions_floor_usage":[6,8,22,23,38,41],"damage_taken":[{"damage":0,"enemies":"2 Louse","floor":1,"turns":4},{"damage":1,"enemies":"Small Slimes","floor":3,"turns":4},{"damage":0,"enemies":"Cultist","floor":4,"turns":4},{"damage":17,"enemies":"Exordium Thugs","floor":5,"turns":5},{"damage":22,"enemies":"Lagavulin","floor":6,"turns":10},{"damage":0,"enemies":"Lots of Slimes","floor":8,"turns":3},{"damage":8,"enemies":"Exordium Wildlife","floor":12,"turns":6},{"damage":4,"enemies":"Exordium Thugs","floor":14,"turns":5},{"damage":22,"enemies":"Hexaghost","floor":16,"turns":10},{"damage":12,"enemies":"2 Thieves","floor":18,"turns":4},{"damage":3,"enemies":"3 Byrds","floor":20,"turns":4},{"damage":20,"enemies":"Centurion and Healer","floor":21,"turns":7},{"damage":17,"enemies":"Snake Plant","floor":22,"turns":6},{"damage":10,"enemies":"Nightmare","floor":23,"turns":8},{"damage":17,"enemies":"Shelled Parasite and Fungi","floor":28,"turns":6},{"damage":15,"enemies":"Snecko","floor":29,"turns":6},{"damage":32,"enemies":"Automaton","floor":33,"turns":9},{"damage":25,"enemies":"Orb Walker","floor":35,"turns":5},{"damage":23,"enemies":"3 Darklings","floor":36,"turns":4},{"damage":27,"enemies":"4 Shapes","floor":38,"turns":4},{"damage":31,"enemies":"Spire Growth","floor":41,"turns":4},{"damage":25,"enemies":"Nightmare","floor":42,"turns":5}],"seed_played":"700866497790889807","potions_obtained":[{"floor":1,"key":"SteroidPotion"},{"floor":3,"key":"FearPotion"},{"floor":5,"key":"PowerPotion"},{"floor":19,"key":"SpeedPotion"},{"floor":19,"key":"Poison Potion"},{"floor":19,"key":"Explosive Potion"},{"floor":21,"key":"BlessingOfTheForge"},{"floor":28,"key":"DuplicationPotion"},{"floor":33,"key":"CunningPotion"},{"floor":38,"key":"FairyPotion"}],"is_trial":false,"path_per_floor":["M","?","M","M","M","E","R","M","T","?","?","M","$","M","R","B",null,"M","?","M","M","M","NM","$","R","T","?","M","M","R","AVR","R","B",null,"M","M","?","M","AVR","R","M","NM"],"character_chosen":"THE_SILENT","items_purchased":["Slice","Accuracy","Backflip","Orrery"],"campfire_rested":3,"item_purchase_floors":[13,24,24,24],"current_hp_per_floor":[49,49,48,48,31,9,9,9,9,9,19,11,11,7,29,32,75,63,63,60,40,23,13,13,35,42,42,25,10,34,34,34,27,82,57,34,34,22,22,22,23,0,0],"gold":235,"neow_bonus":"THREE_RARE_CARDS","is_daily":false,"chose_seed":false,"campfire_upgraded":2,"win_rate":0.0,"timestamp":1610420909,"path_taken":["M","?","M","M","M","E","R","M","T","?","?","?","$","M","R","BOSS","M","?","?","M","M","NM","$","R","T","?","M","M","R","AVR","R","BOSS","M","M","?","M","AVR","R","M","NM"],"items_purchased_type":["Card","Card","Card","Relic"],"build_version":"2020-12-22","purchased_purges":4,"victory":false,"max_hp_per_floor":[70,65,65,65,65,65,65,65,65,65,75,75,75,75,75,75,75,75,75,75,75,75,75,75,75,82,82,82,82,82,82,82,82,82,82,82,78,78,78,78,78,78,78],"card_choices":[{"not_picked":["Unload","Doppelganger"],"picked":"After Image","floor":0},{"not_picked":["hubris:Counter","Acrobatics"],"picked":"Deadly Poison","floor":1},{"not_picked":["hubris:TrickCloak","Underhanded Strike"],"picked":"Cloak And Dagger","floor":3},{"not_picked":["Distraction","Heel Hook"],"picked":"Backflip","floor":4},{"not_picked":["Underhanded Strike","Outmaneuver"],"picked":"Quick Slash","floor":5},{"not_picked":["Unload","Deflect"],"picked":"Caltrops","floor":6},{"not_picked":["Terror","Finisher","Expertise"],"picked":"SKIP","floor":8},{"not_picked":["Prepared","Tactician"],"picked":"Slice","floor":12},{"not_picked":["PiercingWail","Acrobatics"],"picked":"Infinite Blades","floor":14},{"not_picked":["Malaise","Night Terror"],"picked":"infinitespire:Neurotoxin","floor":16},{"not_picked":["Dash","Prepared"],"picked":"Slice","floor":18},{"not_picked":["Acrobatics","Cloak And Dagger"],"picked":"Slice","floor":20},{"not_picked":["Flying Knee","Deadly Poison+1"],"picked":"Slice","floor":21},{"not_picked":["Glass Knife","Deadly Poison"],"picked":"Accuracy","floor":22},{"not_picked":["Deadly Poison","Flying Knee"],"picked":"Quick Slash","floor":23},{"not_picked":["Finisher","Well Laid Plans"],"picked":"Acrobatics","floor":24},{"not_picked":["Sucker Punch","Flying Knee"],"picked":"Cloak And Dagger","floor":24},{"not_picked":["Quick Slash","PiercingWail"],"picked":"Noxious Fumes","floor":25},{"not_picked":["Deadly Poison+1","Slice"],"picked":"Blade Dance+1","floor":28},{"not_picked":["Dagger Throw","Expertise+1"],"picked":"Cloak And Dagger+1","floor":29},{"not_picked":["Deflect+1","Catalyst+1"],"picked":"Infinite Blades+1","floor":30},{"not_picked":["Malaise+1","infinitespire:Neurotoxin+1"],"picked":"Corpse Explosion+1","floor":33},{"not_picked":["Choke","Well Laid Plans","PiercingWail+1"],"picked":"SKIP","floor":35},{"not_picked":["Dodge and Roll+1","Choke"],"picked":"Blade Dance+1","floor":36},{"not_picked":["Finisher","Deadly Poison+1","PiercingWail+1"],"picked":"SKIP","floor":38},{"not_picked":["Tactician+1","Deflect+1"],"picked":"Poisoned Stab+1","floor":41}],"player_experience":94724,"relics_obtained":[{"floor":6,"key":"Pantograph"},{"floor":9,"key":"Whetstone"},{"floor":23,"key":"Dream Catcher"},{"floor":26,"key":"Strawberry"}],"event_choices":[{"damage_healed":0,"gold_gain":0,"player_choice":"Lose Max HP","damage_taken":0,"relics_obtained":["Golden Idol"],"max_hp_gain":0,"max_hp_loss":5,"event_name":"Golden Idol","floor":2,"gold_loss":0},{"damage_healed":0,"gold_gain":0,"player_choice":"Ignored","damage_taken":0,"max_hp_gain":0,"max_hp_loss":0,"event_name":"Golden Wing","floor":10,"gold_loss":0},{"damage_healed":0,"gold_gain":0,"player_choice":"Gave Potion","damage_taken":0,"relics_obtained":["Pear"],"max_hp_gain":0,"max_hp_loss":0,"event_name":"WeMeetAgain","floor":11,"gold_loss":0},{"damage_healed":0,"gold_gain":0,"player_choice":"Got Potions","damage_taken":0,"max_hp_gain":0,"max_hp_loss":0,"event_name":"Lab","floor":19,"gold_loss":0},{"damage_healed":0,"gold_gain":0,"player_choice":"Stole Relic","damage_taken":0,"relics_obtained":["Toxic Egg 2"],"max_hp_gain":0,"max_hp_loss":0,"event_name":"Addict","floor":27,"gold_loss":0,"cards_obtained":["Shame"]},{"damage_healed":0,"gold_gain":0,"player_choice":"Max HP","damage_taken":0,"max_hp_gain":0,"max_hp_loss":4,"event_name":"Winding Halls","floor":37,"gold_loss":0}],"is_beta":false,"boss_relics":[{"not_picked":["vexMod:MegatonBomb","infinitespire:Cupcake"],"picked":"HoveringKite"},{"not_picked":["Cursed Key","vexMod:CursedCompass"],"picked":"Ring of the Serpent"}],"items_purged_floors":[13,24,31,39],"is_endless":true,"potions_floor_spawned":[1,3,5,21,28,33,36,38],"killed_by":"Nightmare","ascension_level":0}}