{"host":"31s8hzukbhz1k6i6","time":1610482847,"event":{"mods":["AchievementEnabler","BaseMod","Bestiary","Colored Map","Filter the Spire","Minty Spire (QoL Compilation)","Relic Stats","ojb\u0027s Info Mod"],"gold_per_floor":[363,377,387,387,387,387,4,4,4],"floor_reached":8,"language":"ENG","playtime":263,"items_purged":["Strike_G"],"score":92,"play_id":"2196365b-e77c-41b1-9172-ec1528973c84","local_time":"20210112122047","is_ascension_mode":true,"campfire_choices":[{"data":"Blade Dance","floor":6.0,"key":"SMITH"}],"circlet_count":0,"master_deck":["AscendersBane","Strike_G","Strike_G","Strike_G","Defend_G","Defend_G","Defend_G","Defend_G","Defend_G+1","Survivor+1","Neutralize","Blade Dance+1","Leg Sweep","Slice","Poisoned Stab","Noxious Fumes"],"relics":["Ring of the Snake","War Paint"],"acts_visited":["Exordium"],"potions_floor_usage":[8],"damage_taken":[{"damage":13.0,"enemies":"Jaw Worm","floor":1.0,"turns":8.0},{"damage":0.0,"enemies":"2 Louse","floor":2.0,"turns":4.0},{"damage":1.0,"enemies":"Small Slimes","floor":3.0,"turns":4.0},{"damage":35,"enemies":"Gremlin Nob","floor":8,"turns":3}],"seed_played":"-1657730515179363826","potions_obtained":[{"floor":3.0,"key":"DistilledChaos"}],"is_trial":false,"path_per_floor":["M","M","M","?","?","R","$","E"],"character_chosen":"THE_SILENT","items_purchased":["War Paint","Poisoned Stab","Noxious Fumes"],"campfire_rested":0,"item_purchase_floors":[7,7,7],"current_hp_per_floor":[31,31,30,23,28,28,28,0,0],"gold":4,"neow_bonus":"TWO_FIFTY_GOLD","is_daily":false,"chose_seed":false,"campfire_upgraded":1,"win_rate":0.0,"timestamp":1610482847,"path_taken":["M","M","M","?","?","R","$","E"],"items_purchased_type":["Relic","Card","Card"],"build_version":"2020-12-22","purchased_purges":1,"victory":false,"max_hp_per_floor":[66,66,66,66,71,71,71,71,71],"relic_stats":{"counters":[4,19],"War Paint":["Survivor","Defend_G"],"obtain_stats":[{"War Paint":7,"Ring of the Snake":0},{"War Paint":3,"Ring of the Snake":0},{"War Paint":16,"Ring of the Snake":0}],"Ring of the Snake":[8]},"card_choices":[{"not_picked":["Cloak And Dagger","Deflect"],"picked":"Blade Dance","floor":1.0},{"not_picked":["Catalyst","Distraction"],"picked":"Leg Sweep","floor":2.0},{"not_picked":["Blade Dance","Well Laid Plans"],"picked":"Slice","floor":3.0}],"player_experience":180152,"relics_obtained":[],"event_choices":[{"cards_removed":["Strike_G"],"damage_healed":0.0,"max_hp_gain":0.0,"max_hp_loss":0.0,"gold_gain":0.0,"event_name":"Golden Wing","player_choice":"Card Removal","floor":4.0,"gold_loss":0.0,"damage_taken":7.0},{"damage_healed":0.0,"max_hp_gain":5.0,"max_hp_loss":0.0,"gold_gain":0.0,"event_name":"Big Fish","player_choice":"Donut","floor":5.0,"gold_loss":0.0,"damage_taken":0.0}],"is_beta":false,"boss_relics":[],"items_purged_floors":[7],"is_endless":false,"potions_floor_spawned":[3],"killed_by":"Gremlin Nob","ascension_level":20}}