{"host":"b7j598ve05halrwk","time":1610420993,"event":{"mods":["2.2 Compatiblity","BaseMod","Block Reminder","DeckTracker","Minty Spire (QoL Compilation)","Relic Stats","Slay the Relics Exporter","StSLib","ojb\u0027s Better Paths Mod","ojb\u0027s Info Mod"],"gold_per_floor":[162,175,185,195,120,154,154,181,261,277,277,310,310,321,321,321,321],"floor_reached":16,"playtime":1180,"items_purged":[],"score":244,"play_id":"af3e32ef-040c-4e6c-ab52-e38d84bd685a","local_time":"20210111220953","is_ascension_mode":true,"campfire_choices":[{"data":"Zap","floor":7,"key":"SMITH"},{"data":"Dualcast","floor":13,"key":"SMITH"},{"data":"Hologram","floor":15,"key":"SMITH"}],"circlet_count":0,"master_deck":["AscendersBane","Strike_B","Strike_B+1","Strike_B","Strike_B","Defend_B","Defend_B","Defend_B","Zap+1","Dualcast+1","Compile Driver","Undo","Self Repair","Steam","Genetic Algorithm","All For One","Turbo","Glacier","Genetic Algorithm","Hologram+1"],"relics":["Tiny House","Symbiotic Virus","Ginger","Meat on the Bone","Boot"],"acts_visited":["Exordium"],"potions_floor_usage":[6,12,12],"damage_taken":[{"damage":0,"enemies":"Cultist","floor":1,"turns":3},{"damage":0,"enemies":"2 Louse","floor":2,"turns":4},{"damage":4,"enemies":"Jaw Worm","floor":3,"turns":5},{"damage":9,"enemies":"3 Louse","floor":4,"turns":4},{"damage":18,"enemies":"3 Sentries","floor":6,"turns":8},{"damage":3,"enemies":"Lagavulin","floor":8,"turns":6},{"damage":2,"enemies":"Blue Slaver","floor":10,"turns":3},{"damage":47,"enemies":"Gremlin Nob","floor":12,"turns":5},{"damage":0,"enemies":"Large Slime","floor":14,"turns":5},{"damage":53,"enemies":"Hexaghost","floor":16,"turns":11}],"seed_played":"-5483346078407468913","potions_obtained":[{"floor":0,"key":"GamblersBrew"},{"floor":1,"key":"GamblersBrew"},{"floor":2,"key":"EssenceOfDarkness"},{"floor":8,"key":"FearPotion"},{"floor":12,"key":"Explosive Potion"}],"is_trial":false,"path_per_floor":["M","M","M","M","?","E","R","E","T","M","?","E","R","M","R","B"],"character_chosen":"DEFECT","items_purchased":[],"campfire_rested":0,"item_purchase_floors":[],"current_hp_per_floor":[69,69,72,70,70,59,59,63,63,68,73,45,45,52,52,0,0],"gold":321,"neow_bonus":"BOSS_RELIC","is_daily":false,"chose_seed":false,"campfire_upgraded":3,"win_rate":0.0,"timestamp":1610420993,"path_taken":["M","M","M","M","?","E","R","E","T","M","?","E","R","M","R","BOSS"],"items_purchased_type":[],"build_version":"2020-12-22","purchased_purges":0,"victory":false,"max_hp_per_floor":[76,76,76,76,76,76,76,76,76,76,81,81,81,81,81,81,81],"relic_stats":{"counters":[10,54],"Ginger":[2],"Boot":[2],"obtain_stats":[{"Tiny House":0,"Ginger":8,"Cracked Core":0,"Symbiotic Virus":6,"Boot":12,"Meat on the Bone":9},{"Tiny House":0,"Ginger":6,"Cracked Core":0,"Symbiotic Virus":5,"Boot":8,"Meat on the Bone":6},{"Tiny House":0,"Ginger":30,"Cracked Core":0,"Symbiotic Virus":24,"Boot":38,"Meat on the Bone":30}],"Meat on the Bone":12},"card_choices":[{"not_picked":["Stack","Barrage"],"picked":"Compile Driver","floor":0},{"not_picked":["Static Discharge","Auto Shields"],"picked":"Undo","floor":1},{"not_picked":["Stack","Recycle"],"picked":"Self Repair","floor":2},{"not_picked":["Barrage","Streamline"],"picked":"Steam","floor":3},{"not_picked":["Amplify","Streamline"],"picked":"Genetic Algorithm","floor":4},{"not_picked":["Double Energy","Fusion"],"picked":"All For One","floor":6},{"not_picked":["Steam","Rebound"],"picked":"Turbo","floor":8},{"not_picked":["Hello World","Fusion"],"picked":"Glacier","floor":10},{"not_picked":["Go for the Eyes","Melter"],"picked":"Genetic Algorithm","floor":12},{"not_picked":["Sweeping Beam","Streamline"],"picked":"Hologram","floor":14}],"player_experience":922179,"relics_obtained":[{"floor":6,"key":"Symbiotic Virus"},{"floor":8,"key":"Ginger"},{"floor":9,"key":"Meat on the Bone"},{"floor":12,"key":"Boot"}],"event_choices":[{"cards_removed":["Defend_B"],"damage_healed":0,"gold_gain":0,"player_choice":"Card Removal","damage_taken":0,"max_hp_gain":0,"max_hp_loss":0,"event_name":"The Cleric","floor":5,"gold_loss":75},{"damage_healed":0,"gold_gain":0,"player_choice":"Donut","damage_taken":0,"max_hp_gain":5,"max_hp_loss":0,"event_name":"Big Fish","floor":11,"gold_loss":0}],"is_beta":false,"boss_relics":[],"items_purged_floors":[],"is_endless":false,"potions_floor_spawned":[1,2,8,10,12],"killed_by":"Hexaghost","ascension_level":20}}