{"host":"a3oe3gstxz77c7qu","time":1610494799,"event":{"mods":["2.2 Compatiblity","Act Like it!","Astrologer","BaseMod","Bestiary","Better Altar","Better Match","Better Note","Better Skull","Better Third Choice","Block Reminder","Curses Come First","Custom Start","Dark Map","Downfall","Friendly Minions","GifTheSpireLib","Hermit","Jorbs\u0027s Wanderer Trilogy","Lobotomy","LobotomyExtend","Marisa????????","Minty Spire (QoL Compilation)","Permanent Neow","Quick Restart","Relic Stats","Replay The Spire","StSLib","The Bug Knight","The Cursed","The Disciple","Uncapped","Unknown Chances","Wandering Minibosses"],"gold_per_floor":[162,172,190,209,229,40,40,57,90,90,75,85,72,104,94,94,94],"floor_reached":16,"language":"ENG","playtime":1009,"items_purged":[],"score":133,"play_id":"0ff2039c-2a56-4172-bdd2-ad1012172674","local_time":"20210112233959","is_ascension_mode":true,"campfire_choices":[{"floor":10,"key":"RECALL"}],"circlet_count":0,"master_deck":["sneckomod:Strike","sneckomod:Strike","sneckomod:Strike","sneckomod:Defend","sneckomod:Defend","sneckomod:Defend","sneckomod:TailWhip","sneckomod:SnekBite","sneckomod:Unknown","sneckomod:Unknown","sneckomod:UnknownWeak","sneckomod:UnknownWeak","sneckomod:Nope","sneckomod:QuickMove","sneckomod:DiceBoulder","sneckomod:MixItUp","sneckomod:UnknownWeak","sneckomod:UnknownVulnerable","sneckomod:Restock","sneckomod:Rotation"],"relics":["LetterFromLob","Sundial","Pen Nib"],"acts_visited":["Exordium"],"potions_floor_usage":[6,9,11,11,14,15],"damage_taken":[{"damage":1,"enemies":"Cultist","floor":2,"turns":4},{"damage":0,"enemies":"2 Louse","floor":3,"turns":3},{"damage":9,"enemies":"Jaw Worm","floor":4,"turns":4},{"damage":13,"enemies":"Large Slime","floor":5,"turns":4},{"damage":0,"enemies":"downfall:FleeingMerchant","floor":6,"turns":7},{"damage":0,"enemies":"2 Fungi Beasts","floor":8,"turns":3},{"damage":5,"enemies":"Gremlin Nob","floor":9,"turns":3},{"damage":0,"enemies":"downfall:FleeingMerchant","floor":11,"turns":5},{"damage":3,"enemies":"3 Louse","floor":12,"turns":3},{"damage":29,"enemies":"Red Slaver","floor":13,"turns":7},{"damage":5,"enemies":"3 Sentries","floor":14,"turns":6},{"damage":8,"enemies":"Blue Slaver","floor":15,"turns":8},{"damage":19,"enemies":"downfall:Watcher","floor":16,"turns":5}],"seed_played":"8073999585777829931","potions_obtained":[{"floor":0,"key":"Elixir"},{"floor":0,"key":"LiquidBronze"},{"floor":0,"key":"SneckoOil"},{"floor":2,"key":"Fire Potion"},{"floor":8,"key":"SkillPotion"},{"floor":9,"key":"GamblersBrew"},{"floor":13,"key":"FearPotion"}],"is_trial":false,"path_per_floor":["R","M","M","M","M","$","T","M","E","R","$","M","M","E","M","B"],"character_chosen":"THE_SNECKO","items_purchased":["Oddly Smooth Stone"],"campfire_rested":0,"item_purchase_floors":[6],"current_hp_per_floor":[90,90,91,82,69,69,69,69,64,64,64,61,32,27,19,0,0],"gold":94,"neow_bonus":"THREE_SMALL_POTIONS","is_daily":false,"chose_seed":false,"campfire_upgraded":0,"win_rate":0.0,"timestamp":1610494799,"path_taken":["R","M","M","?","M","$","T","M","E","R","$","M","M","E","M","BOSS"],"items_purchased_type":["Relic"],"build_version":"2020-12-22","purchased_purges":0,"victory":false,"max_hp_per_floor":[90,91,92,92,92,92,92,92,92,92,92,92,92,92,92,92,92],"relic_stats":{"counters":[13,62],"Sundial":[6],"Pen Nib":[1],"obtain_stats":[{"Sundial":9,"Oddly Smooth Stone":6,"Pen Nib":14,"LetterFromLob":2,"Garlic":7,"sneckomod:SneckoSoul":0},{"Sundial":7,"Oddly Smooth Stone":5,"Pen Nib":11,"LetterFromLob":1,"Garlic":5,"sneckomod:SneckoSoul":0},{"Sundial":28,"Oddly Smooth Stone":22,"Pen Nib":49,"LetterFromLob":4,"Garlic":22,"sneckomod:SneckoSoul":0}]},"card_choices":[{"not_picked":["sneckomod:UnknownClassGREEN","sneckomod:RainOfDice"],"picked":"sneckomod:UnknownWeak","floor":2},{"not_picked":["sneckomod:MixItUp","sneckomod:UnknownStrike"],"picked":"sneckomod:UnknownWeak","floor":3},{"not_picked":["sneckomod:UnknownBlock","sneckomod:UnknownCommonAttack"],"picked":"sneckomod:Nope","floor":4},{"not_picked":["sneckomod:UnknownStrike","sneckomod:Unknown2Cost"],"picked":"sneckomod:QuickMove","floor":5},{"not_picked":["sneckomod:UnknownClassBUGKNIGHT_GRAY_COLOR","sneckomod:UnknownClassRED"],"picked":"sneckomod:DiceBoulder","floor":6},{"not_picked":["sneckomod:UnknownClassPURPLE","sneckomod:IronFang"],"picked":"sneckomod:MixItUp","floor":8},{"not_picked":["sneckomod:UnknownCommonAttack","sneckomod:DiceCrush"],"picked":"sneckomod:UnknownWeak","floor":9},{"not_picked":["sneckomod:IronFang","sneckomod:QuickBite","sneckomod:UnknownStrike"],"picked":"SKIP","floor":11},{"not_picked":["sneckomod:UnknownCommonAttack","sneckomod:UnknownCommonSkill"],"picked":"sneckomod:UnknownVulnerable","floor":12},{"not_picked":["sneckomod:UnknownCommonAttack","sneckomod:UnknownCommonSkill","sneckomod:Unknown1Cost"],"picked":"SKIP","floor":13},{"not_picked":["sneckomod:QuickMove","sneckomod:UnknownCommonSkill"],"picked":"sneckomod:Restock","floor":14},{"not_picked":["sneckomod:Unknown1Cost","sneckomod:UnknownBlock"],"picked":"sneckomod:Rotation","floor":15}],"player_experience":991380,"relics_obtained":[{"floor":2,"key":"LetterFromLob"},{"floor":7,"key":"Garlic"},{"floor":9,"key":"Sundial"},{"floor":14,"key":"Pen Nib"}],"event_choices":[],"is_beta":false,"boss_relics":[],"items_purged_floors":[],"is_endless":false,"potions_floor_spawned":[2,5,8,9,13],"killed_by":"downfall:Watcher","ascension_level":3}}