{"host":"97k5lqmr6aaz1p9r","time":1610472304,"event":{"mods":["BaseMod","Colored Map","Downfall","Jorbs\u0027s Wanderer Trilogy","Minty Spire (QoL Compilation)","StSLib"],"gold_per_floor":[99,111,111,124,124,124,147,180,330,330,363,94,94,112,132,237,237,162,174,194,34,134,134,134,169,184,197,226,245,95,106,126,229,229,229,242,255,140,190,267,321,387,421,521,66,116,330,350,360,360,360,392,24,24,24],"floor_reached":56,"playtime":6994,"items_purged":["Regret","Slimebound:Icky"],"score":1502,"play_id":"d828c261-c045-43b5-8247-5cfe4b69a855","local_time":"20210112172504","is_ascension_mode":true,"campfire_choices":[{"data":"champ:HoldFirm","floor":1.0,"key":"SMITH"},{"data":"champ:Riposte","floor":6.0,"key":"SMITH"},{"data":"champ:TornadoPunch","floor":10.0,"key":"SMITH"},{"data":"champ:Balance","floor":13.0,"key":"SMITH"},{"data":"champ:Improvising","floor":18.0,"key":"SMITH"},{"floor":23.0,"key":"RECALL"},{"data":"champ:Improvising","floor":30.0,"key":"SMITH"},{"data":"champ:Improvising","floor":35.0,"key":"SMITH"},{"data":"champ:Circumvent","floor":54,"key":"SMITH"}],"circlet_count":0,"master_deck":["champ:Strike+1","champ:Strike","champ:Strike","champ:Strike+1","champ:Defend+1","champ:Defend+1","champ:Defend","champ:Execute","champ:Taunt","champ:HoldFirm+1","champ:Riposte+1","champ:Circumvent","champ:TornadoPunch+1","champ:Balance+1","champ:Circumvent+1","champ:ShieldWall","champ:GladiatorStyle","champ:SwordSigil","champ:Improvising+1","champ:FlashCut+1","champ:ArenaPreparation","champ:Improvising+1","champ:BringItOn","champ:Improvising+1","CurseOfTheBell","champ:CrookedStrike","champ:SwordSigil+1","champ:DefensiveShout+1","champ:FalseCounter+1","champ:ShieldWall+1","champ:BladeFlurry","champ:DancingMaster","champ:DefensiveStyle","expansioncontent:StudyTheSpire","Panacea+1"],"relics":["champ:ChampionCrown","Guardian:PocketSentry","Eternal Feather","Gremlin Horn","Bag of Preparation","Sozu","downfall:HeartBlessingBlue","Whetstone","downfall:CloakOfManyFaces","CultistMask","FaceOfCleric","NlothsMask","GremlinMask","SsserpentHead","White Beast Statue","Turnip","downfall:HeartBlessingRed","downfall:HeartBlessingGreen","Calling Bell","Blood Vial","Toxic Egg 2","champ:GladiatorsBookOfMartialProwess","Letter Opener","Omamori","Orichalcum","Nunchaku","Calipers","HornCleat","OrangePellets","Sling","Centennial Puzzle"],"acts_visited":["Exordium","TheCity","TheBeyond","TheEnding"],"potions_floor_usage":[],"damage_taken":[{"damage":12.0,"enemies":"Jaw Worm","floor":2.0,"turns":3.0},{"damage":12.0,"enemies":"Small Slimes","floor":4.0,"turns":4.0},{"damage":13.0,"enemies":"Gremlin Nob","floor":8.0,"turns":4.0},{"damage":13.0,"enemies":"3 Sentries","floor":11.0,"turns":6.0},{"damage":9.0,"enemies":"downfall:FleeingMerchant","floor":12.0,"turns":4.0},{"damage":5.0,"enemies":"Cultist","floor":14.0,"turns":2.0},{"damage":10.0,"enemies":"Exordium Thugs","floor":15.0,"turns":4.0},{"damage":40.0,"enemies":"downfall:Defect","floor":16.0,"turns":9.0},{"damage":8.0,"enemies":"Spheric Guardian","floor":19.0,"turns":4.0},{"damage":0.0,"enemies":"Shell Parasite","floor":20.0,"turns":4.0},{"damage":9.0,"enemies":"downfall:FleeingMerchant","floor":21.0,"turns":4.0},{"damage":15.0,"enemies":"downfall:FaceTrader","floor":22.0,"turns":4.0},{"damage":31.0,"enemies":"Gremlin Leader","floor":25.0,"turns":7.0},{"damage":16.0,"enemies":"Centurion and Healer","floor":26.0,"turns":5.0},{"damage":30.0,"enemies":"Shelled Parasite and Fungi","floor":27.0,"turns":4.0},{"damage":35.0,"enemies":"Slavers","floor":28.0,"turns":5.0},{"damage":5.0,"enemies":"Cultist and Chosen","floor":29.0,"turns":4.0},{"damage":5.0,"enemies":"Centurion and Healer","floor":31.0,"turns":4.0},{"damage":6.0,"enemies":"Snecko","floor":32.0,"turns":3.0},{"damage":10.0,"enemies":"downfall:Silent","floor":33.0,"turns":9.0},{"damage":13.0,"enemies":"Orb Walker","floor":36.0,"turns":4.0},{"damage":30.0,"enemies":"3 Darklings","floor":37.0,"turns":4.0},{"damage":35.0,"enemies":"downfall:FleeingMerchant","floor":38.0,"turns":4.0},{"damage":5.0,"enemies":"Spire Growth","floor":42.0,"turns":5.0},{"damage":30.0,"enemies":"Nemesis","floor":43.0,"turns":7.0},{"damage":10.0,"enemies":"Mind Bloom Boss Battle","floor":44.0,"turns":8.0},{"damage":35.0,"enemies":"downfall:FleeingMerchant","floor":45.0,"turns":4.0},{"damage":5.0,"enemies":"downfall:FleeingMerchant","floor":47.0,"turns":2.0},{"damage":28.0,"enemies":"Sphere and 2 Shapes","floor":48.0,"turns":4.0},{"damage":15.0,"enemies":"Maw","floor":49.0,"turns":6.0},{"damage":34.0,"enemies":"downfall:Ironclad","floor":50.0,"turns":11.0},{"damage":51,"enemies":"downfall:CharBossMerchant","floor":52,"turns":9},{"damage":19,"enemies":"downfall:NeowBoss","floor":55,"turns":23}],"seed_played":"-3906200020269298679","potions_obtained":[{"floor":4.0,"key":"PowerPotion"},{"floor":14.0,"key":"AttackPotion"},{"floor":16.0,"key":"hexamod:EctoCoolerPotion"}],"is_trial":false,"path_per_floor":["R","M","?","M","?","R","T","E","?","R","E","$","R","M","M","B",null,"R","M","M","$","?","R","T","E","M","M","E","M","R","M","M","B",null,"R","M","M","$","?","T","T","M","E","?","$","?","$","M","M","B",null,"E","$","R","B",null],"character_chosen":"THE_CHAMP","items_purchased":["Bag of Preparation","champ:ShieldWall","Whetstone","HornCleat","OrangePellets","champ:BladeFlurry","Sling","champ:DefensiveStyle","expansioncontent:StudyTheSpire","Panacea+1"],"campfire_rested":0,"item_purchase_floors":[12,12,21,45,45,45,47,53,53,53],"current_hp_per_floor":[90,83,83,76,73,73,73,65,65,74,61,57,66,66,66,43,90,100,92,92,88,88,100,100,101,94,81,62,63,75,76,76,77,108,108,101,74,77,77,77,77,80,79,82,85,85,88,81,84,73,119,74,74,95,84],"gold":24,"neow_bonus":"TRANSFORM_CARD","is_daily":false,"chose_seed":false,"campfire_upgraded":8,"win_rate":0.0,"timestamp":1610472304,"path_taken":["R","M","?","M","?","R","T","E","?","R","E","$","R","M","M","BOSS","R","M","M","$","?","R","T","E","M","M","E","M","R","M","M","BOSS","R","M","M","$","?","?","T","?","E","?","$","?","$","M","M","BOSS","E","$","R","BOSS"],"items_purchased_type":["Relic","Card","Relic","Relic","Relic","Card","Relic","Card","Card","Card"],"build_version":"2020-12-22","purchased_purges":2,"victory":true,"max_hp_per_floor":[90,90,90,90,90,90,90,90,90,90,90,90,90,90,90,90,90,100,100,100,100,100,100,100,101,102,103,104,105,105,106,107,108,108,108,109,110,111,111,111,111,112,113,114,115,115,116,117,118,119,119,120,120,120,121],"card_choices":[{"not_picked":["champ:RapidStrikes","champ:FightOn"],"picked":"champ:Riposte","floor":2.0},{"not_picked":["champ:FightOn","champ:FalseCounter"],"picked":"champ:Circumvent","floor":4.0},{"not_picked":["champ:EnGarde","champ:Haymaker"],"picked":"champ:TornadoPunch","floor":8.0},{"not_picked":["champ:RisingSlash","champ:Encircle"],"picked":"champ:Balance","floor":11.0},{"not_picked":["champ:RageSigil","champ:BerserkersShout"],"picked":"champ:Circumvent","floor":12.0},{"not_picked":["champ:Devastate","champ:FlashCut"],"picked":"champ:GladiatorStyle","floor":14.0},{"not_picked":["champ:BerserkerStyle","champ:RageSigil"],"picked":"champ:SwordSigil","floor":15.0},{"not_picked":["champ:EnchantShield","champ:SwordThrow"],"picked":"champ:Improvising","floor":16.0},{"not_picked":["champ:FanOfKnives","champ:FightOn"],"picked":"champ:FlashCut","floor":19.0},{"not_picked":["champ:FlashCut","champ:RageSigil","champ:CalledShot"],"picked":"SKIP","floor":20.0},{"not_picked":["champ:FlashCut","champ:GladiatorsShout"],"picked":"champ:ArenaPreparation","floor":21.0},{"not_picked":["champ:Balance+1","champ:SwordThrow"],"picked":"champ:Improvising","floor":25.0},{"not_picked":["champ:Haymaker","champ:RisingSlash","champ:Riposte"],"picked":"SKIP","floor":26.0},{"not_picked":["champ:Backstep+1","champ:GutPunch","champ:AdrenalArmor"],"picked":"SKIP","floor":27.0},{"not_picked":["champ:FocusedGladiator+1","champ:EnGarde"],"picked":"champ:BringItOn","floor":28.0},{"not_picked":["champ:Haymaker","champ:CrookedStrike","champ:PerfectedStrike+1"],"picked":"SKIP","floor":29.0},{"not_picked":["champ:EnragedBash+1","champ:PerfectedStrike","champ:RageSigil"],"picked":"SKIP","floor":31.0},{"not_picked":["champ:AdrenalArmor","champ:EnchantShield","champ:Haymaker+1"],"picked":"SKIP","floor":32.0},{"not_picked":["champ:EnchantSword","champ:PerfectForm"],"picked":"champ:Improvising","floor":33.0},{"not_picked":["champ:Aggression+1","champ:BerserkersShout+1"],"picked":"champ:CrookedStrike","floor":36.0},{"not_picked":["champ:ShieldSigil+1","champ:FlashCut+1"],"picked":"champ:SwordSigil+1","floor":37.0},{"not_picked":["champ:DeathBlow","champ:Circumvent+1","champ:Backstep+1"],"picked":"SKIP","floor":38.0},{"not_picked":["champ:CrookedStrike+1","champ:FalseCounter+1"],"picked":"champ:DefensiveShout+1","floor":42.0},{"not_picked":["champ:Haymaker+1","champ:SkillfulDodge+1"],"picked":"champ:FalseCounter+1","floor":43.0},{"not_picked":["champ:PerfectForm","champ:DefensiveShout+1"],"picked":"champ:ShieldWall+1","floor":44.0},{"not_picked":["champ:Duel+1","champ:GladiatorStyle+1","champ:BerserkersShout+1"],"picked":"SKIP","floor":45.0},{"not_picked":["champ:HeartStrike","champ:Backstep+1","champ:Riposte+1"],"picked":"SKIP","floor":47.0},{"not_picked":["champ:BladeFlurry","champ:RisingSlash","champ:Haymaker"],"picked":"SKIP","floor":48.0},{"not_picked":["champ:RapidStrikes","champ:PerfectedStrike+1","champ:Encircle"],"picked":"SKIP","floor":49.0},{"not_picked":["champ:BladeFlurry","champ:EnchantCrown+1"],"picked":"champ:DancingMaster","floor":52}],"player_experience":651717,"relics_obtained":[{"floor":8.0,"key":"Eternal Feather"},{"floor":11.0,"key":"Gremlin Horn"},{"floor":22.0,"key":"downfall:CloakOfManyFaces"},{"floor":25.0,"key":"White Beast Statue"},{"floor":28.0,"key":"Turnip"},{"floor":34.0,"key":"Blood Vial"},{"floor":34.0,"key":"Toxic Egg 2"},{"floor":34.0,"key":"champ:GladiatorsBookOfMartialProwess"},{"floor":39.0,"key":"Letter Opener"},{"floor":40.0,"key":"Omamori"},{"floor":41.0,"key":"Orichalcum"},{"floor":43.0,"key":"Nunchaku"},{"floor":44.0,"key":"Calipers"},{"floor":52,"key":"Centennial Puzzle"}],"event_choices":[{"damage_healed":0.0,"max_hp_gain":0.0,"max_hp_loss":0.0,"gold_gain":0.0,"event_name":"Scrap Ooze","player_choice":"Success","floor":5.0,"gold_loss":0.0,"damage_taken":3.0,"relics_obtained":["Guardian:PocketSentry"]}],"is_beta":false,"boss_relics":[{"not_picked":["Fusion Hammer","SacredBark"],"picked":"Sozu"},{"not_picked":["Velvet Choker","Tiny House"],"picked":"Calling Bell"}],"items_purged_floors":[12,38],"is_endless":false,"potions_floor_spawned":[4,14,16,22,25,26,27,28,29,31,32,33,36,37,38,42,43,44,45,47,48,49,52],"ascension_level":2}}