{"host":"ockkdcgl3b18tfz9","time":1610430385,"event":{"mods":["2.2 Compatiblity","BaseMod","Better Skull","Better Third Choice","BetterRewards","Hermit","Minty Spire (QoL Compilation)","Quick Restart","Replay The Spire","Spicy Shops","StSLib","SuperFastMode","The Jungle"],"gold_per_floor":[117,117,117,135,135,168,168,179,203,231,243,262,297,297,297,394,394,408,422,422,276,276,276,294,294,348,348,348,375,137,148,176,195,195,292,292,307,219,234,249,27,27,53,67,93,111,161,161,187,33,33,33,33,33,33,58,58,58],"floor_reached":57,"playtime":1873,"items_purged":["Strike_G"],"score":1537,"play_id":"a65c99ab-568a-4961-862a-40305077faef","local_time":"20210112124625","is_ascension_mode":true,"campfire_choices":[{"floor":7.0,"key":"RECALL"},{"data":"Distraction","floor":15.0,"key":"SMITH"},{"data":"PiercingWail","floor":23.0,"key":"SMITH"},{"data":"Cloak And Dagger","floor":25.0,"key":"SMITH"},{"data":"Blade Dance","floor":34.0,"key":"SMITH"},{"data":"Accuracy","floor":42.0,"key":"SMITH"},{"floor":51.0,"key":"REST"},{"data":"Finisher","floor":54.0,"key":"SMITH"}],"circlet_count":0,"master_deck":["Strike_G+1","Strike_G+1","Strike_G","Defend_G","Defend_G","Defend_G","Defend_G","Survivor","Neutralize","Quick Slash","Underhanded Strike","Distraction+1","Caltrops+1","Predator","Predator","Apotheosis+1","Backflip","Cloak And Dagger","Well Laid Plans","PiercingWail+1","Blur","ReplayTheSpireMod:Tripwire+1","Cloak And Dagger+1","Spreading Infection","Finisher+1","Prepared","Backflip","Dodge and Roll+1","Blade Dance+1","Poison Darts","Hidden Blade+1","Riddle With Holes","Calculated Gamble","Accuracy+1","Blade Dance","Slice+1","Terror","Tactician+1","Leg Sweep","Cloak And Dagger+1"],"relics":["Ring of the Snake","BargainBundle","Gambling Chip","FossilizedHelix","Lee\u0027s Waffle","Replay:Wax Seal","Quantum Egg","ReplayTheSpireMod:Lightbulb","Mercury Hourglass","Bag of Preparation","WristBlade","ReplayTheSpireMod:Ring of Exchange","Juzu Bracelet","theJungle:BirthdayCakeSlice","Bronze Scales","Simple Rune","Kunai","White Beast Statue","HandDrill","Omamori","Replay:WaspNest","Pocketwatch","Replay:Bottled Flurry","Golden Egg"],"acts_visited":["Exordium","Exordium","TheBeyond","TheEnding"],"potions_floor_usage":[57,57,57],"damage_taken":[{"damage":0.0,"enemies":"2 Louse","floor":1.0,"turns":1.0},{"damage":0.0,"enemies":"Small Slimes","floor":4.0,"turns":3.0},{"damage":2.0,"enemies":"3 Sentries","floor":6.0,"turns":6.0},{"damage":0.0,"enemies":"Cultist","floor":8.0,"turns":3.0},{"damage":0.0,"enemies":"Gremlin Nob","floor":10.0,"turns":3.0},{"damage":0.0,"enemies":"3 Louse","floor":11.0,"turns":2.0},{"damage":0.0,"enemies":"2 Fungi Beasts","floor":12.0,"turns":2.0},{"damage":0.0,"enemies":"Lagavulin","floor":13.0,"turns":5.0},{"damage":0.0,"enemies":"Slime Boss","floor":16.0,"turns":6.0},{"damage":0.0,"enemies":"theJungle:5_Spyders","floor":18.0,"turns":6.0},{"damage":0.0,"enemies":"theJungle:MUSHROOMGANG","floor":19.0,"turns":4.0},{"damage":0.0,"enemies":"Snake Plant","floor":24.0,"turns":3.0},{"damage":19.0,"enemies":"theJungle:2_Phrogs","floor":29.0,"turns":8.0},{"damage":0.0,"enemies":"theJungle:SlimyTreeVines","floor":31.0,"turns":5.0},{"damage":0.0,"enemies":"theJungle:MamaSnecko","floor":32.0,"turns":5.0},{"damage":0.0,"enemies":"theJungle:JungleHuntersEncounter","floor":33.0,"turns":4.0},{"damage":15.0,"enemies":"theJungle:QueenSpyder","floor":35.0,"turns":10.0},{"damage":0.0,"enemies":"Orb Walker","floor":37.0,"turns":2.0},{"damage":0.0,"enemies":"3 Darklings","floor":39.0,"turns":2.0},{"damage":0.0,"enemies":"Spire Growth","floor":40.0,"turns":4.0},{"damage":0.0,"enemies":"Nemesis","floor":43.0,"turns":5.0},{"damage":8.0,"enemies":"Maw","floor":44.0,"turns":7.0},{"damage":0.0,"enemies":"3 Darklings","floor":46.0,"turns":2.0},{"damage":5.0,"enemies":"Mind Bloom Boss Battle","floor":47.0,"turns":3.0},{"damage":0.0,"enemies":"R_Hoarder","floor":49.0,"turns":4.0},{"damage":37.0,"enemies":"Awakened One","floor":52.0,"turns":11.0},{"damage":5.0,"enemies":"Shield and Spear","floor":56.0,"turns":7.0},{"damage":66,"enemies":"The Heart","floor":57,"turns":7}],"seed_played":"-7287367170834117037","potions_obtained":[{"floor":1.0,"key":"Ancient Potion"},{"floor":32.0,"key":"Energy Potion"},{"floor":47.0,"key":"Strength Potion"},{"floor":56.0,"key":"Doom Potion"}],"is_trial":false,"path_per_floor":["M","?","?","M","$","E","R","M","T","E","M","M","E","?","R","B",null,"M","M","?","$","?","R","M","R","T","PTL","PTL","E","$","M","E","M","R","B",null,"M","$","M","M","$","R","E","M","T","M","?","?","E","$","R","B",null,"R","$","E","B"],"character_chosen":"THE_SILENT","items_purchased":["BargainBundle","Quick Slash","Underhanded Strike","Distraction","DistilledChaos","GhostInAJar","Caltrops","Lee\u0027s Waffle","Replay:Wax Seal","Predator","Juzu Bracelet","Kunai","Riddle With Holes","Accuracy","Omamori","Leg Sweep"],"campfire_rested":1,"item_purchase_floors":[0,0,0,0,0,0,0,0,0,0,21,30,38,41,41,50],"current_hp_per_floor":[77,77,77,77,77,75,75,75,75,75,75,75,75,75,75,75,77,77,77,77,77,82,82,82,82,82,82,82,63,63,69,69,69,69,54,75,75,75,75,75,75,75,75,67,67,67,62,62,62,62,82,45,73,73,73,68,2,2],"gold":58,"neow_bonus":"","is_daily":false,"chose_seed":false,"campfire_upgraded":6,"win_rate":0.0,"timestamp":1610430385,"path_taken":["M","?","?","M","$","E","R","M","T","E","M","?","E","?","R","BOSS","M","M","?","$","?","R","M","R","T","PTL","PTL","E","?","M","E","M","R","BOSS","M","$","M","M","$","R","E","M","T","M","?","?","E","$","R","BOSS","R","$","E","BOSS"],"items_purchased_type":["Relic","Card","Card","Card","Potion","Potion","Card","Relic","Relic","Card","Relic","Relic","Card","Card","Relic","Card"],"build_version":"2020-12-22","purchased_purges":1,"victory":false,"max_hp_per_floor":[77,77,77,77,77,77,77,77,77,77,77,77,77,77,77,77,77,77,77,77,77,82,82,82,82,82,82,82,82,82,82,82,82,82,82,82,82,82,82,82,82,82,82,82,82,82,82,82,82,82,82,82,82,82,82,82,82,82],"card_choices":[{"not_picked":["Deadly Poison","Noxious Fumes","Poisoned Stab"],"picked":"SKIP","floor":1.0},{"not_picked":["Sucker Punch","Slice"],"picked":"Backflip","floor":4.0},{"not_picked":["Replay:Poison Smokescreen","Slice","Skewer"],"picked":"SKIP","floor":6.0},{"not_picked":["Flechettes","Bane"],"picked":"Cloak And Dagger","floor":8.0},{"not_picked":["Toxin Wave","Distraction"],"picked":"Well Laid Plans","floor":10.0},{"not_picked":["Tactician","Cloak And Dagger"],"picked":"PiercingWail","floor":11.0},{"not_picked":["ReplayTheSpireMod:The Works","PiercingWail","Cloak And Dagger"],"picked":"SKIP","floor":12.0},{"not_picked":["PiercingWail","ReplayTheSpireMod:From All Sides"],"picked":"Blur","floor":13.0},{"not_picked":["Hidden Blade","PiercingWail+1","Poisoned Stab"],"picked":"SKIP","floor":18.0},{"not_picked":["Hidden Blade","Sucker Punch"],"picked":"Cloak And Dagger","floor":19.0},{"not_picked":["PiercingWail","Deflect"],"picked":"Finisher","floor":24.0},{"not_picked":["Tactician","Bane"],"picked":"Prepared","floor":29.0},{"not_picked":["Acrobatics","All Out Attack"],"picked":"Backflip","floor":31.0},{"not_picked":["Calculated Gamble","Tactician"],"picked":"Dodge and Roll+1","floor":32.0},{"not_picked":["Escape Plan","Backflip"],"picked":"Blade Dance","floor":33.0},{"not_picked":["Atom Bomb","Corpse Explosion"],"picked":"Poison Darts","floor":35.0},{"not_picked":["Slice","Poisoned Stab+1"],"picked":"Hidden Blade+1","floor":37.0},{"not_picked":["Dagger Spray+1","Concentrate"],"picked":"Calculated Gamble","floor":39.0},{"not_picked":["Cloak And Dagger","Flying Knee+1","Backflip"],"picked":"SKIP","floor":40.0},{"not_picked":["PiercingWail+1","Backflip"],"picked":"Blade Dance","floor":43.0},{"not_picked":["Replay:Poison Smokescreen+1","Backflip+1"],"picked":"Slice+1","floor":44.0},{"not_picked":["Predator+1","Cloak And Dagger"],"picked":"Terror","floor":46.0},{"not_picked":["Outmaneuver+1","ReplayTheSpireMod:Necrosis"],"picked":"Tactician+1","floor":47.0},{"not_picked":["ReplayTheSpireMod:Exploit Weakness","Bane+1","Eviscerate"],"picked":"SKIP","floor":49.0},{"not_picked":["ReplayTheSpireMod:Exploit Weakness","Bane+1","Eviscerate"],"picked":"SKIP","floor":49.0},{"not_picked":["Dodge and Roll+1","Slice"],"picked":"Cloak And Dagger+1","floor":56.0}],"player_experience":266835,"relics_obtained":[{"floor":6.0,"key":"Quantum Egg"},{"floor":9.0,"key":"ReplayTheSpireMod:Lightbulb"},{"floor":10.0,"key":"Mercury Hourglass"},{"floor":13.0,"key":"Bag of Preparation"},{"floor":20.0,"key":"ReplayTheSpireMod:Ring of Exchange"},{"floor":26.0,"key":"Bronze Scales"},{"floor":29.0,"key":"Simple Rune"},{"floor":32.0,"key":"White Beast Statue"},{"floor":43.0,"key":"Replay:WaspNest"},{"floor":47.0,"key":"Pocketwatch"},{"floor":49.0,"key":"Replay:Bottled Flurry"},{"floor":56.0,"key":"Golden Egg"}],"event_choices":[{"damage_healed":77.0,"max_hp_gain":0.0,"max_hp_loss":77.0,"gold_gain":0.0,"event_name":"betterThird:BetterShining","player_choice":"Embrace","floor":2.0,"gold_loss":0.0,"damage_taken":0.0},{"damage_healed":0.0,"max_hp_gain":0.0,"max_hp_loss":0.0,"gold_gain":0.0,"event_name":"Upgrade Shrine","player_choice":"Upgraded","floor":3.0,"gold_loss":0.0,"damage_taken":0.0,"cards_upgraded":["Caltrops"]},{"damage_healed":0.0,"max_hp_gain":0.0,"max_hp_loss":0.0,"gold_gain":0.0,"event_name":"MindBloom","player_choice":"Fight","floor":47.0,"gold_loss":0.0,"damage_taken":0.0},{"cards_removed":["Defend_G"],"damage_healed":0.0,"max_hp_gain":0.0,"max_hp_loss":0.0,"gold_gain":0.0,"event_name":"Falling","player_choice":"Removed Skill","floor":48.0,"gold_loss":0.0,"damage_taken":0.0}],"is_beta":false,"boss_relics":[{"not_picked":["Calling Bell","Runic Pyramid"],"picked":"WristBlade"},{"not_picked":["ChewingGum","HoveringKite"],"picked":"HandDrill"}],"items_purged_floors":[0],"is_endless":false,"potions_floor_spawned":[1,6,8,10,11,19,29,32,33,35,37,39,40,43,44,46,47,49,56],"killed_by":"The Heart","ascension_level":7}}