{"host":"e2uqnaep9nhbuq3z","time":1610450940,"event":{"mods":["AchievementEnabler","Act Like it!","Aspiration","BaseMod","Better Altar","Better Note","Better Skull","Better Third Choice","ChefMod","Colored Map","Colored Powertips","Dark Map","Disable Question Mark Monsters","Energized Spire","Fox Events","Gensokyo","Hallownest","Hermit","Hubris","Infinite Spire","Minty Spire (QoL Compilation)","Pale of the Ancients","Rare Cards Sparkle","Replay The Spire","Retaliation","Shade Mod","Spikes Relics","StSLib","The Blue Laboratory","The Cursed","The Disciple","The Hierophant","The IronCluck","The Marked"],"gold_per_floor":[17,37,54,129,141,175,187,112,112,112,127,27,45,80,80,184,184,202,214,62,79,129,155,173,30,30,42,42,59,59,78,78,180,180,193,212,212,232,107,107,121,0,46,46,46,65,83,100,100,100,100],"floor_reached":50,"playtime":4693,"items_purged":["Strike_G","Defend_G","Strike_G","Strike_G","Strike_G"],"score":482,"play_id":"7c6cde16-3612-4ba1-a808-d6b4a1c1cf72","local_time":"20210112122900","is_ascension_mode":false,"campfire_choices":[{"data":"Neutralize","floor":10.0,"key":"SMITH"},{"floor":15.0,"key":"RECALL"},{"floor":30.0,"key":"REST"},{"floor":32.0,"key":"REST"},{"floor":40.0,"key":"REST"},{"floor":45.0,"key":"REST"},{"floor":49,"key":"REST"}],"circlet_count":0,"master_deck":["theMarked:EternalStudent","Defend_G","Defend_G","Defend_G","Survivor+1","Neutralize+1","Dagger Throw","Prepared","Blade Dance","Caltrops+1","Deadly Poison","Flying Knee","Deflect","Dagger Throw","Adrenaline","Footwork","Dash","Cold Snap","Inflame","Backstab+1","Toxin Wave"],"relics":["Ring of the Snake","Snake Skull","Lantern","aspiration:Nostalgia","Iron Core","Chemical X","Tiny House","ReplayTheSpireMod:Lightbulb","Orichalcum","RetroEgg","energizedSpire:SpiderWeb","Red Mask","infinitespire:Beetle Shell","Art of War"],"acts_visited":["Exordium","TheCity","TheBeyond"],"potions_floor_usage":[],"damage_taken":[{"damage":0.0,"enemies":"Jaw Worm","floor":1.0,"turns":2.0},{"damage":1.0,"enemies":"infinitespire:Voidling","floor":2.0,"turns":4.0},{"damage":0.0,"enemies":"Cultist","floor":3.0,"turns":2.0},{"damage":0.0,"enemies":"Looter","floor":5.0,"turns":3.0},{"damage":7.0,"enemies":"Gremlin Nob","floor":6.0,"turns":5.0},{"damage":7.0,"enemies":"Gremlin Gang","floor":7.0,"turns":5.0},{"damage":2.0,"enemies":"Large Slime","floor":11.0,"turns":4.0},{"damage":0.0,"enemies":"Looter","floor":13.0,"turns":3.0},{"damage":2.0,"enemies":"Lagavulin","floor":14.0,"turns":4.0},{"damage":31.0,"enemies":"The Guardian","floor":16.0,"turns":7.0},{"damage":9.0,"enemies":"2 Thieves","floor":18.0,"turns":4.0},{"damage":0.0,"enemies":"Chosen","floor":19.0,"turns":3.0},{"damage":11.0,"enemies":"3 Cultists","floor":21.0,"turns":5.0},{"damage":10.0,"enemies":"Replay:Snechameleon","floor":23.0,"turns":5.0},{"damage":6.0,"enemies":"Centurion and Healer","floor":24.0,"turns":8.0},{"damage":9.0,"enemies":"Snake Plant","floor":27.0,"turns":3.0},{"damage":5.0,"enemies":"Cultist and Chosen","floor":29.0,"turns":7.0},{"damage":0.0,"enemies":"Chosen and Byrds","floor":31.0,"turns":5.0},{"damage":38.0,"enemies":"Champ","floor":33.0,"turns":13.0},{"damage":3.0,"enemies":"3 Shapes","floor":35.0,"turns":6.0},{"damage":13.0,"enemies":"3 Darklings","floor":36.0,"turns":4.0},{"damage":39.0,"enemies":"Transient","floor":38.0,"turns":5.0},{"damage":28.0,"enemies":"Spire Growth","floor":41.0,"turns":5.0},{"damage":13.0,"enemies":"Writhing Mass","floor":46.0,"turns":5.0},{"damage":0,"enemies":"4 Shapes","floor":47,"turns":4},{"damage":6,"enemies":"3 Darklings","floor":48,"turns":4},{"damage":44,"enemies":"Awakened One","floor":50,"turns":4}],"seed_played":"-3160068200058874657","potions_obtained":[{"floor":2.0,"key":"Ancient Potion"},{"floor":3.0,"key":"blueLaboratory:BottleOfVodka"},{"floor":6.0,"key":"Languid Potion"},{"floor":22.0,"key":"blueLaboratory:BottledHope"},{"floor":23.0,"key":"blueLaboratory:Moonshine"},{"floor":24.0,"key":"Energy Potion"},{"floor":29.0,"key":"blueLaboratory:ArtistsPotion"},{"floor":36.0,"key":"Adrenaline Potion"},{"floor":46.0,"key":"Strength Potion"},{"floor":47,"key":"Strength Potion"}],"is_trial":false,"path_per_floor":["M","M","M","?","M","E","M","$","T","R","M","$","M","E","R","B",null,"M","M","$","M","AVR","E","M","$","T","M","?","M","R","M","R","B",null,"M","M","?","M","$","R","M","?","T","AVR","R","M","M","M","R","B"],"character_chosen":"THE_SILENT","items_purchased":["aspiration:Nostalgia","Orichalcum"],"campfire_rested":5,"item_purchase_floors":[20,25],"current_hp_per_floor":[70,69,69,62,62,55,48,48,48,48,46,46,46,44,44,13,70,61,61,61,50,55,45,39,39,39,30,30,25,47,47,69,31,75,72,59,59,20,20,42,14,14,14,14,36,23,23,17,39,0,0],"gold":100,"neow_bonus":"REMOVE_TWO","is_daily":false,"chose_seed":false,"campfire_upgraded":1,"win_rate":0.0,"timestamp":1610450940,"path_taken":["M","M","M","?","?","E","M","$","T","R","M","?","M","E","R","BOSS","M","M","$","M","AVR","E","M","$","T","?","?","?","R","M","R","BOSS","M","M","?","M","$","R","M","?","T","AVR","R","M","M","M","R","BOSS"],"items_purchased_type":["Relic","Relic"],"build_version":"2020-12-22","purchased_purges":5,"victory":false,"max_hp_per_floor":[70,70,70,70,70,70,70,70,70,70,70,70,70,70,70,70,70,70,70,70,70,75,75,75,75,75,75,75,75,75,75,75,75,75,75,75,75,75,75,75,75,75,75,75,75,75,75,75,75,75,75],"card_choices":[{"not_picked":["Sucker Punch","Backflip"],"picked":"Dagger Throw","floor":1.0},{"not_picked":["ReplayTheSpireMod:The Works","Dagger Throw"],"picked":"Prepared","floor":2.0},{"not_picked":["Accuracy","ReplayTheSpireMod:From All Sides"],"picked":"Blade Dance","floor":3.0},{"not_picked":["Flying Knee","Poisoned Stab"],"picked":"Caltrops","floor":5.0},{"not_picked":["ReplayTheSpireMod:The Works","Dodge and Roll"],"picked":"Deadly Poison","floor":6.0},{"not_picked":["ReplayTheSpireMod:Tripwire","Quick Slash"],"picked":"Flying Knee","floor":7.0},{"not_picked":["hubris:Sniper","Distraction"],"picked":"Deflect","floor":11.0},{"not_picked":["Setup","Underhanded Strike","Eviscerate"],"picked":"SKIP","floor":13.0},{"not_picked":["Concentrate","Hidden Blade"],"picked":"Dagger Throw","floor":14.0},{"not_picked":["Bullet Time","Burst"],"picked":"Adrenaline","floor":16.0},{"not_picked":["Sucker Punch","Outmaneuver"],"picked":"Footwork","floor":18.0},{"not_picked":["Distraction+1","Hidden Blade"],"picked":"Dash","floor":19.0},{"not_picked":["Iron Wave","Rebound+1"],"picked":"Cold Snap","floor":21.0},{"not_picked":["ReplayTheSpireMod:Scrap Shanks","Calculated Gamble","Cloak And Dagger"],"picked":"SKIP","floor":23.0},{"not_picked":["All Out Attack","Scorching Beam+1","Force Field"],"picked":"SKIP","floor":24.0},{"not_picked":["Blade Dance","Flying Knee","Gash"],"picked":"SKIP","floor":27.0},{"not_picked":["ReplayTheSpireMod:System Scan","Deflect","Pace"],"picked":"SKIP","floor":29.0},{"not_picked":["Footwork","Seeing Red"],"picked":"Inflame","floor":31.0},{"not_picked":["Well Laid Plans","Tactician+1","Underhanded Strike+1"],"picked":"SKIP","floor":35.0},{"not_picked":["Outmaneuver+1","Acrobatics","hubris:SlightOfHand"],"picked":"SKIP","floor":36.0},{"not_picked":["InfectiousVector+1","Flechettes"],"picked":"Backstab","floor":38.0},{"not_picked":["Dagger Throw+1","Prepared+1","Pace+1"],"picked":"SKIP","floor":41.0},{"not_picked":["Tactician+1","Dagger Throw"],"picked":"Toxin Wave","floor":46.0},{"not_picked":["Seeing Red","Reflex+1","Warcry+1"],"picked":"SKIP","floor":47},{"not_picked":["Turbo+1","Outmaneuver+1","ReplayTheSpireMod:System Scan"],"picked":"SKIP","floor":48}],"player_experience":512586,"relics_obtained":[{"floor":6.0,"key":"Snake Skull"},{"floor":14.0,"key":"Lantern"},{"floor":23.0,"key":"ReplayTheSpireMod:Lightbulb"},{"floor":26.0,"key":"RetroEgg"},{"floor":43.0,"key":"infinitespire:Beetle Shell"}],"event_choices":[{"damage_healed":0.0,"max_hp_gain":0.0,"max_hp_loss":0.0,"gold_gain":75.0,"event_name":"FaceTrader","player_choice":"Touch","floor":4.0,"gold_loss":0.0,"damage_taken":7.0},{"damage_healed":0.0,"max_hp_gain":0.0,"max_hp_loss":0.0,"gold_gain":0.0,"event_name":"Accursed Blacksmith","player_choice":"Forge","floor":28.0,"gold_loss":0.0,"damage_taken":0.0,"cards_upgraded":["Caltrops"]},{"damage_healed":0.0,"max_hp_gain":0.0,"max_hp_loss":0.0,"gold_gain":0.0,"event_name":"Tomb of Lord Red Mask","player_choice":"Paid","floor":42.0,"gold_loss":121.0,"damage_taken":0.0,"relics_obtained":["Red Mask"]}],"is_beta":false,"boss_relics":[{"not_picked":["Velvet Choker","Coffee Dripper","Honey Jar"]},{"not_picked":["hubris:HollowSoul","Busted Crown"],"picked":"energizedSpire:SpiderWeb"}],"items_purged_floors":[8,12,22,39,44],"is_endless":false,"potions_floor_spawned":[2,3,6,23,24,29,36,46,47],"killed_by":"Awakened One","ascension_level":0}}