{"host":"qqhkj8yroas0q20g","time":1610453910,"event":{"mods":["ATMod(°¢èªMod)","Act Like it!","BaseMod","Conspire","Friendly Minions","KinomotoSakuraMod(Ä¾Ö®±¾Ó£)","Minty Spire (QoL Compilation)","Reimu£¨²©ÀöÁéÃÎ£©","Remilia£¨ÀÙÃ×ÀòÑÇ£©","RumiaBox-Â¶Ã×æ«µÄÉñÃØºÐ×Ó","StSLib","Youmu£¨»êÆÇÑýÃÎ£©","Yuyuko"],"gold_per_floor":[118,118,118,118,132,158,11,36,61,77,77,89,102,102,102,102,102],"floor_reached":16,"playtime":559,"items_purged":[],"score":196,"play_id":"1a68d071-4adb-42bf-9e04-3ec8ce4a96da","local_time":"20210112201830","is_ascension_mode":true,"campfire_choices":[{"data":"BombardNight","floor":11,"key":"SMITH"},{"data":"ScarletDream","floor":15,"key":"SMITH"}],"circlet_count":0,"master_deck":["Strike_RM","Strike_RM","Strike_RM","Strike_RM","Defend_RM","Defend_RM","Defend_RM","RedMoon","ScarletShoot","NightDance","BombardNight+1","StarOfDavid","RedRainbow","DiffusionOfMisfortune","ScarletDream+1","Stigmanizer","ScarletGensokyo"],"relics":["ScarletHat","AT_ATBox","NeowsBlessing","conspire:GlowingRock","Shuriken","Juzu Bracelet","Happy Flower","Lantern"],"acts_visited":["Exordium"],"potions_floor_usage":[16,16],"damage_taken":[{"damage":0,"enemies":"2 Louse","floor":1,"turns":1},{"damage":0,"enemies":"Jaw Worm","floor":5,"turns":1},{"damage":0,"enemies":"Gremlin Nob","floor":6,"turns":1},{"damage":31,"enemies":"Lagavulin","floor":8,"turns":8},{"damage":0,"enemies":"Small Slimes","floor":10,"turns":1},{"damage":0,"enemies":"Looter","floor":12,"turns":2},{"damage":0,"enemies":"Gremlin Gang","floor":13,"turns":1},{"damage":44,"enemies":"The Guardian","floor":16,"turns":4}],"seed_played":"-8688358956268929159","potions_obtained":[{"floor":10,"key":"DestinyDice"},{"floor":13,"key":"Ancient Potion"}],"is_trial":false,"path_per_floor":["M","?","T","?","M","E","$","E","T","M","R","M","M","?","R","B"],"character_chosen":"REMILIA","items_purchased":["Juzu Bracelet"],"campfire_rested":0,"item_purchase_floors":[7],"current_hp_per_floor":[68,68,68,68,68,68,68,39,39,39,39,39,39,39,39,0,0],"gold":102,"neow_bonus":"THREE_ENEMY_KILL","is_daily":false,"chose_seed":false,"campfire_upgraded":2,"win_rate":0.0,"timestamp":1610453910,"path_taken":["M","?","?","?","?","E","?","E","T","M","R","M","M","?","R","BOSS"],"items_purchased_type":["Relic"],"build_version":"2020-12-22","purchased_purges":0,"victory":false,"max_hp_per_floor":[75,75,75,75,75,75,75,75,75,75,75,75,75,75,75,75,75],"card_choices":[{"not_picked":["MastersStateliness","TwelveNightmare"],"picked":"NightDance","floor":1},{"not_picked":["MastersStateliness","FavorOfDestiny"],"picked":"BombardNight","floor":5},{"not_picked":["RedRainbow","TwelveNightmare"],"picked":"StarOfDavid","floor":6},{"not_picked":["UnderTheZenith","BloodHunter"],"picked":"RedRainbow","floor":8},{"not_picked":["LeisurelyOfLord","EndlessAdversity"],"picked":"DiffusionOfMisfortune","floor":10},{"not_picked":["ScarletGensokyo","ChainGang"],"picked":"ScarletDream","floor":12},{"not_picked":["CharismaGuard","RedRainbow"],"picked":"Stigmanizer","floor":13}],"player_experience":173730,"relics_obtained":[{"floor":3,"key":"conspire:GlowingRock"},{"floor":6,"key":"Shuriken"},{"floor":8,"key":"Happy Flower"},{"floor":9,"key":"Lantern"}],"event_choices":[{"damage_healed":0,"gold_gain":0,"player_choice":"Leave","damage_taken":0,"max_hp_gain":0,"max_hp_loss":0,"event_name":"The Cleric","floor":2,"gold_loss":0},{"damage_healed":0,"gold_gain":0,"player_choice":"Bought 0 Potions","damage_taken":0,"max_hp_gain":0,"max_hp_loss":0,"event_name":"The Woman in Blue","floor":4,"gold_loss":0},{"damage_healed":0,"gold_gain":0,"cards_transformed":["Defend_RM"],"player_choice":"Transformed","damage_taken":0,"max_hp_gain":0,"max_hp_loss":0,"event_name":"Transmorgrifier","floor":14,"gold_loss":0,"cards_obtained":["ScarletGensokyo"]}],"is_beta":false,"boss_relics":[],"items_purged_floors":[],"is_endless":false,"potions_floor_spawned":[10,13],"killed_by":"The Guardian","ascension_level":9}}