{"host":"6es90lqcwaoc0kgm","time":1610464391,"event":{"mods":["Act Like it!","Bard","BaseMod","Hallownest","HololiveMod","Jorbs\u0027s Wanderer Trilogy","Marisa（F雨　魔理沙）","Minty Spire (QoL Compilation)","Quick Restart","StSLib","The Administrix","The Animator","The Bug Knight","The Cursed","The Runesmith","[地精首领爬塔]The Maniac"],"gold_per_floor":[113,113,124,2,2,45,45,94,94,125,125,180,215,290,290,415,415,415,415,415,35,35,35,35,35,35,35,35,35,35,35],"floor_reached":30,"playtime":1558,"items_purged":["Strike_MRS"],"score":391,"play_id":"cc77b1e4-913d-41a2-a674-50aaf0942b1a","local_time":"20210112231311","is_ascension_mode":false,"campfire_choices":[{"data":"WitchOfGreed","floor":11.0,"key":"SMITH"},{"data":"EscapeVelocity","floor":15.0,"key":"SMITH"},{"floor":23.0,"key":"DIG"},{"floor":25.0,"key":"DIG"},{"floor":29.0,"key":"DIG"}],"circlet_count":0,"master_deck":["Strike_MRS","Strike_MRS","Defend_MRS","Defend_MRS","Defend_MRS","Defend_MRS","MasterSpark","UpSweep","ShootingEcho","ManaConvection","WitchOfGreed+1","BlazingStar","OortCloud","EscapeVelocity+1","PulseMagic","SprinkleStarSeal","StarDustReverie","Singularity+1","MeteoricShower","WitchOfGreed","TreasureHunter"],"relics":["MiniHakkero","NeowsBlessing","Bottled Flame","Hololive_LightStick","FossilizedHelix","Ectoplasm","Nilry\u0027s Codex","Membership Card","Shovel","Letter Opener","Boot","White Beast Statue","Bag of Preparation","Nunchaku"],"acts_visited":["Exordium","TheCity"],"potions_floor_usage":[30,30,30],"damage_taken":[{"damage":0.0,"enemies":"2 Louse","floor":1.0,"turns":1.0},{"damage":0.0,"enemies":"Cultist","floor":3.0,"turns":1.0},{"damage":0.0,"enemies":"3 Sentries","floor":6.0,"turns":2.0},{"damage":9.0,"enemies":"HollowMod:MossKnight","floor":8.0,"turns":4.0},{"damage":0.0,"enemies":"Small Slimes","floor":10.0,"turns":3.0},{"damage":0.0,"enemies":"3 Sentries","floor":12.0,"turns":5.0},{"damage":0.0,"enemies":"3 Louse","floor":13.0,"turns":3.0},{"damage":0.0,"enemies":"Slime Boss","floor":16.0,"turns":3.0},{"damage":0.0,"enemies":"Spheric Guardian","floor":18.0,"turns":3.0},{"damage":0.0,"enemies":"Chosen","floor":19.0,"turns":4.0},{"damage":0.0,"enemies":"Sentry and Sphere","floor":22.0,"turns":4.0},{"damage":26.0,"enemies":"Slavers","floor":27.0,"turns":4.0},{"damage":20.0,"enemies":"3 Cultists","floor":28.0,"turns":5.0},{"damage":18,"enemies":"Gremlin Leader","floor":30,"turns":1}],"seed_played":"5311510395556371432","potions_obtained":[{"floor":6.0,"key":"Weak Potion"},{"floor":6.0,"key":"EntropicBrew"},{"floor":7.0,"key":"BottledSpark"},{"floor":7.0,"key":"LiquidMemories"},{"floor":8.0,"key":"SpeedPotion"},{"floor":10.0,"key":"StarNLove"},{"floor":13.0,"key":"StarNLove"},{"floor":13.0,"key":"LiquidBronze"},{"floor":16.0,"key":"ShroomBrew"},{"floor":16.0,"key":"DistilledChaos"},{"floor":18.0,"key":"Explosive Potion"},{"floor":19.0,"key":"CultistPotion"},{"floor":22.0,"key":"Explosive Potion"},{"floor":27.0,"key":"Regen Potion"},{"floor":27.0,"key":"Block Potion"},{"floor":28.0,"key":"SpeedPotion"},{"floor":28.0,"key":"SkillPotion"},{"floor":28.0,"key":"FearPotion"}],"is_trial":false,"path_per_floor":["M","?","M","$","?","E","?","E","T","M","R","E","M","?","R","B",null,"M","M","?","$","M","R","?","R","T","E","M","R","E"],"character_chosen":"MARISA","items_purchased":["WitchOfGreed","BlazingStar","Membership Card","Shovel","Fruit Juice"],"campfire_rested":0,"item_purchase_floors":[4,4,21,21,21],"current_hp_per_floor":[75,75,75,75,75,75,75,66,66,66,66,66,66,55,55,55,75,75,75,59,64,64,64,49,49,49,23,17,17,0,0],"gold":35,"neow_bonus":"THREE_ENEMY_KILL","is_daily":false,"chose_seed":false,"campfire_upgraded":2,"win_rate":0.0,"timestamp":1610464391,"path_taken":["M","?","?","$","?","E","?","E","T","?","R","E","M","?","R","BOSS","M","M","?","$","M","R","?","R","T","E","M","R","E"],"items_purchased_type":["Card","Card","Relic","Relic","Potion"],"build_version":"2020-12-22","purchased_purges":1,"victory":false,"max_hp_per_floor":[75,75,75,75,75,75,75,75,75,75,75,75,75,75,75,75,75,75,75,75,80,80,80,85,85,85,85,85,85,85,85],"card_choices":[{"not_picked":["6A","Acceleration"],"picked":"ShootingEcho","floor":1.0},{"not_picked":["6A","GalacticHalo"],"picked":"ManaConvection","floor":3.0},{"not_picked":["MaximisePower","DC"],"picked":"EscapeVelocity","floor":6.0},{"not_picked":["GravityBeat","ShootingEcho"],"picked":"PulseMagic","floor":8.0},{"not_picked":["GrandCross","LuminesStrike"],"picked":"SprinkleStarSeal","floor":10.0},{"not_picked":["OneTimeOff","StarlightTyphoon","PowerUp"],"picked":"SKIP","floor":12.0},{"not_picked":["ManaConvection","SprinkleStarSeal","6A"],"picked":"SKIP","floor":13.0},{"not_picked":["BigCrunch","ManaRampage"],"picked":"StarDustReverie","floor":16.0},{"not_picked":["GravityBeat","MysteriousBeam","GrandCross"],"picked":"SKIP","floor":18.0},{"not_picked":["PulseMagic","MysteriousBeam+1"],"picked":"Singularity+1","floor":19.0},{"not_picked":["6A","DC+1"],"picked":"MeteoricShower","floor":22.0},{"not_picked":["AsteroidBelt+1","SporeBomb"],"picked":"WitchOfGreed","floor":27.0},{"not_picked":["OneTimeOff","WitchOfGreed+1"],"picked":"TreasureHunter","floor":28.0}],"player_experience":662470,"relics_obtained":[{"floor":6.0,"key":"Bottled Flame"},{"floor":8.0,"key":"Hololive_LightStick"},{"floor":12.0,"key":"FossilizedHelix"},{"floor":20.0,"key":"Nilry\u0027s Codex"},{"floor":23.0,"key":"Letter Opener"},{"floor":25.0,"key":"Boot"},{"floor":26.0,"key":"White Beast Statue"},{"floor":27.0,"key":"Bag of Preparation"},{"floor":29.0,"key":"Nunchaku"}],"event_choices":[{"damage_healed":0.0,"max_hp_gain":0.0,"max_hp_loss":0.0,"gold_gain":0.0,"event_name":"NoteForYourself","player_choice":"Ignored","floor":2.0,"gold_loss":0.0,"damage_taken":0.0},{"damage_healed":0.0,"max_hp_gain":0.0,"max_hp_loss":0.0,"gold_gain":0.0,"cards_transformed":["Strike_MRS"],"event_name":"Living Wall","player_choice":"Change","floor":5.0,"gold_loss":0.0,"damage_taken":0.0,"cards_obtained":["OortCloud"]},{"damage_healed":0.0,"max_hp_gain":0.0,"max_hp_loss":0.0,"gold_gain":0.0,"event_name":"Lab","player_choice":"Got Potions","floor":7.0,"gold_loss":0.0,"damage_taken":0.0},{"damage_healed":0.0,"max_hp_gain":0.0,"max_hp_loss":0.0,"gold_gain":75.0,"event_name":"World of Goop","player_choice":"Gather Gold","floor":14.0,"gold_loss":0.0,"damage_taken":11.0},{"damage_healed":0.0,"max_hp_gain":0.0,"max_hp_loss":0.0,"gold_gain":0.0,"event_name":"Cursed Tome","player_choice":"Obtained Book","floor":20.0,"gold_loss":0.0,"damage_taken":16.0},{"damage_healed":0.0,"max_hp_gain":5.0,"max_hp_loss":0.0,"gold_gain":0.0,"event_name":"Forgotten Altar","player_choice":"Shed Blood","floor":24.0,"gold_loss":0.0,"damage_taken":20.0}],"is_beta":false,"boss_relics":[{"not_picked":["Hololive_TopUpMoneyS","Runic Pyramid"],"picked":"Ectoplasm"}],"items_purged_floors":[21],"is_endless":false,"potions_floor_spawned":[6,10,13,16,18,27,28],"killed_by":"Gremlin Leader","ascension_level":0}}