{"host":"qk06od3ap196wbz4","time":1610455839,"event":{"mods":["AchievementEnabler","Arknights The Spire","BaseMod","DeckTracker","Keyboard Shortcuts","Minty Spire (QoL Compilation)","Permanent Neow","StSLib","SuperFastMode"],"gold_per_floor":[116,134,145,158,175,175,175],"floor_reached":6,"playtime":417,"items_purged":[],"score":40,"play_id":"9d094a65-515f-4f87-85b4-f7ca3d609f52","local_time":"20210112215039","is_ascension_mode":false,"campfire_choices":[],"circlet_count":0,"master_deck":["ats:Strike C","ats:Strike G","ats:Strike S","ats:Strike V","ats:Armor Crushing Shot","ats:Defend","ats:Defend","ats:Defend","ats:Defend","ats:Emotion Absorption","ats:Revitalization","ats:Overload","ats:Flexible Camouflage","ats:Sword Rain"],"relics":["ats:Sanity"],"acts_visited":["Exordium"],"potions_floor_usage":[],"damage_taken":[{"damage":11,"enemies":"Small Slimes","floor":1,"turns":3},{"damage":31,"enemies":"Cultist","floor":2,"turns":7},{"damage":6,"enemies":"2 Louse","floor":3,"turns":3},{"damage":10,"enemies":"Looter","floor":4,"turns":3},{"damage":14,"enemies":"2 Fungi Beasts","floor":5,"turns":4},{"damage":11,"enemies":"Gremlin Nob","floor":6,"turns":2}],"seed_played":"4441699930626114021","potions_obtained":[{"floor":0,"key":"ats:Top Emergency Sanity Potion"},{"floor":0,"key":"Explosive Potion"},{"floor":0,"key":"AttackPotion"}],"is_trial":false,"path_per_floor":["M","M","M","M","M","E"],"character_chosen":"DOCTOR_CLASS","items_purchased":[],"campfire_rested":0,"item_purchase_floors":[],"current_hp_per_floor":[61,36,30,20,9,0,0],"gold":175,"neow_bonus":"THREE_SMALL_POTIONS","is_daily":false,"chose_seed":false,"campfire_upgraded":0,"win_rate":0.0,"timestamp":1610455839,"path_taken":["M","M","M","M","M","E"],"items_purchased_type":[],"build_version":"2020-12-22","purchased_purges":0,"victory":false,"max_hp_per_floor":[72,72,72,72,72,72,72],"card_choices":[{"not_picked":["ats:Curse Doll","ats:Flame Of Heaven"],"picked":"ats:Revitalization","floor":1},{"not_picked":["ats:Consecutive Shot Auto","ats:Apocalypse"],"picked":"ats:Overload","floor":2},{"not_picked":["ats:Powerful Strike","ats:Blood Oath"],"picked":"ats:Flexible Camouflage","floor":3},{"not_picked":["ats:Revitalization","ats:Soul Rend","ats:Flexible Camouflage"],"picked":"SKIP","floor":4},{"not_picked":["ats:Shadow Raid","ats:Assault Order"],"picked":"ats:Sword Rain","floor":5}],"player_experience":155763,"relics_obtained":[],"event_choices":[],"is_beta":false,"boss_relics":[],"items_purged_floors":[],"is_endless":false,"potions_floor_spawned":[4],"killed_by":"Gremlin Nob","ascension_level":0}}