{"host":"8rqsnaeml9gxb0kp","time":1610430941,"event":{"mods":["AchievementEnabler","BaseMod","Dark Map","Minty Spire (QoL Compilation)","StSLib"],"gold_per_floor":[114,114,45,59,75,101,51,62,62,34,48,82,93,18,18,18,18],"floor_reached":16,"playtime":739,"items_purged":["Strike_R"],"score":123,"play_id":"84e8e96d-220f-4607-8e1b-bc2732137308","local_time":"20210111215541","is_ascension_mode":true,"campfire_choices":[{"floor":15,"key":"REST"}],"circlet_count":0,"master_deck":["Strike_R","Strike_R","Strike_R","Defend_R","Defend_R","Defend_R","Defend_R","Bash","Pommel Strike","Corruption","Bash","Cleave","Hemokinesis","Uppercut","Wild Strike","Clothesline","Shrug It Off","Cleave","Dual Wield","Twin Strike"],"relics":["Burning Blood","Tiny Chest","Boot","Paper Frog"],"acts_visited":["Exordium"],"potions_floor_usage":[11,13],"damage_taken":[{"damage":2,"enemies":"Small Slimes","floor":1,"turns":4},{"damage":2,"enemies":"Cultist","floor":4,"turns":2},{"damage":2,"enemies":"2 Louse","floor":5,"turns":3},{"damage":33,"enemies":"Lagavulin","floor":6,"turns":5},{"damage":22,"enemies":"Exordium Wildlife","floor":8,"turns":3},{"damage":10,"enemies":"Gremlin Gang","floor":11,"turns":4},{"damage":29,"enemies":"Gremlin Nob","floor":12,"turns":4},{"damage":9,"enemies":"Large Slime","floor":13,"turns":6},{"damage":41,"enemies":"Hexaghost","floor":16,"turns":7}],"seed_played":"3123533623247103607","potions_obtained":[{"floor":4,"key":"PowerPotion"},{"floor":6,"key":"HeartOfIron"},{"floor":11,"key":"SteroidPotion"},{"floor":12,"key":"Explosive Potion"}],"is_trial":false,"path_per_floor":["M","?","$","M","M","E","?","M","T","?","M","E","M","$","R","B"],"character_chosen":"IRONCLAD","items_purchased":["Hemokinesis"],"campfire_rested":1,"item_purchase_floors":[3],"current_hp_per_floor":[88,88,88,88,88,61,61,45,45,45,41,18,15,15,41,0,0],"gold":18,"neow_bonus":"TEN_PERCENT_HP_BONUS","is_daily":false,"chose_seed":false,"campfire_upgraded":0,"win_rate":0.0,"timestamp":1610430941,"path_taken":["M","?","$","?","M","E","?","M","T","?","M","E","M","?","R","BOSS"],"items_purchased_type":["Card"],"build_version":"2020-12-22","purchased_purges":1,"victory":false,"max_hp_per_floor":[88,88,88,88,88,88,88,88,88,88,88,88,88,88,88,88,88],"card_choices":[{"not_picked":["Clash","Blood for Blood"],"picked":"Pommel Strike","floor":1},{"not_picked":["Dropkick","Havoc"],"picked":"Uppercut","floor":4},{"not_picked":["Evolve","Combust"],"picked":"Wild Strike","floor":5},{"not_picked":["Iron Wave","Inflame"],"picked":"Clothesline","floor":6},{"not_picked":["Flame Barrier","Burning Pact"],"picked":"Shrug It Off","floor":8},{"not_picked":["Havoc","True Grit"],"picked":"Cleave","floor":11},{"not_picked":["Seeing Red","Searing Blow"],"picked":"Dual Wield","floor":12},{"not_picked":["Body Slam","Second Wind"],"picked":"Twin Strike","floor":13}],"player_experience":50966,"relics_obtained":[{"floor":6,"key":"Tiny Chest"},{"floor":9,"key":"Boot"},{"floor":12,"key":"Paper Frog"}],"event_choices":[{"damage_healed":0,"gold_gain":0,"player_choice":"3 cards matched","damage_taken":0,"max_hp_gain":0,"max_hp_loss":0,"event_name":"Match and Keep!","floor":2,"gold_loss":0,"cards_obtained":["Corruption","Bash","Cleave"]},{"cards_removed":["Strike_R"],"damage_healed":0,"gold_gain":0,"player_choice":"Card Removal","damage_taken":0,"max_hp_gain":0,"max_hp_loss":0,"event_name":"The Cleric","floor":7,"gold_loss":50},{"damage_healed":0,"gold_gain":0,"player_choice":"Left Gold","damage_taken":0,"max_hp_gain":0,"max_hp_loss":0,"event_name":"World of Goop","floor":10,"gold_loss":28}],"is_beta":false,"boss_relics":[],"items_purged_floors":[14],"is_endless":false,"potions_floor_spawned":[4,6,11,12],"killed_by":"Hexaghost","ascension_level":2}}