{"host":"i0m9g0siyue4991n","time":1610494727,"event":{"mods":["100% Spire Juice","ATMod(°¢èªMod)","Act Like it!","BaseMod","BetterRewards","CapriCore","Challenge The Spire","Custom Start","Friendly Minions","Gensokyo","Marisa£¨ìFÓê¡¡Ä§ÀíÉ³£©","Minty Spire (QoL Compilation)","Quick Restart","Reimu£¨²©ÀöÁéÃÎ£©","RumiaBox-Â¶Ã×æ«µÄÉñÃØºÐ×Ó","StSLib","The Administrix","The Immortal","The Servant 0.9.4","Yakumo Yukari mod"],"gold_per_floor":[113,188,205,216,233,258,275,80,80,98,117,134,145,156,36,136,16,30,47,47,67,81,81,99,99,126,32,52,67,95,109,109,109,109],"floor_reached":33,"language":"ZHS","playtime":1816,"items_purged":["Moonworks:Strike"],"score":301,"play_id":"2a5bc95e-172e-4c15-88c7-184bf3feafd0","local_time":"20210113073847","is_ascension_mode":false,"campfire_choices":[{"data":"Moonworks:AwakeningOfTalent","floor":15,"key":"SMITH"},{"data":"Moonworks:PlushieMaster","floor":23,"key":"SMITH"},{"data":"Moonworks:Accelerator","floor":32,"key":"SMITH"}],"circlet_count":0,"master_deck":["Moonworks:Strike","Moonworks:Strike","Moonworks:Defend","Moonworks:Defend","Moonworks:Defend","Moonworks:Defend","Moonworks:Ambush","Moonworks:SweetBattle","Moonworks:MiracleRedBeanIceCream","Moonworks:IndiscriminateFireSupport","Moonworks:AwakeningOfTalent+1","Moonworks:Dinner","Moonworks:MiracleWalker","Moonworks:ScrambledEve","Moonworks:PlushieMaster+1","Moonworks:AngelHand+1","Moonworks:SealedMemories","Moonworks:NicePresent+1","Moonworks:PlushieMaster","Moonworks:Accelerator+1","Moonworks:NicePresent","Moonworks:TacticalRetreat+1"],"relics":["Moonworks:SBBomb","Moonworks:Homemark","AT_ATBox","AT_TimeSand","GodSword6","Ancient Tea Set","MagicDraw1"],"acts_visited":["Exordium","Exordium"],"potions_floor_usage":[21,33],"damage_taken":[{"damage":2.0,"enemies":"2 Louse","floor":1.0,"turns":2.0},{"damage":0,"enemies":"Jaw Worm","floor":3,"turns":4},{"damage":6,"enemies":"Cultist","floor":4,"turns":4},{"damage":0,"enemies":"3 Louse","floor":5,"turns":1},{"damage":38,"enemies":"Gremlin Nob","floor":6,"turns":5},{"damage":11,"enemies":"Red Slaver","floor":7,"turns":3},{"damage":8,"enemies":"2 Fungi Beasts","floor":10,"turns":3},{"damage":11,"enemies":"Exordium Wildlife","floor":11,"turns":6},{"damage":10,"enemies":"Exordium Thugs","floor":12,"turns":4},{"damage":0,"enemies":"Blue Slaver","floor":13,"turns":4},{"damage":3,"enemies":"3 Louse","floor":14,"turns":2},{"damage":51,"enemies":"The Guardian","floor":16,"turns":11},{"damage":0,"enemies":"Gensokyo:2_Gloops","floor":18,"turns":2},{"damage":5,"enemies":"Gensokyo:AngelMirror","floor":19,"turns":3},{"damage":0,"enemies":"Gensokyo:Wraith","floor":21,"turns":4},{"damage":0,"enemies":"Gensokyo:3_Gloops","floor":22,"turns":4},{"damage":18,"enemies":"Gensokyo:Mirror_and_Dog","floor":24,"turns":4},{"damage":13,"enemies":"Gensokyo:Reisen","floor":27,"turns":9},{"damage":22,"enemies":"Gensokyo:Monolith_and_Dog","floor":28,"turns":4},{"damage":13,"enemies":"Gensokyo:3_Gloops","floor":29,"turns":5},{"damage":11,"enemies":"Gensokyo:Koishi","floor":30,"turns":9},{"damage":17,"enemies":"Gensokyo:Mirror_and_Dog","floor":31,"turns":6},{"damage":138,"enemies":"Gensokyo:Eternal_Rivals","floor":33,"turns":11}],"seed_played":"9054693098518927261","potions_obtained":[{"floor":3,"key":"SpeedPotion"},{"floor":6,"key":"GamblersBrew"},{"floor":7,"key":"ColorlessPotion"},{"floor":12,"key":"DistilledChaos"},{"floor":16,"key":"FairyPotion"},{"floor":21,"key":"Strength Potion"},{"floor":24,"key":"Swift Potion"}],"is_trial":false,"path_per_floor":["M","?","M","M","M","E","M","$","T","M","M","M","M","M","R","B",null,"M","M","?","M","M","R","M","?","T","E","M","M","E","M","R","B"],"character_chosen":"THE_STARBREAKER","items_purchased":[],"campfire_rested":0,"item_purchase_floors":[],"current_hp_per_floor":[60,49,49,48,48,19,13,13,13,17,35,32,37,39,39,3,60,60,60,60,60,60,60,47,47,47,54,43,44,50,60,60,0,0],"gold":109,"neow_bonus":"THREE_CARDS","is_daily":false,"chose_seed":false,"campfire_upgraded":3,"win_rate":0.0,"timestamp":1610494727,"path_taken":["M","?","M","M","M","E","M","$","T","M","M","M","M","M","R","BOSS","M","M","?","M","M","R","?","?","T","E","?","M","E","M","R","BOSS"],"items_purchased_type":[],"build_version":"2020-12-22","purchased_purges":1,"victory":false,"max_hp_per_floor":[60,60,60,60,60,60,60,60,60,60,60,60,60,60,60,60,60,60,60,60,60,60,60,60,60,60,60,60,60,60,60,60,60,60],"card_choices":[{"not_picked":["Moonworks:CloudOfSeagulls","Moonworks:MiracleRedBeanIceCream"],"picked":"Moonworks:SweetBattle","floor":0.0},{"not_picked":["Moonworks:Assault","Moonworks:DeployBits","Moonworks:CloudOfSeagulls"],"picked":"SKIP","floor":1},{"not_picked":["Moonworks:SweetBattle","Moonworks:SakisCookie"],"picked":"Moonworks:MiracleRedBeanIceCream","floor":3},{"not_picked":["Moonworks:UnluckyCharm","Moonworks:Dinner"],"picked":"Moonworks:IndiscriminateFireSupport","floor":4},{"not_picked":["Moonworks:CookingTime","Moonworks:LulusLuckyEgg","Moonworks:DeployBits"],"picked":"SKIP","floor":5},{"not_picked":["Moonworks:LulusLuckyEgg","Moonworks:Assault"],"picked":"Moonworks:AwakeningOfTalent","floor":6},{"not_picked":["Moonworks:Assault","Moonworks:ImOnFire"],"picked":"Moonworks:Dinner","floor":7},{"not_picked":["Moonworks:JonathanRush","Moonworks:ImOnFire"],"picked":"Moonworks:MiracleWalker","floor":10},{"not_picked":["Moonworks:IndiscriminateFireSupport","Moonworks:JonathanRush"],"picked":"Moonworks:ScrambledEve","floor":11},{"not_picked":["Moonworks:Flamethrower","Moonworks:SakisCookie","Moonworks:IndiscriminateFireSupport"],"picked":"SKIP","floor":12},{"not_picked":["Moonworks:UnluckyCharm","Moonworks:CloudOfSeagulls","Moonworks:AngelHand"],"picked":"SKIP","floor":13},{"not_picked":["Moonworks:IndiscriminateFireSupport","Moonworks:AngelHand","Moonworks:JonathanRush"],"picked":"SKIP","floor":14},{"not_picked":["Moonworks:OutOfAmmo","Moonworks:HolyNight"],"picked":"Moonworks:PlushieMaster","floor":16},{"not_picked":["Moonworks:DeployBits","Moonworks:Assault"],"picked":"Moonworks:AngelHand+1","floor":18},{"not_picked":["Moonworks:IndiscriminateFireSupport","Moonworks:Heat300Percent","Moonworks:BigMagnum"],"picked":"SKIP","floor":19},{"not_picked":["Moonworks:ReproductionOfRecords","Moonworks:ImOnFire"],"picked":"Moonworks:SealedMemories","floor":21},{"not_picked":["Moonworks:IndiscriminateFireSupport","Moonworks:x16BigRocket"],"picked":"Moonworks:NicePresent+1","floor":22},{"not_picked":["Moonworks:SakisCookie+1","Moonworks:BindingChains","Moonworks:CloudOfSeagulls"],"picked":"SKIP","floor":24},{"not_picked":["Moonworks:SakisCookie+1","Moonworks:Assault+1"],"picked":"Moonworks:Accelerator","floor":27},{"not_picked":["Moonworks:JonathanRush","Moonworks:CookingTime"],"picked":"Moonworks:NicePresent","floor":28},{"not_picked":["Moonworks:DeployBits+1","Moonworks:BigBangBell"],"picked":"Moonworks:TacticalRetreat+1","floor":29},{"not_picked":["Moonworks:IndiscriminateFireSupport","Moonworks:ImmovableObject","Moonworks:UnluckyCharm"],"picked":"SKIP","floor":30},{"not_picked":["Moonworks:BigMagnum","Moonworks:LulusLuckyEgg","Moonworks:ImOnFire"],"picked":"SKIP","floor":31}],"player_experience":512401,"relics_obtained":[{"floor":6,"key":"AT_TimeSand"},{"floor":9,"key":"GodSword6"},{"floor":27,"key":"Ancient Tea Set"},{"floor":30,"key":"MagicDraw1"}],"event_choices":[{"damage_healed":0,"gold_gain":75,"player_choice":"Gather Gold","damage_taken":11,"max_hp_gain":0,"max_hp_loss":0,"event_name":"World of Goop","floor":2,"gold_loss":0}],"is_beta":false,"boss_relics":[{"not_picked":["Snecko Eye","SlaversCollar"],"picked":"Moonworks:SBBomb"}],"items_purged_floors":[8],"is_endless":false,"potions_floor_spawned":[3,6,7,12,16,21,24,29,30],"killed_by":"Gensokyo:Eternal_Rivals","ascension_level":0}}