{"host":"7rmsgc3rayi00cdt","time":1610478178,"event":{"mods":["BaseMod","Minty Spire (QoL Compilation)"],"gold_per_floor":[113,54,54,66,76,95,123,123,202,202,233,244,244,256,256,335,335,350,350,350,360,85,85,26,26,26],"floor_reached":25,"playtime":674,"items_purged":["Strike_B"],"score":405,"play_id":"f52b5f3d-68ef-4cd3-9beb-e19988d95f4d","local_time":"20210112190258","is_ascension_mode":true,"campfire_choices":[{"floor":8,"key":"REST"},{"floor":10,"key":"REST"},{"data":"Zap","floor":13,"key":"SMITH"},{"floor":15,"key":"REST"},{"floor":23,"key":"REST"}],"circlet_count":0,"master_deck":["AscendersBane","Strike_B","Strike_B","Strike_B","Defend_B","Defend_B+1","Defend_B+1","Defend_B","Zap+1","Dualcast","Beam Cell","Gash","Gash","Streamline","Rebound","Leap","Go for the Eyes","Core Surge","RitualDagger","Gash","Gash","Hologram"],"relics":["Cracked Core","Blood Vial","WingedGreaves","Potion Belt","Singing Bowl","Pocketwatch","Busted Crown","War Paint"],"acts_visited":["Exordium","TheCity"],"potions_floor_usage":[11,16,16,16,25],"damage_taken":[{"damage":1,"enemies":"Cultist","floor":1,"turns":3},{"damage":9,"enemies":"Small Slimes","floor":4,"turns":3},{"damage":0,"enemies":"2 Louse","floor":5,"turns":2},{"damage":16,"enemies":"Exordium Thugs","floor":6,"turns":4},{"damage":30,"enemies":"3 Sentries","floor":7,"turns":6},{"damage":30,"enemies":"Lagavulin","floor":11,"turns":5},{"damage":0,"enemies":"Blue Slaver","floor":12,"turns":3},{"damage":12,"enemies":"Large Slime","floor":14,"turns":4},{"damage":37,"enemies":"Hexaghost","floor":16,"turns":10},{"damage":31,"enemies":"2 Thieves","floor":18,"turns":4},{"damage":1,"enemies":"Spheric Guardian","floor":21,"turns":3},{"damage":61,"enemies":"Book of Stabbing","floor":25,"turns":5}],"seed_played":"3374963263646477349","potions_obtained":[{"floor":5,"key":"FearPotion"},{"floor":7,"key":"Energy Potion"},{"floor":11,"key":"SkillPotion"},{"floor":14,"key":"Block Potion"},{"floor":16,"key":"Dexterity Potion"}],"is_trial":false,"path_per_floor":["M","$","?","M","M","M","E","R","T","R","E","M","R","M","R","B",null,"M","?","?","M","$","R","$","E"],"character_chosen":"DEFECT","items_purchased":["Gash","Gash","War Paint","Hologram"],"campfire_rested":4,"item_purchase_floors":[2,22,22,24],"current_hp_per_floor":[65,65,65,58,60,46,18,39,39,60,34,36,36,28,50,15,60,33,27,27,30,30,53,53,0,0],"gold":26,"neow_bonus":"RANDOM_COMMON_RELIC","is_daily":false,"chose_seed":false,"campfire_upgraded":1,"win_rate":0.0,"timestamp":1610478178,"path_taken":["M","?","?","M","M","?","E","R","T","R","E","M","R","M","R","BOSS","M","?","?","?","$","R","$","E"],"items_purchased_type":["Card","Card","Relic","Card"],"build_version":"2020-12-22","purchased_purges":1,"victory":false,"max_hp_per_floor":[71,71,71,71,71,71,71,71,71,71,73,73,73,75,75,75,75,77,77,77,79,79,79,79,79,79],"card_choices":[{"not_picked":["Cold Snap","Barrage"],"picked":"Beam Cell","floor":1},{"not_picked":["Reboot","Stack"],"picked":"Gash","floor":4},{"not_picked":["Compile Driver","Hologram"],"picked":"Streamline","floor":5},{"not_picked":["Turbo","Doom and Gloom"],"picked":"Rebound","floor":6},{"not_picked":["Thunder Strike","Chaos"],"picked":"Leap","floor":7},{"not_picked":["Ball Lightning","Coolheaded","Self Repair"],"picked":"Singing Bowl","floor":11},{"not_picked":["Chaos","Lockon"],"picked":"Go for the Eyes","floor":12},{"not_picked":["Machine Learning","Beam Cell","Melter"],"picked":"Singing Bowl","floor":14},{"not_picked":["Fission","Multi-Cast"],"picked":"Core Surge","floor":16},{"not_picked":["Beam Cell"],"picked":"Singing Bowl","floor":18},{"not_picked":["Reprogram"],"picked":"Singing Bowl","floor":21}],"player_experience":761605,"relics_obtained":[{"floor":3,"key":"WingedGreaves"},{"floor":7,"key":"Potion Belt"},{"floor":9,"key":"Singing Bowl"},{"floor":11,"key":"Pocketwatch"}],"event_choices":[{"damage_healed":0,"gold_gain":0,"player_choice":"Relic","damage_taken":0,"max_hp_gain":0,"max_hp_loss":0,"event_name":"Wheel of Change","floor":3,"gold_loss":0},{"damage_healed":0,"gold_gain":0,"player_choice":"Joined the Cult","damage_taken":6,"max_hp_gain":0,"max_hp_loss":0,"event_name":"Nest","floor":19,"gold_loss":0,"cards_obtained":["RitualDagger"]},{"damage_healed":0,"gold_gain":0,"player_choice":"Read","damage_taken":0,"max_hp_gain":0,"max_hp_loss":0,"event_name":"The Library","floor":20,"gold_loss":0,"cards_obtained":["Gash"]}],"is_beta":false,"boss_relics":[{"not_picked":["Empty Cage","FrozenCore"],"picked":"Busted Crown"}],"items_purged_floors":[22],"is_endless":false,"potions_floor_spawned":[5,7,11,14,16],"killed_by":"Book of Stabbing","ascension_level":16}}