{"host":"iq6tbtp5mk4vf216","time":1610449347,"event":{"mods":["BaseMod","BetterRewards","Colored Map","Colored Powertips","Downfall","Duelist Mod","Minty Spire (QoL Compilation)","Rare Cards Sparkle","Replay The Spire","StSLib","The Hierophant","The Jungle","The Necromancer","The Poker Player"],"gold_per_floor":[140,315,14,33,33,65,85,85,109,135,148,148,173,186,186,285,285,297,316,328,328,338,338,338,354,354,369,369,369,369],"floor_reached":29,"playtime":3884,"items_purged":["Doubt"],"score":272,"play_id":"8f62f9e8-9d33-4fcd-87f3-2e7ab5b4df8f","local_time":"20210112040227","is_ascension_mode":false,"campfire_choices":[{"data":"theDuelist:SwordDeepSeated","floor":8,"key":"SMITH"},{"data":"theDuelist:KamionTimelord","floor":12,"key":"SMITH"},{"floor":15,"key":"DIG"},{"floor":24,"key":"REST"}],"circlet_count":0,"master_deck":["theDuelist:WhiteHowling","theDuelist:BeaverWarrior","theDuelist:BeaverWarrior","theDuelist:CastleWalls","theDuelist:CastleWalls","theDuelist:FinalFlame","theDuelist:GiantSoldier","theDuelist:GiantSoldier","theDuelist:ScrapFactory","theDuelist:Sparks","theDuelist:Sparks","theDuelist:KamionTimelord+1","theDuelist:GraniteLoyalist","theDuelist:YamiForm","theDuelist:LegendHeart","theDuelist:Invigoration+1","theDuelist:GiantSoldier","theDuelist:GiantSoldierSteel+1","theDuelist:SwordDeepSeated+1","Pot Of Greed","Pot Of Greed","theDuelist:ReinforcementsArmy","theDuelist:MeteorDestruction","theDuelist:BattleFootballer","theDuelist:LegendarySword","theDuelist:RainbowKuriboh","theDuelist:SwordsConcealing+1","Pot Of Greed","theDuelist:AfterTheStorm","theDuelist:LightningRodLord","theDuelist:WormBarses","theDuelist:RainbowOverdragon","theDuelist:Hinotama"],"relics":["theDuelist:MillenniumPuzzle","theDuelist:CardPoolRelic","theDuelist:CardPoolBasicRelic","theDuelist:BoosterPackPoolRelic","theDuelist:CardPoolAddRelic","theDuelist:CardPoolMinusRelic","theDuelist:CardPoolSaveRelic","theDuelist:CardPoolOptionsRelic","NeowsBlessing","Nunchaku","Grinning Jar","War Paint","Shovel","Replay:Bottled Steam","Sozu","theDuelist:YugiMirror"],"acts_visited":["Exordium","Exordium"],"potions_floor_usage":[10,16,16],"damage_taken":[{"damage":0,"enemies":"Small Slimes","floor":1,"turns":1},{"damage":0,"enemies":"Cultist","floor":4,"turns":1},{"damage":0,"enemies":"Replay:BlueRogue","floor":6,"turns":1},{"damage":0,"enemies":"Jaw Worm","floor":7,"turns":4},{"damage":8,"enemies":"Gremlin Nob","floor":10,"turns":4},{"damage":10,"enemies":"Gremlin Gang","floor":11,"turns":4},{"damage":5,"enemies":"Replay:BlueRogue","floor":13,"turns":7},{"damage":6,"enemies":"Blue Slaver","floor":14,"turns":2},{"damage":17,"enemies":"Slime Boss","floor":16,"turns":6},{"damage":3,"enemies":"theJungle:MUSHROOMGANG","floor":18,"turns":7},{"damage":45,"enemies":"Shell Parasite","floor":19,"turns":15},{"damage":0,"enemies":"Snake Plant","floor":20,"turns":5},{"damage":23,"enemies":"theJungle:2_Flameangoes","floor":22,"turns":7},{"damage":0,"enemies":"theJungle:SlimyTreeVines","floor":25,"turns":6},{"damage":16,"enemies":"theJungle:JungleHuntersEncounter","floor":27,"turns":6},{"damage":46,"enemies":"theJungle:MamaSnecko","floor":29,"turns":4}],"seed_played":"6788174133384648246","potions_obtained":[{"floor":1,"key":"BlessingOfTheForge"},{"floor":4,"key":"champ:CounterPotion"},{"floor":13,"key":"Guardian:BlockOnCardUsePotion"},{"floor":14,"key":"ColorlessPotion"}],"is_trial":false,"path_per_floor":["M","?","$","M","?","E","M","R","T","E","M","R","E","M","R_BF","B",null,"M","M","M","?","M","?","R","M","T","M","?","E"],"character_chosen":"THE_DUELIST","items_purchased":["theDuelist:GraniteLoyalist","theDuelist:YamiForm"],"campfire_rested":1,"item_purchase_floors":[3,3],"current_hp_per_floor":[80,80,80,80,80,80,80,80,80,72,62,62,57,51,51,34,80,77,32,32,32,9,9,33,39,39,23,23,0,0],"gold":369,"neow_bonus":"THREE_ENEMY_KILL","is_daily":false,"chose_seed":false,"campfire_upgraded":2,"win_rate":0.0,"timestamp":1610449347,"path_taken":["M","?","$","M","?","E","?","R","T","E","M","R","E","M","R_BF","BOSS","M","M","M","?","M","?","R","?","T","M","?","E"],"items_purchased_type":["Card","Card"],"build_version":"2020-12-22","purchased_purges":1,"victory":false,"max_hp_per_floor":[80,80,80,80,80,80,80,80,80,80,80,80,80,80,80,80,80,80,80,80,80,80,80,80,80,80,80,80,80,80],"card_choices":[{"not_picked":["theDuelist:Wildfire","theDuelist:InstantFusion","theDuelist:GravityLash","theDuelist:AmuletAmbition"],"picked":"theDuelist:KamionTimelord","floor":1},{"not_picked":["theDuelist:LightningVortex","theDuelist:Sangan","theDuelist:CircleFireKings","theDuelist:SolarWindJammer"],"picked":"theDuelist:LegendHeart","floor":4},{"not_picked":["theDuelist:GraniteLoyalist","theDuelist:EvilswarmHeliotrope","theDuelist:GiantTrapHole","theDuelist:FluteKuriboh"],"picked":"theDuelist:GiantSoldierSteel","floor":6},{"not_picked":["theDuelist:CoreBlaster","theDuelist:BigFire","theDuelist:PowerKaishin","theDuelist:SpellShatteringArrow"],"picked":"theDuelist:SwordDeepSeated","floor":7},{"not_picked":["theDuelist:DestroyerGolem","theDuelist:MagicalStone","theDuelist:PurplePainOni","theDuelist:BattleguardKing"],"picked":"theDuelist:ReinforcementsArmy","floor":10},{"not_picked":["theDuelist:OnslaughtFireKings","theDuelist:SpiritHarp","theDuelist:MagnumShield","theDuelist:GravityAxe"],"picked":"theDuelist:MeteorDestruction","floor":11},{"not_picked":["theDuelist:AncientGearFist","theDuelist:CrystalBlessing","theDuelist:SilentDoom","theDuelist:DarkFactory"],"picked":"theDuelist:BattleFootballer","floor":13},{"not_picked":["theDuelist:SpellShatteringArrow","theDuelist:CombinationAttack","theDuelist:ScrapFactory","theDuelist:DarkBurningAttack"],"picked":"theDuelist:LegendarySword","floor":14},{"not_picked":["theDuelist:RainbowNeos","theDuelist:KamionTimelord","theDuelist:Eva","theDuelist:RainbowOverdragon"],"picked":"theDuelist:RainbowKuriboh","floor":16},{"not_picked":["theDuelist:YamiForm+1","theDuelist:SwordsRevealing+1","theDuelist:LightningBlade+1","theDuelist:FeatherShot"],"picked":"theDuelist:SwordsConcealing+1","floor":18},{"not_picked":["theDuelist:RainbowNeos","theDuelist:KamionTimelord","theDuelist:HappyLover","theDuelist:Eva"],"picked":"theDuelist:RainbowOverdragon","floor":19},{"not_picked":["theDuelist:MeteorDestruction","theDuelist:WhiteMagicalHat","theDuelist:Eva","theDuelist:SpellShatteringArrow"],"picked":"theDuelist:AfterTheStorm","floor":20},{"not_picked":["theDuelist:MudGolem","theDuelist:RainbowOverdragon","theDuelist:WingedKuriboh","theDuelist:GauntletWarrior"],"picked":"theDuelist:LightningRodLord","floor":22},{"not_picked":["theDuelist:ClearKuriboh","theDuelist:DarklordSuperbia","theDuelist:ScrapFactory+1","theDuelist:LightningRodLord"],"picked":"theDuelist:WormBarses","floor":25},{"not_picked":["theDuelist:SpellShatteringArrow","theDuelist:MeteorDestruction","theDuelist:CoreBlaster","theDuelist:MythicalBeast"],"picked":"theDuelist:Hinotama","floor":27}],"player_experience":649637,"relics_obtained":[{"floor":6,"key":"Nunchaku"},{"floor":9,"key":"Grinning Jar"},{"floor":10,"key":"War Paint"},{"floor":13,"key":"Shovel"},{"floor":15,"key":"Replay:Bottled Steam"},{"floor":26,"key":"theDuelist:YugiMirror"}],"event_choices":[{"damage_healed":0,"gold_gain":175,"player_choice":"AGREE","damage_taken":0,"max_hp_gain":0,"max_hp_loss":0,"event_name":"Liars Game","floor":2,"gold_loss":0,"cards_obtained":["Doubt"]},{"damage_healed":0,"gold_gain":0,"player_choice":"2 cards matched","damage_taken":0,"max_hp_gain":0,"max_hp_loss":0,"event_name":"Match and Keep!","floor":5,"gold_loss":0,"cards_obtained":["theDuelist:Invigoration","theDuelist:GiantSoldier"]},{"total_magic_score":104,"gold_gain":0,"duelist":true,"damage_taken":0,"relics_obtained":[],"points":6,"max_hp_gain":0,"max_hp_loss":0,"spent_points":{"magic":0,"greed":0,"war":0,"power":1,"hunger":0},"event_name":"Nameless Tomb","floor":21,"gold_loss":0,"cards_obtained":[]},{"damage_healed":0,"gold_gain":0,"player_choice":"Got Potions","damage_taken":0,"max_hp_gain":0,"max_hp_loss":0,"event_name":"Lab","floor":23,"gold_loss":0},{"damage_healed":0,"gold_gain":0,"player_choice":"Traded Rainbow Overdragon for White Howling","duelist":true,"damage_taken":0,"max_hp_gain":0,"max_hp_loss":0,"event_name":"Card Trader","floor":28,"gold_loss":0}],"is_beta":false,"boss_relics":[{"not_picked":["theDuelist:ElectricKey","Runic Cube"],"picked":"Sozu"}],"items_purged_floors":[3],"is_endless":false,"potions_floor_spawned":[1,4,13,14,18,25],"killed_by":"theJungle:MamaSnecko","ascension_level":0}}