{"host":"w3q5ijqu8eoknil3","time":1610411295,"event":{"mods":["AchievementEnabler","BaseMod","Block Reminder","Colored Powertips","Curses Come First","Minty Spire (QoL Compilation)","Quick Restart","Relic Stats","StSLib","ojb\u0027s Better Paths Mod","ojb\u0027s Info Mod","slay the spire mod where everything is the same but ironclad has a cowboy hat"],"gold_per_floor":[366,382,55,74,92,92,92],"floor_reached":6,"playtime":378,"items_purged":[],"score":72,"play_id":"882bf4f5-986e-4f51-b73a-543eaa49ba1c","local_time":"20210112002815","is_ascension_mode":true,"campfire_choices":[],"circlet_count":0,"master_deck":["AscendersBane","Strike_G","Strike_G","Strike_G","Strike_G","Strike_G","Defend_G","Defend_G","Defend_G","Defend_G","Defend_G","Survivor","Neutralize","Dagger Spray","Footwork","Noxious Fumes","Malaise","Sucker Punch","Deadly Poison","Venomology","Doppelganger","Finisher"],"relics":["Ring of the Snake","Orrery"],"acts_visited":["Exordium"],"potions_floor_usage":[5,5,5,6,6],"damage_taken":[{"damage":7,"enemies":"Cultist","floor":1,"turns":6},{"damage":12,"enemies":"Small Slimes","floor":2,"turns":4},{"damage":4,"enemies":"2 Louse","floor":4,"turns":3},{"damage":7,"enemies":"Exordium Wildlife","floor":5,"turns":6},{"damage":31,"enemies":"Gremlin Nob","floor":6,"turns":3}],"seed_played":"-922073270931450448","potions_obtained":[{"floor":2,"key":"Strength Potion"},{"floor":5,"key":"ColorlessPotion"}],"is_trial":false,"path_per_floor":["M","M","$","M","M","E"],"character_chosen":"THE_SILENT","items_purchased":["Orrery","Venomology"],"campfire_rested":0,"item_purchase_floors":[3,3],"current_hp_per_floor":[52,40,40,36,29,0,0],"gold":92,"neow_bonus":"TWO_FIFTY_GOLD","is_daily":false,"chose_seed":false,"campfire_upgraded":0,"win_rate":0.0,"timestamp":1610411295,"path_taken":["M","M","$","?","M","E"],"items_purchased_type":["Relic","Card"],"build_version":"2020-12-22","purchased_purges":0,"victory":false,"max_hp_per_floor":[60,60,60,60,60,60,60],"relic_stats":{"counters":[5,22],"obtain_stats":[{"Orrery":3,"Ring of the Snake":0},{"Orrery":2,"Ring of the Snake":0},{"Orrery":10,"Ring of the Snake":0}],"Ring of the Snake":[10]},"card_choices":[{"not_picked":["Quick Slash","Backflip"],"picked":"Dagger Spray","floor":1},{"not_picked":["Outmaneuver","Dagger Throw"],"picked":"Footwork","floor":2},{"not_picked":["Accuracy","Cloak And Dagger"],"picked":"Noxious Fumes","floor":3},{"not_picked":["Slice","Flechettes"],"picked":"Malaise","floor":3},{"not_picked":["Distraction","Deadly Poison"],"picked":"Sucker Punch","floor":3},{"not_picked":["Outmaneuver","Heel Hook"],"picked":"Deadly Poison","floor":3},{"not_picked":["Deflect","Sucker Punch"],"picked":"Doppelganger","floor":4},{"not_picked":["Underhanded Strike","Sucker Punch"],"picked":"Finisher","floor":5}],"player_experience":964109,"relics_obtained":[],"event_choices":[],"is_beta":false,"boss_relics":[],"items_purged_floors":[],"is_endless":false,"potions_floor_spawned":[2,5],"killed_by":"Gremlin Nob","ascension_level":18}}